2550 3959
616 248 845 310 LIBER
873 248 1086 309 XXVI.
1133 248 1298 309 CAP.
1327 258 1416 311 41.
1462 256 1532 323 [a.
1558 258 1621 310 c.
1647 257 1773 323 210]-
2046 250 2168 313 149

202 402 527 477 iunxisset,
569 400 797 463 nullum
828 400 946 461 iam
974 416 1195 461 nomen
1228 406 1395 463 esset
1420 398 1634 477 populi
1663 400 1940 477 Romani,
1984 402 2167 465 ductu

206 486 611 565 auspicioque
630 486 821 563 patris
844 485 961 544 mei
985 482 1305 545 obstitistis
1323 510 1339 555 ς
1365 484 1554 545 ethae
1575 485 1886 545 secundae
1907 501 2008 547 res
2031 486 2167 547 illas

206 574 506 634 adversas
538 570 991 631 sustinuerunt..
1034 584 1198 630 nunc
1222 568 1592 643 benignitate
1622 570 1804 631 deum
1836 570 2040 629 omnia
2069 586 2166 631 se·

207 656 427 731 cunda,
458 670 780 731 prospera,
809 652 868 712 in
900 652 1034 713 dies
1064 652 1316 714 laetiora
1347 668 1420 712 ac
1446 654 1698 716 meliora
1725 654 1785 713 in
1817 653 1989 715 Italia
2017 652 2166 714 Sici·

206 743 409 816 liaque
436 745 758 815 geruntur3
788 736 850 797 in
875 735 1081 797 Sicilia
1104 735 1454 816 Syracusae
1475 738 1870 813 Agrigentum
1901 743 2166 813 captum,

209 824 367 901 pulsi
411 829 539 883 tota
576 822 773 883 insula
813 820 1025 882 hostes
1066 828 1440 897 receptaque
1479 822 1797 897 provincia
1822 822 1884 881 in
1926 822 2168 883 dicione

209 906 420 987 populi
444 906 703 967 Romani
746 911 873 975 est;
920 904 1177 965 initalia
1206 905 1360 981 Arpi
1401 906 1654 982 recepti,
1703 904 1914 983 Capua
1953 912 2165 983 eapta;

209 994 321 1055 iter
360 1006 543 1053 omne
572 990 647 1051 ab
688 988 842 1051 urbe
866 989 1061 1051 Roma
1089 990 1329 1065 trepida
1357 989 1502 1065 fuga
1529 1004 1816 1052 emensus
1847 990 2168 1067 Hannibal,

208 1077 265 1138 in
308 1081 649 1137 extremum
687 1074 975 1150 angulum
1018 1074 1145 1150 agri
1172 1072 1385 1135 Bruttii
1430 1075 1818 1149 compulsuS,
1858 1074 2006 1133 nihil
2048 1075 2168 1134 iam

210 1160 406 1221 maius
432 1164 715 1235 precatur
735 1158 909 1233 deoS,
944 1174 1125 1234 quam
1153 1165 1219 1219 ut
1240 1157 1524 1218 incolumi
1549 1158 1770 1217 cedere
1793 1164 1980 1234 atque
2000 1158 2170 1219 abire

209 1261 284 1305 ex
312 1244 582 1304 hostium
610 1250 773 1303 terra
804 1242 995 1303 liceat.
1064 1241 1208 1315 quid
1239 1242 1420 1317 igitur
1445 1242 1645 1301 minus
1675 1242 2016 1317 conveniat,
2059 1242 2168 1301 mi·

210 1329 376 1403 liteS,
422 1343 637 1404 quam,
682 1342 819 1388 cum
862 1325 1019 1387 aliae
1048 1341 1236 1402 super
1275 1326 1429 1395 alias
1461 1325 1669 1386 clades
1701 1327 2164 1401 cumularentur,

210 1428 280 1472 ac
310 1412 381 1474 di
406 1426 605 1489 prope
634 1412 752 1487 ipsi
783 1424 918 1473 cum
946 1410 1288 1471 Hannibale
1316 1416 1576 1485 starent,
1619 1426 1734 1472 vos
1765 1409 1864 1469 hic
1893 1425 2030 1471 cum
2057 1425 2167 1485 pa-

208 1496 481 1557 rentibus
512 1495 664 1555 meis
692 1526 778 1538 —-
799 1500 1137 1570 aequentur
1157 1494 1318 1555 enim
1341 1492 1520 1555 etiam
1541 1492 1776 1555 honore
1799 1494 2059 1555 nominis
2087 1525 2168 1538 -—-

208 1580 582 1642 sustinuisse
610 1579 911 1639 labantem
940 1579 1243 1640 fortunam
1272 1578 1484 1655 populi
1508 1578 1801 1650 Romani;
1835 1593 1996 1638 nunc
2025 1593 2166 1639 eos—

210 1666 382 1740 dem,
428 1664 569 1740 quia
597 1664 720 1723 illic
748 1663 951 1727 omnia
982 1663 1257 1724 secunda
1287 1663 1568 1739 laetaque
1597 1670 1769 1738 sunt,
1813 1662 2031 1723 animis
2063 1662 2168 1721 de-

210 1750 441 1809 ficere?
496 1762 693 1824 nuper
732 1762 981 1824 quoque
1010 1762 1168 1823 quae
1208 1746 1588 1819 acciderunt,
1630 1746 1858 1807 utinam
1883 1752 2005 1807 tam
2035 1746 2170 1806 sine

210 1848 349 1893 meo
391 1833 553 1893 luctu
595 1846 776 1908 quam
825 1836 1015 1893 vestro
1064 1828 1447 1892 transissent!
1487 1846 1647 1891 nunc
1683 1830 1774 1891 dii
1813 1830 2171 1891 immortates

210 1918 453 1995 imperii
479 1916 740 1978 Romani
762 1916 1077 1991 praesides
1092 1962 1106 1989 ,
1148 1918 1252 1991 qui
1279 1916 1560 1977 centuriis
1596 1914 1886 1990 omnibus,
1929 1920 1996 1980 ut
2026 1915 2174 1975 mihi

210 2003 523 2079 imperinm
554 2002 821 2062 iuberent
838 2000 982 2061 dari
992 1999 1173 2073 suere
1193 2006 1490 2073 auctores,
1533 2000 1712 2061 iidem
1744 2001 2015 2074 ancariis
2049 2015 2169 2058 au-

212 2087 530 2162 spicasque
560 2090 618 2145 et
636 2101 755 2160 per
792 2090 1106 2145 nocturnos
1124 2086 1302 2145 etiam
1321 2086 1479 2145 visus
1499 2086 1695 2145 omnia
1717 2084 1874 2145 laeta
1907 2100 1985 2145 ac
2005 2098 2176 2159 pro-.

214 2186 394 2245 spera
422 2169 801 2245 portendunt.
864 2170 1098 2229 animus
1120 2184 1347 2243 quoque
1367 2185 1544 2241 meas,
1595 2170 1893 2229 maximus
1923 2169 2072 2227 mihi
2087 2166 2176 2227 ad

212 2256 325 2315 hoc
348 2260 575 2331 tempus
594 2258 755 2314 vates
768 2298 783 2324 ,
822 2254 1137 2329 praesaqit
1152 2258 1414 2313 nostram
1435 2252 1792 2327 Hispaniam
1813 2268 1938 2313 esse
1953 2299 1967 2325 ,
2011 2252 2176 2311 brevi

214 2344 461 2399 extorre
491 2337 631 2397 hinc
663 2352 831 2397 omne
862 2337 1152 2397 Punicum
1185 2352 1394 2397 nomen
1415 2338 1614 2397 maria
1645 2344 1952 2410 terrasque
1978 2334 2170 2409 foeda

212 2422 370 2496 fuya
387 2422 783 2497 impleturum.
837 2419 998 2495 quod
1014 2436 1177 2481 mens
1198 2436 1310 2481 sua
1330 2426 1532 2495 sponte
1559 2420 1802 2493 divinat,
1846 2422 2000 2479 idem
2023 2419 2168 2497 suh-5

216 2508 319 2565 icit
337 2506 495 2565 ratio
516 2503 687 2563 haud
696 2502 925 2577 falmx.
987 2506 1191 2563 vexati
1208 2504 1286 2563 ab
1316 2505 1391 2563 iis
1408 2505 1554 2563 socii
1571 2508 1832 2564 nostram
1846 2504 2027 2575 fidem
2051 2518 2172 2575 per

216 2592 442 2663 levatos
472 2590 828 2663 implorant:
868 2593 988 2648 tres
1008 2588 1187 2648 duces
1221 2586 1644 2659 discordantes,
1679 2602 1875 2661 prope
1893 2592 1961 2646 ut
1991 2584 2171 2658 dese-

217 2674 411 2733 cerint
431 2673 543 2731 alii
558 2672 635 2731 ab
655 2673 809 2745 aliis,
854 2670 1163 2745 trifariam
1184 2673 1509 2732 exercitum
1531 2672 1594 2731 in
1618 2670 1884 2731 diversas
1902 2672 2173 2743 reqiones

219 2757 592 2817 distraxere.-
632 2756 839 2816 eadem
862 2756 924 2814 in
958 2758 1089 2815 ilios
1120 2756 1348 2829 inaruit
1358 2753 1612 2827 fortuna
1626 2799 1640 2828 ,
1682 2770 1836 2830 quae
1855 2770 2048 2827 nuper
2067 2767 2174 2812 nos

220 2840 493 2915 adflixit,
538 2854 677 2900 nam
698 2844 758 2899 ct
776 2839 1127 2900 deseruntur
1160 2840 1237 2900 ab
1256 2840 1430 2899 sociis
1443 2884 1458 2911 ‚
1499 2844 1566 2898 ut
1574 2840 1754 2913 prius
1776 2838 1854 2896 αὔ
1875 2836 2175 2897 Celtiberis

221 2939 343 3001 nos,
383 2928 446 2983 et
462 2923 757 2983 diduxere
780 2926 1099 2995 exercitus,
1134 2938 1289 2997 quae
1305 2923 1476 2997 patri
1482 2929 1820 2997 patruoque
1841 2937 1966 2981 meo
1987 2935 2176 2981 causa

220 3008 395 3067 exitii
417 3005 561 3079 suit.
634 3023 745 3067 nec
779 3006 1081 3067 discordia
1113 3008 1388 3067 intestina
1410 3008 1570 3067 coire
1589 3008 1770 3067 cosin
1801 3022 1883 3065 un
1891 3020 1986 3065 um
2006 3007 2173 3079 sinet,

222 3106 413 3165 neque
432 3090 655 3164 sinauli
670 3092 833 3151 uobis
852 3091 1123 3151 resistere
1135 3095 1431 3165 poterunt.
1474 3106 1572 3151 vos
1592 3090 1780 3163 mode,
1806 3090 2031 3161 milites,
2054 3087 2174 3161 sa·-

222 3178 346 3235 vete
378 3176 605 3234 nomini
622 3171 977 3249 Scipionum,
1016 3174 1207 3234 suboli
1232 3176 1656 3249 imperatorum
1679 3178 2000 3233 vestrorum
2023 3174 2179 3231 velut

224 3258 439 3319 accisis
466 3260 824 3318 recrescenti
850 3256 1145 3333 stirpibus.
1202 3258 1388 3331 aqite,
1433 3258 1642 3317 milites
1674 3262 1922 3329 veteres,
1965 3270 2175 3315 novum

224 3341 551 3403 exercitum
591 3355 914 3416 novumque
957 3341 1161 3401 ducem
1203 3341 1497 3401 traducite
1526 3340 1812 3403 Hiberum
1826 3387 1840 3413 ,
1884 3340 2178 3399 traducite

224 3428 287 3485 in
308 3430 507 3485 terras
525 3440 659 3485 cam
679 3426 873 3485 multis
886 3424 1145 3497 sortibus
1161 3424 1347 3496 factis
1367 3439 1545 3499 saepe
1565 3440 1604 3483 a
1625 3422 1781 3483 vobis
1789 3429 2177 3499 perayratas.

224 3508 392 3570 brevi
400 3505 637 3581 faciam
658 3513 737 3583 ut,
782 3524 949 3583 quem
973 3508 1059 3568 ad
1077 3506 1309 3567 modum
1333 3508 1628 3567 noscitatis
1649 3508 1709 3566 in
1729 3522 1822 3567 me
1833 3508 2034 3583 patris
2051 3522 2137 3581 pa
2167 3512 2172 3523 “
