2550 3959
346 216 469 279 294
664 215 895 277 LIBER
915 214 1123 275 xxix.
1152 212 1318 274 CAP.
1345 220 1430 273 14.
1457 220 1543 273 15.
1575 219 1650 284 [a.
1677 217 1746 272 U.
1771 234 1818 269 c.
1842 216 1968 283 548]

346 385 751 447 praegressus
802 375 1071 429 actutum
1108 362 1174 427 in
1216 364 1390 428 Italia
1440 365 1573 428 rore
1622 364 2038 443 nuntiaverat,
2083 382 2306 429 recens

344 452 593 515 nuntius
622 453 835 513 aderat
860 448 1225 513 Tarracinae
1252 448 1376 511 iam
1405 465 1570 511 esse.
1640 449 1807 511 haud
1837 455 2068 525 parv'ae
2094 466 2184 513 rei
2215 453 2310 514 iu-

343 536 569 600 dicium
599 543 879 598 senatum
908 535 1170 608 tenebat,
1204 533 1310 611 qui
1338 531 1434 593 vir
1454 532 1721 609 optimus
1749 533 1814 595 in
1837 531 2082 595 civitate
2104 550 2278 598 esset
2296 558 2310 572 ·

340 638 550 683 veram
594 630 760 682 certe
797 616 1116 680 victoriam
1156 616 1294 691 eius
1335 617 1425 679 rei
1467 616 1586 679 sibi
1617 618 1884 695 quisque
1911 618 2093 679 malle
2123 636 2312 693 quam

340 707 467 767 ulla
502 704 761 781 imperia
800 703 1155 764 honoresve
1196 700 1494 778 suffragio
1538 718 1652 764 seu
1691 710 1937 778 patrum
1965 718 2079 763 seu
2108 702 2310 778 plebis

341 791 601 851 delatos.
642 787 709 846 P.
736 784 1092 864 Scipionem
1120 786 1224 847 Cn.
1255 784 1450 849 fllium
1477 786 1630 861 eiuS,
1663 785 1858 863 quiin
1878 785 2178 862 Hispania
2207 803 2310 848 ce·

341 872 592 946 ciderat,
624 871 1085 932 adolescentem
1111 870 1387 931 nondum
1418 868 1854 946 quaestorium,
1885 869 2311 933 iudicaverunt

340 958 401 1017 in
428 964 557 1018 tota
599 953 842 1017 civitate
869 953 1070 1015 virum
1097 956 1404 1017 bonorum
1432 954 1728 1030 optimum
1755 970 1920 1017 esse.
1985 953 2052 1015 id
2082 954 2309 1032 quibus

338 1040 663 1101 virtutibus
692 1028 923 1100 inducti
951 1038 1036 1100 ita
1060 1037 1404 1111 iudicarint,
1437 1037 1598 1101 sicut
1624 1039 1910 1102 traditum
1937 1054 1976 1097 a
2001 1038 2307 1115 proximis

339 1124 669 1195 memoriae
710 1132 1056 1199 temporum
1096 1124 1341 1185 illorum
1369 1122 1776 1198 scriptoribus
1803 1123 2005 1184 libens
2033 1122 2307 1199 posteris

339 1208 672 1281 traderem,
712 1206 798 1269 ita
840 1222 1011 1269 meas
1043 1207 1372 1285 opiniones
1403 1205 1812 1268 coniectando
1841 1222 1973 1267 rem
2003 1216 2308 1270 vetustate

337 1293 618 1355 obrutam
646 1308 771 1353 non
798 1290 1205 1367 interponam.
1249 1290 1317 1350 P.
1348 1290 1669 1352 Cornelius
1699 1308 1838 1353 eum
1861 1288 2148 1356 omnibus
2177 1307 2306 1353 ma-

338 1375 530 1438 tronis
564 1375 795 1437 Ostiam
822 1374 915 1438 ire
942 1374 1154 1437 iussus
1186 1375 1430 1435 obviam
1460 1376 1633 1447 deae,
1665 1375 1847 1451 isque
1875 1390 2010 1435 eam
2039 1375 2118 1436 de
2147 1390 2306 1437 nave

338 1461 624 1535 accipere
664 1458 815 1522 etin
857 1466 1081 1521 terram
1122 1460 1344 1521 elatam
1371 1457 1615 1519 tradere
1645 1460 1962 1521 ferendam
1989 1458 2306 1521 matronis.

339 1552 673 1620 postquam·
711 1544 889 1605 navis
919 1544 1000 1604 ad
1031 1543 1255 1605 ostium
1283 1543 1480 1604 amnis
1510 1542 1775 1603 Tiberini
1805 1542 2103 1617 accessit,
2146 1540 2308 1604 sieut

338 1633 468 1689 erat
494 1626 707 1689 iussus
724 1674 739 1701 ,
766 1625 833 1687 in
862 1628 1061 1688 salum
1090 1641 1248 1687 nave
1276 1634 1531 1689 evectus
1561 1627 1638 1687 ab
1668 1625 2097 1689 sacerdotibus
2126 1625 2306 1687 deam

314 1710 577 1788 accepit
604 1712 942 1788 extulitque
970 1711 1033 1773 in
1064 1718 1306 1773 terram.
1351 1717 1669 1772 matronae
1693 1710 1998 1787 primores
2023 1707 2307 1785 civitatis,

338 1796 496 1857 inter
527 1812 684 1872 quas
711 1794 897 1857 unius
931 1794 1222 1857 Claudiae
1253 1796 1508 1869 Quintae
1537 1790 1780 1872 insigne
1808 1802 1904 1856 est
1929 1810 2176 1870 nomen,
2202 1809 2297 1855 ac·

338 1895 594 1955 cepere3
642 1880 741 1941 cui
783 1878 998 1953 dubia,
1039 1885 1108 1940 ut
1149 1880 1436 1952 traditur,
1477 1885 1661 1941 antea
1687 1880 1848 1941 lama
1875 1878 2196 1939 clariorem
2223 1878 2306 1938 ad

338 1959 625 2041 posteros
674 1972 798 2025 tam
838 1963 1132 2039 religioso
1178 1961 1516 2025 ministerio
1560 1963 1914 2040 pudicitiam
1957 1962 2120 2024 fecit.
2187 1978 2302 2023 eae

337 2064 451 2123 per
478 2062 697 2107 manus
715 2093 731 2119 ,
776 2047 1186 2108 succedentes
1217 2046 1444 2121 deinde
1475 2045 1633 2108 aliae
1661 2046 1818 2120 aliiS,
1864 2044 2031 2108 omni
2059 2046 2302 2109 obviam

338 2130 540 2191 effusa
568 2129 829 2205 civitate,
858 2129 1139 2191 turibulis
1166 2139 1308 2192 ante
1331 2131 1548 2192 ianuas
1573 2131 1814 2207 positis,
1847 2146 1972 2207 qua
1995 2130 2303 2206 praefere-

338 2216 529 2289 batur,
562 2222 746 2290 atque
772 2229 1041 2276 accenso
1071 2221 1225 2289 ture,
1254 2214 1653 2291 precantibus
1679 2220 1747 2277 ut
1767 2216 1988 2276 volens
2011 2212 2304 2290 propitia-

340 2314 460 2374 que
501 2298 717 2359 urbem
755 2299 1098 2360 Romanam
1137 2298 1348 2374 iniret,
1399 2297 1462 2360 in
1504 2300 1723 2361 aedem
1761 2298 2074 2359 Victoriae
2089 2344 2106 2372 ,
2144 2314 2306 2374 quae

337 2381 519 2443 estin
550 2380 811 2457 Palatio,
857 2384 1165 2460 pertulere
1194 2384 1376 2445 deam
1402 2382 1602 2459 pridie
1626 2384 1768 2444 idus
1798 2380 2080 2457 Apriles;
2124 2380 2304 2458 isque

337 2464 471 2527 dies
500 2467 697 2529 festus
726 2464 855 2527 fuit.
928 2469 1198 2542 populus
1231 2468 1524 2543 frequens
1555 2468 1720 2528 dona
1750 2467 1905 2527 deae
1938 2465 2106 2536 tulit;
2136 2464 2304 2527 lecti·

336 2550 755 2625 sterniumque
786 2548 851 2610 et
874 2549 1003 2611 ludi
1030 2550 1221 2626 fuere,
1250 2548 1587 2627 Megalesia
1615 2551 1942 2626 appellata.

502 2635 634 2694 XV.
684 2634 831 2694 Cum
860 2634 939 2695 de
969 2637 1400 2710 supplemento
1429 2633 1742 2709 legionum
1773 2632 2023 2710 quaein
2051 2632 2303 2708 provin·

272 2774 289 2786 ,
338 2715 451 2779 ciis
482 2723 656 2778 erant
682 2724 986 2793 ageretur,
1015 2723 1260 2794 tempus
1288 2734 1434 2779 esse
1457 2735 1494 2779 a
1519 2716 1889 2793 quibusdam
1911 2715 2304 2779 senatoribus

336 2800 678 2863 subiectum
720 2808 843 2875 est,
890 2814 1049 2878 quae
1090 2801 1294 2864 dubiis
1339 2802 1402 2863 in
1443 2801 1631 2863 rebus
1672 2810 2006 2877 utcumque
2044 2802 2305 2862 tolerata

336 2892 565 2961 essent,
594 2902 670 2946 ea
700 2885 949 2960 dempto
972 2882 1095 2945 iam
1118 2885 1366 2947 tandem
1390 2887 1575 2947 deum
1596 2884 1970 2961 benignitate
1989 2890 2156 2945 metu
2179 2900 2302 2946 non

332 2971 491 3029 ultra
522 2967 666 3049 pati.
718 2969 939 3030 erectis
970 2969 1436 3044 exspectatione
1464 2968 1741 3045 patribus
1772 2969 2170 3032 subiecerunt
2197 2982 2300 3028 co·

336 3050 533 3113 lonias
560 3050 809 3113 Latinas
842 3050 1185 3127 duodecim,
1223 3070 1384 3129 quae
1415 3053 1480 3128 Q.
1509 3053 1701 3115 Fabio
1732 3061 1794 3115 et
1821 3054 1888 3127 Q.
1911 3051 2124 3113 Fulvio
2158 3067 2300 3113 con-

337 3136 574 3197 sulibus
626 3136 988 3197 abnuissent
1034 3136 1257 3200 milites
1300 3140 1481 3213 dare,
1532 3154 1640 3199 eas
1682 3154 1911 3198 annum
1950 3136 2070 3196 iam
2112 3137 2302 3197 ferme

338 3228 578 3284 sextum
633 3221 1019 3283 vacationem
1073 3223 1320 3284 militiae
1373 3223 1552 3297 quasi
1603 3221 1860 3284 honoris
1910 3226 1972 3281 et
2017 3215 2304 3281 beneficii

338 3318 529 3368 causa
568 3306 827 3378 habere,
871 3321 1011 3367 cuni
1037 3305 1275 3367 interim
1305 3303 1452 3367 boni
1483 3304 1970 3381 obedientesque
1999 3300 2158 3365 socii
2186 3319 2302 3379 pro

338 3388 461 3448 fide
516 3395 702 3465 atque
760 3389 1063 3466 obsequio
1124 3388 1190 3449 in
1248 3390 1546 3465 populum
1599 3390 1942 3453 Romanum
1997 3386 2304 3449 continuis

339 3470 606 3532 omnium
648 3488 945 3533 annorum
987 3473 1314 3533 dilectibus
1357 3471 1642 3533 exhausti
1685 3477 1915 3534 essent.
1985 3470 2102 3531 sub
2141 3469 2308 3532 hanc
