2550 3959
352 237 481 304 212
629 239 863 302 LIBER
892 239 1131 301 Xxvn.
1173 239 1339 300 CAP.
1367 247 1458 301 44.
1489 247 1576 302 45.
1621 246 1695 314 [a.
1719 244 1791 298 U.
1816 263 1864 299 c.
1888 246 2024 313 ⁵451·

348 396 469 458 alia
494 411 564 455 re
590 395 815 456 tutiora
846 410 1030 469 quam
1058 407 1266 453 errore
1294 391 1493 453 hostis
1507 437 1523 466 ,
1569 389 1673 467 qui
1702 391 1922 453 ducem
1951 391 2094 452 inde
2123 397 2316 471 atque

347 478 653 541 exercitus
693 485 928 556 partem
968 476 1193 536 abesse
1234 477 1559 550 ignoraret.
1627 473 1775 550 quid
1816 475 2110 552 futurum,
2150 476 2207 537 si
2245 477 2314 540 id

345 563 550 639 palam
578 562 701 635 fiat,
732 569 795 622 et
818 567 925 622 aut
948 559 1193 635 insequi
1214 559 1520 620 Neronem
1538 574 1676 618 cum
1697 573 1814 619 sex
1840 559 2083 619 milibus
2112 575 2312 621 arma-

346 653 547 706 torum
574 645 919 722 profectum
944 642 1249 704 Hannibal
1275 649 1404 704 toto
1450 641 1722 703 exercitu
1749 641 1926 716 velit,
1973 649 2081 704 aut
2107 650 2318 706 castra

346 729 641 789 invadere
667 727 939 804 praedae
965 726 1180 788 relicta
1205 727 1342 788 sine
1368 726 1602 787 viribus
1615 771 1633 802 ,
1677 725 1812 787 sine
1839 726 2096 803 imperio
2111 773 2129 804 ,
2173 727 2315 790 sine

347 812 626 888 auspicio
640 818 671 871 v
704 818 947 871 veteres
978 811 1109 871 eius
1134 811 1277 871 belli
1302 810 1530 883 cladeS,
1563 810 1686 871 duo
1712 810 2002 873 consules
2023 811 2313 888 proximo

348 911 509 955 anno
530 894 830 956 interfecti
848 892 1171 955 terrebant.
1216 899 1280 955 et
1299 909 1376 954 ea
1405 893 1607 954 omnia
1635 893 1959 970 accidisse,
1991 910 2130 955 cum
2147 913 2313 958 unus

344 978 681 1054 imperator
719 994 882 1039 unus
924 978 1230 1038 exercitus
1271 977 1543 1038 hostium
1583 977 1646 1037 in
1687 979 1863 1038 Italia
1901 985 2100 1039 esset=
2144 995 2314 1042 nunc

348 1061 474 1123 duo
518 1060 679 1122 bella
716 1061 945 1122 Punica
984 1062 1171 1136 facta,
1217 1061 1377 1122 duos
1419 1062 1698 1135 ingentes
1747 1061 2088 1136 exercitus,
2143 1063 2312 1125 duos

347 1160 546 1223 prope
572 1145 945 1206 Hannibales
986 1145 1049 1204 in
1076 1144 1249 1206 ltalia
1274 1160 1438 1205 esse.
1504 1143 1737 1220 quippe
1763 1152 1828 1206 et
1851 1145 2313 1208 Hasdrubalem

347 1236 522 1306 patre
552 1229 772 1290 eodem
798 1228 1141 1290 Hamilcare
1168 1228 1457 1304 genitum,
1487 1242 1688 1302 aeque
1715 1228 2039 1304 impigrum
2067 1230 2312 1307 ducem,

346 1329 461 1390 per
485 1319 575 1373 tot
604 1328 799 1374 annos
829 1313 891 1373 in
918 1313 1218 1388 Hispania
1242 1312 1522 1374 Romano
1553 1313 1950 1373 exercitatum
1974 1311 2158 1388 bello,
2202 1329 2311 1388 ge—

344 1396 511 1456 mina
536 1395 793 1458 victoria
829 1396 1133 1470 insignem
1160 1395 1403 1457 duobus
1446 1394 1816 1456 exercitibus
1858 1411 1999 1458 cum
2039 1395 2314 1458 clarissi-

344 1481 463 1539 mis
504 1480 765 1541 ducibus
807 1479 1045 1540 deletis.
1136 1495 1279 1539 nam
1317 1477 1550 1556 itineris
1591 1478 1841 1554 quidem
1881 1479 2188 1541 eeleritate
2227 1495 2314 1542 ex

343 1561 645 1638 Hispania
674 1571 736 1623 et
756 1561 1073 1623 concitatis
1103 1562 1185 1622 ad
1208 1561 1636 1622 armaGallicis
1664 1561 1945 1638 gentibus
1968 1565 2156 1624 multo
2179 1580 2314 1625 ma-

343 1646 441 1721 gis
472 1661 657 1720 quam
676 1646 1077 1707 Hannibalem
1104 1646 1309 1722 ipsum
1335 1645 1583 1721 gloriari
1613 1661 1836 1721 possea
1879 1647 2112 1724 quippe
2139 1647 2203 1707 in
2229 1647 2312 1709 iis

342 1728 499 1792 locis
528 1729 691 1790 hunc
720 1730 1005 1805 coegisse
1044 1729 1409 1804 exercitum,
1454 1729 1677 1804 quibus
1714 1729 1817 1789 ille
1843 1729 2137 1790 maiorem
2164 1747 2314 1807 par-

343 1819 468 1873 tem
508 1813 763 1875 militum
790 1815 951 1874 fame
992 1829 1065 1874 ac
1094 1814 1324 1888 frigore
1337 1859 1352 1886 ,
1392 1828 1552 1888 quae
1593 1813 1936 1874 miserrima
1960 1815 2172 1876 mortis
2199 1830 2310 1890 ge-

344 1912 495 1962 nera
522 1897 659 1970 sint,
694 1896 1021 1958 amisisset.
1067 1895 1413 1958 adiciebant
1440 1895 1624 1956 etiam
1651 1896 1830 1972 periti
1853 1913 2056 1958 rerum
2084 1897 2314 1973 Hispa-

344 1979 501 2054 niae,
530 1978 699 2040 haud
726 1995 867 2040 cum
895 1980 1103 2054 ignoto
1128 1996 1269 2041 eum
1291 1980 1450 2041 duce
1467 1979 1529 2040 C.
1544 1979 1788 2041 Nerone
1809 1995 2312 2058 congressurum,

344 2061 461 2121 sed
503 2077 687 2137 quem
728 2063 791 2121 in
822 2063 984 2122 saltu
1021 2062 1316 2137 impedito
1350 2063 1696 2138 deprensus
1741 2064 1898 2124 forte
1927 2063 2091 2124 haud
2122 2079 2312 2126 secus

347 2160 529 2219 quam
558 2160 819 2220 puerum
846 2145 1314 2207 conscribendis
1343 2146 1668 2207 fallacibus
1697 2147 2164 2208 condicionibus
2194 2164 2312 2224 pa-

344 2227 435 2288 cis
466 2229 792 2290 frustratus
820 2229 1125 2290 elusisset.
1191 2231 1397 2291 omnia
1423 2229 1657 2290 maiora
1683 2231 1866 2290 etiam
1891 2246 2042 2290 vero
2071 2229 2317 2307 praesi-

346 2311 450 2371 dia
477 2310 776 2389 hostium,
821 2312 1061 2374 minora
1088 2329 1230 2388 sua,
1271 2320 1436 2376 metu
1464 2313 1794 2389 interprete
1821 2330 2069 2390 semper
2107 2315 2170 2374 in
2199 2314 2314 2376 de·

342 2393 567 2454 teriora
593 2395 899 2469 inclinato,
946 2396 1268 2457 ducebant.

508 2478 689 2541 XLV.
741 2480 901 2542 Nero
930 2486 1265 2557 postquam
1303 2487 1534 2542 tantum
1575 2482 1874 2544 intervalli
1903 2480 1982 2541 ab
2008 2481 2190 2541 hoste
2219 2480 2311 2540 fe·

344 2568 527 2637 cerat,
556 2571 625 2624 ut
651 2563 853 2638 detegi
883 2564 1207 2625 consilium
1234 2564 1386 2624 satis
1407 2571 1598 2626 tutum
1626 2571 1812 2640 esset,
1840 2564 2055 2642 paucis
2083 2563 2311 2625 milites

344 2645 711 2718 adloquitur.
756 2654 939 2721 negat
964 2647 1147 2710 ullius
1175 2647 1501 2710 consilium
1527 2647 1913 2724 imperatoris
1942 2647 2005 2708 in
2034 2648 2314 2724 speciem

344 2726 659 2802 audacius,
689 2745 758 2789 re
786 2729 926 2804 ipsa
946 2729 1133 2791 tutius
1162 2731 1357 2792 ruisse
1380 2749 1562 2808 quam
1591 2749 1787 2793 suum.
1831 2731 1914 2792 ad
1941 2738 2168 2792 certam
2193 2745 2312 2792 eos

344 2826 416 2872 se
442 2810 761 2871 victorIam
791 2812 1046 2874 duceret
1089 2813 1323 2890 quippe
1350 2814 1432 2874 ad
1461 2815 1632 2891 quod
1657 2814 1884 2876 bellum
1915 2815 2152 2890 collega
2179 2829 2310 2875 non

345 2899 516 2969 ante,
563 2911 749 2970 quam
776 2896 859 2956 ad
905 2897 1241 2957 satietatem
1268 2898 1468 2974 ipsius
1497 2899 1772 2974 peditum
1812 2905 1997 2974 atque
2036 2898 2310 2974 equitum

344 2976 527 3036 datae
554 2977 633 3038 ab
664 2983 881 3038 senatu
910 2978 1125 3055 copiae
1154 2980 1416 3042 ruissent
1444 2981 1710 3043 maiores
1739 2981 2309 3059 instructioresque,

346 3074 530 3132 quam
560 3060 615 3118 si
656 3059 959 3123 adversus
988 3063 1193 3137 ipsum
1220 3064 1624 3126 Hannibalem
1663 3067 1807 3139 iret,
1849 3067 2166 3143 profectus
2207 3065 2309 3142 sit,

344 3157 420 3202 eo
464 3142 641 3218 ipsos
687 3152 1243 3224 quantumcumque
1262 3148 1491 3210 virium
1528 3157 1901 3212 momentum
1940 3150 2309 3226 addiderint,

341 3240 473 3286 rem
514 3243 757 3288 omnem
796 3228 1208 3292 inclinaturos.
1274 3233 1547 3294 auditum
1573 3233 1760 3294 modo
1790 3233 1851 3293 in
1892 3233 2026 3294 acie
2050 3265 2138 3278 -—
2163 3249 2308 3296 nam

343 3323 423 3368 ne
452 3318 594 3371 ante
623 3312 951 3389 audiretur,
996 3314 1277 3377 datin-um
1307 3333 1561 3393 operam
1585 3348 1673 3362 --
1700 3318 1958 3378 alterum
1985 3319 2311 3380 consulem

346 3398 407 3452 et
447 3393 701 3456 alterum
738 3397 1072 3459 exercitum
1113 3398 1445 3462 advenisse
1485 3399 1655 3462 haud
1695 3401 1944 3463 dubiam
1983 3401 2310 3464 victoriam

346 3474 663 3538 facturum.
724 3480 947 3542 famam
973 3479 1198 3544 bellum
1228 3484 1552 3561 conficere,
1597 3491 1660 3546 et
1688 3500 1882 3562 parva
1908 3492 2212 3546 momenta
2240 3483 2308 3548 in
