<?xml version="1.0" encoding="UTF-8"?>
<!DOCTYPE html PUBLIC "-//W3C//DTD XHTML 1.0 Transitional//EN"
    "http://www.w3.org/TR/xhtml1/DTD/xhtml1-transitional.dtd">
<html xmlns="http://www.w3.org/1999/xhtml" xml:lang="en" lang="en">
 <head>
  <title>
</title>
<meta http-equiv="Content-Type" content="text/html;charset=utf-8" />
  <meta name='ocr-system' content='tesseract 3.04.00' />
  <meta name='ocr-capabilities' content='ocr_page ocr_carea ocr_par ocr_line ocrx_word'/>
</head>
<body>
  <div class='ocr_page' id='page_1' title='image "./aburbeconditali13livygoog_0360.png"; bbox 0 0 2550 3959; ppageno 0'>
   <div class='ocr_carea' id='block_1_1' title="bbox 624 183 2228 267">
    <p class='ocr_par' dir='ltr' id='par_1_1' title="bbox 624 183 2228 267">
     <span class='ocr_line' id='line_1_1' title="bbox 624 183 2228 267; baseline 0.001 -10"><span class='ocrx_word' id='word_1_1' title='bbox 624 207 630 211; x_wconf 87' lang='lat'>·</span> <span class='ocrx_word' id='word_1_2' title='bbox 692 197 925 259; x_wconf 82' lang='lat' dir='ltr'>LIBER</span> <span class='ocrx_word' id='word_1_3' title='bbox 951 195 1346 258; x_wconf 78' lang='lat' dir='ltr'><strong>xxx.-CAP.</strong></span> <span class='ocrx_word' id='word_1_4' title='bbox 1381 183 1466 254; x_wconf 68' lang='grc' dir='ltr'><strong>η’.</strong></span> <span class='ocrx_word' id='word_1_5' title='bbox 1513 200 1584 267; x_wconf 71' lang='lat' dir='ltr'><strong>[a.</strong></span> <span class='ocrx_word' id='word_1_6' title='bbox 1609 200 1674 251; x_wconf 90' lang='lat' dir='ltr'><strong>c.</strong></span> <span class='ocrx_word' id='word_1_7' title='bbox 1699 199 1825 266; x_wconf 78' lang='lat' dir='ltr'><strong>2ch</strong></span> <span class='ocrx_word' id='word_1_8' title='bbox 2097 191 2228 259; x_wconf 74' lang='grc'><strong>388</strong></span> 
     </span>
    </p>
   </div>
   <div class='ocr_carea' id='block_1_2' title="bbox 244 344 2232 3511">
    <p class='ocr_par' dir='ltr' id='par_1_2' title="bbox 244 344 2232 3511">
     <span class='ocr_line' id='line_1_2' title="bbox 282 344 2232 423; baseline -0.002 -15"><span class='ocrx_word' id='word_1_9' title='bbox 282 352 411 408; x_wconf 70' lang='lat' dir='ltr'><strong>tatu</strong></span> <span class='ocrx_word' id='word_1_10' title='bbox 440 346 763 422; x_wconf 82' lang='lat' dir='ltr'><strong>vinctoque</strong></span> <span class='ocrx_word' id='word_1_11' title='bbox 791 344 1085 423; x_wconf 77' lang='lat' dir='ltr'><strong>Syphace</strong></span> <span class='ocrx_word' id='word_1_12' title='bbox 1114 344 1333 405; x_wconf 77' lang='lat' dir='ltr'>Cirtam</span> <span class='ocrx_word' id='word_1_13' title='bbox 1360 344 1732 419; x_wconf 87' lang='lat' dir='ltr'><strong>praecedere</strong></span> <span class='ocrx_word' id='word_1_14' title='bbox 1761 344 1950 415; x_wconf 86' lang='lat' dir='ltr'><strong>sinat,</strong></span> <span class='ocrx_word' id='word_1_15' title='bbox 1995 345 2232 419; x_wconf 77' lang='lat' dir='ltr'><strong>trepida</strong></span> 
     </span>
     <span class='ocr_line' id='line_1_3' title="bbox 275 426 2228 504; baseline -0.002 -12"><span class='ocrx_word' id='word_1_16' title='bbox 275 430 483 493; x_wconf 79' lang='lat' dir='ltr'><strong>omnia</strong></span> <span class='ocrx_word' id='word_1_17' title='bbox 536 438 703 489; x_wconf 82' lang='lat' dir='ltr'><strong>metu</strong></span> <span class='ocrx_word' id='word_1_18' title='bbox 748 446 825 489; x_wconf 81' lang='lat' dir='ltr'><strong>sc</strong></span> <span class='ocrx_word' id='word_1_19' title='bbox 872 444 1350 504; x_wconf 60' lang='lat' dir='ltr'><strong>oppressurum:</strong></span> <span class='ocrx_word' id='word_1_20' title='bbox 1407 427 1686 487; x_wconf 83' lang='lat' dir='ltr'><strong>Laelium</strong></span> <span class='ocrx_word' id='word_1_21' title='bbox 1737 443 1874 489; x_wconf 84' lang='lat' dir='ltr'><strong>eum</strong></span> <span class='ocrx_word' id='word_1_22' title='bbox 1924 426 2228 501; x_wconf 74' lang='lat' dir='ltr'><strong>peditibus</strong></span> 
     </span>
     <span class='ocr_line' id='line_1_4' title="bbox 272 510 2228 587; baseline 0.003 -20"><span class='ocrx_word' id='word_1_23' title='bbox 272 514 578 587; x_wconf 77' lang='lat' dir='ltr'><strong>subsequi</strong></span> <span class='ocrx_word' id='word_1_24' title='bbox 633 514 891 573; x_wconf 77' lang='lat' dir='ltr'><strong>modicis</strong></span> <span class='ocrx_word' id='word_1_25' title='bbox 949 512 1263 573; x_wconf 75' lang='lat' dir='ltr'><strong>itineribus</strong></span> <span class='ocrx_word' id='word_1_26' title='bbox 1315 528 1526 586; x_wconf 84' lang='lat' dir='ltr'><strong>posse.</strong></span> <span class='ocrx_word' id='word_1_27' title='bbox 1597 510 1990 572; x_wconf 85' lang='lat' dir='ltr'><strong>adsentiente·</strong></span> <span class='ocrx_word' id='word_1_28' title='bbox 2024 511 2228 573; x_wconf 80' lang='lat' dir='ltr'><strong>Laelio</strong></span> 
     </span>
     <span class='ocr_line' id='line_1_5' title="bbox 271 594 2228 671; baseline -0.002 -14"><span class='ocrx_word' id='word_1_29' title='bbox 271 612 687 671; x_wconf 75' lang='lat' dir='ltr'><strong>praegressus</strong></span> <span class='ocrx_word' id='word_1_30' title='bbox 718 596 937 656; x_wconf 83' lang='lat' dir='ltr'><strong>Cirtam</strong></span> <span class='ocrx_word' id='word_1_31' title='bbox 973 597 1217 657; x_wconf 85' lang='lat' dir='ltr'><strong>evocari</strong></span> <span class='ocrx_word' id='word_1_32' title='bbox 1246 596 1326 655; x_wconf 86' lang='lat' dir='ltr'><strong>ad</strong></span> <span class='ocrx_word' id='word_1_33' title='bbox 1357 594 1728 669; x_wconf 80' lang='lat' dir='ltr'><strong>colloquium</strong></span> <span class='ocrx_word' id='word_1_34' title='bbox 1764 594 2072 669; x_wconf 81' lang='lat' dir='ltr'><strong>principes</strong></span> <span class='ocrx_word' id='word_1_35' title='bbox 2105 594 2228 655; x_wconf 85' lang='lat' dir='ltr'><strong>Cir·-</strong></span> 
     </span>
     <span class='ocr_line' id='line_1_6' title="bbox 275 678 2230 755; baseline -0.001 -14"><span class='ocrx_word' id='word_1_36' title='bbox 275 682 539 741; x_wconf 76' lang='lat' dir='ltr'><strong>tensium</strong></span> <span class='ocrx_word' id='word_1_37' title='bbox 583 682 766 740; x_wconf 84' lang='lat' dir='ltr'><strong>iubet.</strong></span> <span class='ocrx_word' id='word_1_38' title='bbox 838 680 953 739; x_wconf 86' lang='lat' dir='ltr'><strong>sed</strong></span> <span class='ocrx_word' id='word_1_39' title='bbox 996 680 1163 755; x_wconf 85' lang='lat' dir='ltr'><strong>apud</strong></span> <span class='ocrx_word' id='word_1_40' title='bbox 1204 679 1450 753; x_wconf 77' lang='lat' dir='ltr'><strong>ignaros</strong></span> <span class='ocrx_word' id='word_1_41' title='bbox 1489 678 1656 752; x_wconf 79' lang='lat' dir='ltr'><strong>regis</strong></span> <span class='ocrx_word' id='word_1_42' title='bbox 1697 694 1882 737; x_wconf 84' lang='lat' dir='ltr'><strong>casus</strong></span> <span class='ocrx_word' id='word_1_43' title='bbox 1924 693 2038 737; x_wconf 85' lang='lat' dir='ltr'><strong>nec</strong></span> <span class='ocrx_word' id='word_1_44' title='bbox 2071 694 2230 753; x_wconf 81' lang='lat' dir='ltr'><strong>quae</strong></span> 
     </span>
     <span class='ocr_line' id='line_1_7' title="bbox 275 762 2226 839; baseline -0.002 -14"><span class='ocrx_word' id='word_1_45' title='bbox 275 774 415 826; x_wconf 41' lang='lat' dir='ltr'><strong>&gt;acta</strong></span> <span class='ocrx_word' id='word_1_46' title='bbox 442 771 655 825; x_wconf 77' lang='lat' dir='ltr'><strong>essent</strong></span> <span class='ocrx_word' id='word_1_47' title='bbox 684 764 1019 839; x_wconf 82' lang='lat' dir='ltr'><strong>promendo</strong></span> <span class='ocrx_word' id='word_1_48' title='bbox 1044 778 1158 823; x_wconf 87' lang='lat' dir='ltr'><strong>nec</strong></span> <span class='ocrx_word' id='word_1_49' title='bbox 1179 764 1360 823; x_wconf 82' lang='lat' dir='ltr'><strong>minis</strong></span> <span class='ocrx_word' id='word_1_50' title='bbox 1383 778 1498 822; x_wconf 88' lang='lat' dir='ltr'><strong>nec</strong></span> <span class='ocrx_word' id='word_1_51' title='bbox 1521 762 1842 823; x_wconf 85' lang='lat' dir='ltr'><strong>suadendo</strong></span> <span class='ocrx_word' id='word_1_52' title='bbox 1863 767 2002 823; x_wconf 85' lang='lat' dir='ltr'><strong>ante</strong></span> <span class='ocrx_word' id='word_1_53' title='bbox 2022 762 2226 835; x_wconf 74' lang='lat' dir='ltr'><strong>valuit,</strong></span> 
     </span>
     <span class='ocr_line' id='line_1_8' title="bbox 272 846 2228 924; baseline -0.001 -16"><span class='ocrx_word' id='word_1_54' title='bbox 272 864 463 924; x_wconf 86' lang='lat' dir='ltr'><strong>quam</strong></span> <span class='ocrx_word' id='word_1_55' title='bbox 508 864 621 907; x_wconf 86' lang='lat' dir='ltr'><strong>rex</strong></span> <span class='ocrx_word' id='word_1_56' title='bbox 668 848 908 908; x_wconf 78' lang='lat' dir='ltr'><strong>vinctus</strong></span> <span class='ocrx_word' id='word_1_57' title='bbox 959 847 1020 905; x_wconf 87' lang='lat' dir='ltr'><strong>in</strong></span> <span class='ocrx_word' id='word_1_58' title='bbox 1062 854 1460 919; x_wconf 84' lang='lat' dir='ltr'><strong>conspectum</strong></span> <span class='ocrx_word' id='word_1_59' title='bbox 1509 847 1686 905; x_wconf 86' lang='lat' dir='ltr'><strong>datus</strong></span> <span class='ocrx_word' id='word_1_60' title='bbox 1728 854 1912 905; x_wconf 79' lang='lat' dir='ltr'><strong>esset.</strong></span> <span class='ocrx_word' id='word_1_61' title='bbox 1983 852 2110 907; x_wconf 83' lang='lat' dir='ltr'><strong>tum</strong></span> <span class='ocrx_word' id='word_1_62' title='bbox 2147 846 2228 907; x_wconf 84' lang='lat' dir='ltr'><strong>ad</strong></span> 
     </span>
     <span class='ocr_line' id='line_1_9' title="bbox 270 928 2226 1007; baseline -0.002 -14"><span class='ocrx_word' id='word_1_63' title='bbox 270 935 690 1007; x_wconf 81' lang='lat' dir='ltr'><strong>spectaculum</strong></span> <span class='ocrx_word' id='word_1_64' title='bbox 719 939 843 991; x_wconf 82' lang='lat' dir='ltr'><strong>tam</strong></span> <span class='ocrx_word' id='word_1_65' title='bbox 872 931 1129 991; x_wconf 32' lang='lat' dir='ltr'><strong>foedum,</strong></span> <span class='ocrx_word' id='word_1_66' title='bbox 1148 928 1546 1004; x_wconf 80' lang='lat' dir='ltr'><strong>comploratio</strong></span> <span class='ocrx_word' id='word_1_67' title='bbox 1577 936 1742 1003; x_wconf 86' lang='lat' dir='ltr'><strong>orta,</strong></span> <span class='ocrx_word' id='word_1_68' title='bbox 1785 936 1845 990; x_wconf 88' lang='lat' dir='ltr'><strong>et</strong></span> <span class='ocrx_word' id='word_1_69' title='bbox 1870 930 2088 1003; x_wconf 84' lang='lat' dir='ltr'><strong>partim</strong></span> <span class='ocrx_word' id='word_1_70' title='bbox 2118 946 2226 1004; x_wconf 84' lang='lat' dir='ltr'><strong>pa-</strong></span> 
     </span>
     <span class='ocr_line' id='line_1_10' title="bbox 273 1012 2228 1089; baseline -0.001 -14"><span class='ocrx_word' id='word_1_71' title='bbox 273 1031 425 1076; x_wconf 85' lang='lat' dir='ltr'><strong>vore</strong></span> <span class='ocrx_word' id='word_1_72' title='bbox 474 1016 717 1075; x_wconf 82' lang='lat' dir='ltr'><strong>moenia</strong></span> <span class='ocrx_word' id='word_1_73' title='bbox 762 1020 909 1077; x_wconf 77' lang='lat' dir='ltr'><strong>sunt</strong></span> <span class='ocrx_word' id='word_1_74' title='bbox 954 1013 1229 1089; x_wconf 82' lang='lat' dir='ltr'><strong>deserta,</strong></span> <span class='ocrx_word' id='word_1_75' title='bbox 1282 1013 1498 1087; x_wconf 81' lang='lat' dir='ltr'><strong>partim</strong></span> <span class='ocrx_word' id='word_1_76' title='bbox 1547 1012 1864 1087; x_wconf 81' lang='lat' dir='ltr'><strong>repentino</strong></span> <span class='ocrx_word' id='word_1_77' title='bbox 1915 1027 2228 1075; x_wconf 85' lang='lat' dir='ltr'><strong>consensu</strong></span> 
     </span>
     <span class='ocr_line' id='line_1_11' title="bbox 270 1096 2228 1172; baseline -0.001 -15"><span class='ocrx_word' id='word_1_78' title='bbox 270 1100 530 1172; x_wconf 76' lang='lat' dir='ltr'><strong>gratiam</strong></span> <span class='ocrx_word' id='word_1_79' title='bbox 558 1099 727 1172; x_wconf 81' lang='lat' dir='ltr'><strong>apud·</strong></span> <span class='ocrx_word' id='word_1_80' title='bbox 748 1098 1043 1158; x_wconf 79' lang='lat' dir='ltr'><strong>victorem</strong></span> <span class='ocrx_word' id='word_1_81' title='bbox 1072 1097 1486 1172; x_wconf 71' lang='lat' dir='ltr'><strong>quaerentium</strong></span> <span class='ocrx_word' id='word_1_82' title='bbox 1518 1096 1860 1171; x_wconf 71' lang='lat' dir='ltr'><strong>patefactae</strong></span> <span class='ocrx_word' id='word_1_83' title='bbox 1887 1105 2120 1170; x_wconf 85' lang='lat' dir='ltr'><strong>portae.</strong></span> <span class='ocrx_word' id='word_1_84' title='bbox 2167 1103 2228 1156; x_wconf 86' lang='lat' dir='ltr'><strong>et</strong></span> 
     </span>
     <span class='ocr_line' id='line_1_12' title="bbox 274 1180 2226 1257; baseline -0.001 -16"><span class='ocrx_word' id='word_1_85' title='bbox 274 1181 607 1243; x_wconf 81' lang='lat' dir='ltr'><strong>Masinissa</strong></span> <span class='ocrx_word' id='word_1_86' title='bbox 646 1182 957 1257; x_wconf 83' lang='lat' dir='ltr'><strong>praesidio</strong></span> <span class='ocrx_word' id='word_1_87' title='bbox 990 1181 1153 1241; x_wconf 81' lang='lat' dir='ltr'><strong>circa</strong></span> <span class='ocrx_word' id='word_1_88' title='bbox 1181 1188 1395 1256; x_wconf 81' lang='lat' dir='ltr'><strong>portas</strong></span> <span class='ocrx_word' id='word_1_89' title='bbox 1425 1186 1896 1255; x_wconf 77' lang='lat' dir='ltr'><strong>opportunaque</strong></span> <span class='ocrx_word' id='word_1_90' title='bbox 1922 1180 2226 1239; x_wconf 81' lang='lat' dir='ltr'><strong>moenium</strong></span> 
     </span>
     <span class='ocr_line' id='line_1_13' title="bbox 270 1263 2222 1340; baseline -0.001 -15"><span class='ocrx_word' id='word_1_91' title='bbox 270 1266 547 1339; x_wconf 83' lang='lat' dir='ltr'><strong>dimisso,</strong></span> <span class='ocrx_word' id='word_1_92' title='bbox 578 1281 658 1325; x_wconf 80' lang='lat' dir='ltr'><strong>ne</strong></span> <span class='ocrx_word' id='word_1_93' title='bbox 686 1265 785 1325; x_wconf 83' lang='lat' dir='ltr'><strong>eui</strong></span> <span class='ocrx_word' id='word_1_94' title='bbox 814 1266 1000 1340; x_wconf 81' lang='lat' dir='ltr'><strong>fugae</strong></span> <span class='ocrx_word' id='word_1_95' title='bbox 1025 1270 1263 1339; x_wconf 83' lang='lat' dir='ltr'><strong>pateret</strong></span> <span class='ocrx_word' id='word_1_96' title='bbox 1289 1266 1510 1339; x_wconf 64' lang='lat' dir='ltr'><strong>exitus,</strong></span> <span class='ocrx_word' id='word_1_97' title='bbox 1545 1263 1626 1325; x_wconf 86' lang='lat' dir='ltr'><strong>ad</strong></span> <span class='ocrx_word' id='word_1_98' title='bbox 1653 1263 1886 1337; x_wconf 72' lang='lat' dir='ltr'><strong>regiam</strong></span> <span class='ocrx_word' id='word_1_99' title='bbox 1913 1278 2222 1339; x_wconf 74' lang='lat' dir='ltr'><strong>occupan-</strong></span> 
     </span>
     <span class='ocr_line' id='line_1_14' title="bbox 270 1346 2225 1423; baseline -0.001 -14"><span class='ocrx_word' id='word_1_100' title='bbox 270 1350 413 1409; x_wconf 84' lang='lat' dir='ltr'><strong>dam</strong></span> <span class='ocrx_word' id='word_1_101' title='bbox 444 1350 626 1411; x_wconf 80' lang='lat' dir='ltr'><strong>citato</strong></span> <span class='ocrx_word' id='word_1_102' title='bbox 652 1348 821 1409; x_wconf 86' lang='lat' dir='ltr'><strong>vadit</strong></span> <span class='ocrx_word' id='word_1_103' title='bbox 846 1365 1029 1423; x_wconf 79' lang='lat' dir='ltr'><strong>equo.</strong></span> <span class='ocrx_word' id='word_1_104' title='bbox 1094 1349 1340 1417; x_wconf 75' lang='lat' dir='ltr'><strong>intranti</strong></span> <span class='ocrx_word' id='word_1_105' title='bbox 1366 1347 1734 1409; x_wconf 80' lang='lat' dir='ltr'><strong>vestibulum</strong></span> <span class='ocrx_word' id='word_1_106' title='bbox 1761 1347 1820 1406; x_wconf 91' lang='lat' dir='ltr'><strong>in</strong></span> <span class='ocrx_word' id='word_1_107' title='bbox 1851 1348 1992 1421; x_wconf 84' lang='lat' dir='ltr'><strong>ipso</strong></span> <span class='ocrx_word' id='word_1_108' title='bbox 2021 1346 2225 1407; x_wconf 84' lang='lat' dir='ltr'><strong>limine</strong></span> 
     </span>
     <span class='ocr_line' id='line_1_15' title="bbox 268 1430 2214 1510; baseline -0.001 -17"><span class='ocrx_word' id='word_1_109' title='bbox 268 1432 663 1508; x_wconf 82' lang='lat' dir='ltr'><strong>Sophoniba,</strong></span> <span class='ocrx_word' id='word_1_110' title='bbox 706 1449 870 1493; x_wconf 88' lang='lat' dir='ltr'><strong>uxor</strong></span> <span class='ocrx_word' id='word_1_111' title='bbox 898 1432 1234 1510; x_wconf 73' lang='lat' dir='ltr'><strong>Syphacis,</strong></span> <span class='ocrx_word' id='word_1_112' title='bbox 1276 1432 1402 1493; x_wconf 82' lang='lat' dir='ltr'><strong>filia</strong></span> <span class='ocrx_word' id='word_1_113' title='bbox 1427 1430 1831 1492; x_wconf 84' lang='lat' dir='ltr'><strong>Hasdrubalis</strong></span> <span class='ocrx_word' id='word_1_114' title='bbox 1858 1430 2078 1504; x_wconf 79' lang='lat' dir='ltr'><strong>Poeni,</strong></span> <span class='ocrx_word' id='word_1_115' title='bbox 2116 1446 2214 1491; x_wconf 82' lang='lat' dir='ltr'><strong>oc·</strong></span> 
     </span>
     <span class='ocr_line' id='line_1_16' title="bbox 268 1514 2222 1591; baseline -0.001 -15"><span class='ocrx_word' id='word_1_116' title='bbox 268 1518 487 1583; x_wconf 77' lang='lat' dir='ltr'><strong>currit3</strong></span> <span class='ocrx_word' id='word_1_117' title='bbox 533 1525 595 1577; x_wconf 85' lang='lat' dir='ltr'><strong>et</strong></span> <span class='ocrx_word' id='word_1_118' title='bbox 634 1534 772 1577; x_wconf 83' lang='lat' dir='ltr'><strong>cum</strong></span> <span class='ocrx_word' id='word_1_119' title='bbox 808 1517 869 1577; x_wconf 82' lang='lat' dir='ltr'><strong>in·</strong></span> <span class='ocrx_word' id='word_1_120' title='bbox 912 1518 1113 1577; x_wconf 88' lang='lat' dir='ltr'><strong>medio</strong></span> <span class='ocrx_word' id='word_1_121' title='bbox 1156 1518 1396 1591; x_wconf 79' lang='lat' dir='ltr'><strong>agmine</strong></span> <span class='ocrx_word' id='word_1_122' title='bbox 1437 1524 1806 1576; x_wconf 88' lang='lat' dir='ltr'><strong>armatorum</strong></span> <span class='ocrx_word' id='word_1_123' title='bbox 1832 1514 2222 1575; x_wconf 82' lang='lat' dir='ltr'><strong>Masinissam</strong></span> 
     </span>
     <span class='ocr_line' id='line_1_17' title="bbox 268 1598 2221 1675; baseline 0 -16"><span class='ocrx_word' id='word_1_124' title='bbox 268 1599 572 1675; x_wconf 80' lang='lat' dir='ltr'><strong>insignem</strong></span> <span class='ocrx_word' id='word_1_125' title='bbox 626 1616 766 1661; x_wconf 87' lang='lat' dir='ltr'><strong>cum</strong></span> <span class='ocrx_word' id='word_1_126' title='bbox 824 1601 1007 1661; x_wconf 83' lang='lat' dir='ltr'><strong>armis</strong></span> <span class='ocrx_word' id='word_1_127' title='bbox 1063 1609 1189 1661; x_wconf 88' lang='lat' dir='ltr'><strong>tum</strong></span> <span class='ocrx_word' id='word_1_128' title='bbox 1244 1606 1448 1661; x_wconf 77' lang='lat' dir='ltr'><strong>cetero</strong></span> <span class='ocrx_word' id='word_1_129' title='bbox 1505 1599 1714 1659; x_wconf 87' lang='lat' dir='ltr'><strong>habitu</strong></span> <span class='ocrx_word' id='word_1_130' title='bbox 1769 1598 2221 1675; x_wconf 81' lang='lat' dir='ltr'><strong>conspexisset,</strong></span> 
     </span>
     <span class='ocr_line' id='line_1_18' title="bbox 268 1682 2220 1758; baseline -0.001 -17"><span class='ocrx_word' id='word_1_131' title='bbox 268 1698 475 1758; x_wconf 85' lang='lat' dir='ltr'><strong>regem</strong></span> <span class='ocrx_word' id='word_1_132' title='bbox 518 1700 688 1754; x_wconf 90' lang='lat' dir='ltr'><strong>esse,</strong></span> <span class='ocrx_word' id='word_1_133' title='bbox 731 1682 793 1741; x_wconf 93' lang='lat' dir='ltr'><strong>id</strong></span> <span class='ocrx_word' id='word_1_134' title='bbox 838 1684 1005 1758; x_wconf 89' lang='lat' dir='ltr'><strong>quod</strong></span> <span class='ocrx_word' id='word_1_135' title='bbox 1047 1692 1203 1757; x_wconf 88' lang='lat' dir='ltr'><strong>erat,</strong></span> <span class='ocrx_word' id='word_1_136' title='bbox 1244 1692 1406 1754; x_wconf 83' lang='lat' dir='ltr'><strong>rata,</strong></span> <span class='ocrx_word' id='word_1_137' title='bbox 1449 1684 1706 1757; x_wconf 84' lang='lat' dir='ltr'><strong>genibus</strong></span> <span class='ocrx_word' id='word_1_138' title='bbox 1738 1682 2028 1743; x_wconf 83' lang='lat' dir='ltr'><strong>advoluta</strong></span> <span class='ocrx_word' id='word_1_139' title='bbox 2055 1684 2220 1743; x_wconf 81' lang='lat' dir='ltr'><strong>eius=</strong></span> 
     </span>
     <span class='ocr_line' id='line_1_19' title="bbox 266 1762 2222 1841; baseline 0 -15"><span class='ocrx_word' id='word_1_140' title='bbox 266 1768 511 1839; x_wconf 83' lang='lat' dir='ltr'><strong>„omnia</strong></span> <span class='ocrx_word' id='word_1_141' title='bbox 538 1767 785 1841; x_wconf 87' lang='lat' dir='ltr'><strong>quidem</strong></span> <span class='ocrx_word' id='word_1_142' title='bbox 813 1774 880 1826; x_wconf 92' lang='lat' dir='ltr'><strong>ut</strong></span> <span class='ocrx_word' id='word_1_143' title='bbox 910 1782 1133 1840; x_wconf 87' lang='lat' dir='ltr'><strong>posses</strong></span> <span class='ocrx_word' id='word_1_144' title='bbox 1162 1768 1223 1825; x_wconf 90' lang='lat' dir='ltr'><strong>in</strong></span> <span class='ocrx_word' id='word_1_145' title='bbox 1256 1766 1454 1836; x_wconf 77' lang='lat' dir='ltr'><strong>nobie,</strong></span> <span class='ocrx_word' id='word_1_146' title='bbox 1487 1766 1546 1825; x_wconf 88' lang='lat' dir='ltr'><strong>di</strong></span> <span class='ocrx_word' id='word_1_147' title='bbox 1577 1762 1877 1827; x_wconf 58' lang='lat' dir='ltr'><strong>dederunt</strong></span> <span class='ocrx_word' id='word_1_148' title='bbox 1904 1768 2222 1841; x_wconf 86' lang='lat' dir='ltr'><strong>virtusque</strong></span> 
     </span>
     <span class='ocr_line' id='line_1_20' title="bbox 264 1849 2222 1925; baseline 0.001 -16"><span class='ocrx_word' id='word_1_149' title='bbox 264 1858 327 1909; x_wconf 81' lang='lat' dir='ltr'><strong>ct</strong></span> <span class='ocrx_word' id='word_1_150' title='bbox 367 1850 623 1911; x_wconf 77' lang='lat' dir='ltr'><strong>felicitas</strong></span> <span class='ocrx_word' id='word_1_151' title='bbox 665 1858 793 1910; x_wconf 70' lang='lat' dir='ltr'><strong>tuae</strong></span> <span class='ocrx_word' id='word_1_152' title='bbox 838 1852 953 1910; x_wconf 88' lang='lat' dir='ltr'><strong>sed</strong></span> <span class='ocrx_word' id='word_1_153' title='bbox 984 1850 1037 1910; x_wconf 91' lang='lat' dir='ltr'><strong>si</strong></span> <span class='ocrx_word' id='word_1_154' title='bbox 1067 1850 1344 1925; x_wconf 85' lang='lat' dir='ltr'><strong>captivae</strong></span> <span class='ocrx_word' id='word_1_155' title='bbox 1387 1849 1894 1925; x_wconf 82' lang='lat' dir='ltr'><strong>apud·dominum</strong></span> <span class='ocrx_word' id='word_1_156' title='bbox 1925 1851 2085 1909; x_wconf 87' lang='lat' dir='ltr'><strong>vitae</strong></span> <span class='ocrx_word' id='word_1_157' title='bbox 2115 1866 2222 1911; x_wconf 84' lang='lat' dir='ltr'><strong>ne-</strong></span> 
     </span>
     <span class='ocr_line' id='line_1_21' title="bbox 264 1934 2216 2009; baseline 0.001 -17"><span class='ocrx_word' id='word_1_158' title='bbox 264 1935 485 2009; x_wconf 77' lang='lat' dir='ltr'><strong>cisque</strong></span> <span class='ocrx_word' id='word_1_159' title='bbox 523 1950 691 1995; x_wconf 82' lang='lat' dir='ltr'><strong>suae·</strong></span> <span class='ocrx_word' id='word_1_160' title='bbox 718 1950 932 1995; x_wconf 90' lang='lat' dir='ltr'><strong>vocem</strong></span> <span class='ocrx_word' id='word_1_161' title='bbox 962 1934 1307 2009; x_wconf 84' lang='lat' dir='ltr'><strong>supplicem</strong></span> <span class='ocrx_word' id='word_1_162' title='bbox 1333 1936 1568 1995; x_wconf 86' lang='lat' dir='ltr'><strong>mittere</strong></span> <span class='ocrx_word' id='word_1_163' title='bbox 1597 1934 1764 2004; x_wconf 86' lang='lat' dir='ltr'><strong>licet,</strong></span> <span class='ocrx_word' id='word_1_164' title='bbox 1811 1934 1862 1993; x_wconf 84' lang='lat' dir='ltr'><strong>si</strong></span> <span class='ocrx_word' id='word_1_165' title='bbox 1891 1950 2122 2009; x_wconf 80' lang='lat' dir='ltr'><strong>genua,</strong></span> <span class='ocrx_word' id='word_1_166' title='bbox 2163 1934 2216 1994; x_wconf 86' lang='lat' dir='ltr'><strong>si</strong></span> 
     </span>
     <span class='ocr_line' id='line_1_22' title="bbox 264 2018 2216 2093; baseline 0 -16"><span class='ocrx_word' id='word_1_167' title='bbox 264 2018 573 2078; x_wconf 87' lang='lat' dir='ltr'><strong>victricem</strong></span> <span class='ocrx_word' id='word_1_168' title='bbox 614 2020 909 2093; x_wconf 77' lang='lat' dir='ltr'><strong>attingere</strong></span> <span class='ocrx_word' id='word_1_169' title='bbox 950 2020 1257 2093; x_wconf 85' lang='lat' dir='ltr'><strong>dextram,</strong></span> <span class='ocrx_word' id='word_1_170' title='bbox 1303 2034 1528 2093; x_wconf 82' lang='lat' dir='ltr'><strong>precor</strong></span> <span class='ocrx_word' id='word_1_171' title='bbox 1562 2033 1924 2093; x_wconf 85' lang='lat' dir='ltr'><strong>quaesoque</strong></span> <span class='ocrx_word' id='word_1_172' title='bbox 1949 2032 2064 2091; x_wconf 82' lang='lat' dir='ltr'><strong>per</strong></span> <span class='ocrx_word' id='word_1_173' title='bbox 2092 2034 2216 2077; x_wconf 85' lang='lat' dir='ltr'><strong>ma-</strong></span> 
     </span>
     <span class='ocr_line' id='line_1_23' title="bbox 264 2102 2216 2178; baseline 0.002 -20"><span class='ocrx_word' id='word_1_174' title='bbox 264 2102 540 2161; x_wconf 73' lang='lat' dir='ltr'><strong>iestatem</strong></span> <span class='ocrx_word' id='word_1_175' title='bbox 582 2104 840 2176; x_wconf 72' lang='lat' dir='ltr'><strong>regiam,</strong></span> <span class='ocrx_word' id='word_1_176' title='bbox 882 2103 944 2161; x_wconf 89' lang='lat' dir='ltr'><strong>in</strong></span> <span class='ocrx_word' id='word_1_177' title='bbox 985 2120 1113 2178; x_wconf 88' lang='lat' dir='ltr'><strong>qua</strong></span> <span class='ocrx_word' id='word_1_178' title='bbox 1152 2104 1340 2177; x_wconf 88' lang='lat' dir='ltr'><strong>paulo</strong></span> <span class='ocrx_word' id='word_1_179' title='bbox 1373 2112 1510 2163; x_wconf 87' lang='lat' dir='ltr'><strong>ante</strong></span> <span class='ocrx_word' id='word_1_180' title='bbox 1538 2118 1654 2163; x_wconf 87' lang='lat' dir='ltr'><strong>nos</strong></span> <span class='ocrx_word' id='word_1_181' title='bbox 1689 2116 1943 2178; x_wconf 85' lang='lat' dir='ltr'><strong>quoque</strong></span> <span class='ocrx_word' id='word_1_182' title='bbox 1971 2102 2216 2174; x_wconf 79' lang='lat' dir='ltr'><strong>fuimus,</strong></span> 
     </span>
     <span class='ocr_line' id='line_1_24' title="bbox 262 2184 2218 2261; baseline 0 -16"><span class='ocrx_word' id='word_1_183' title='bbox 262 2200 377 2257; x_wconf 80' lang='lat' dir='ltr'><strong>per</strong></span> <span class='ocrx_word' id='word_1_184' title='bbox 422 2187 612 2255; x_wconf 77' lang='lat' dir='ltr'><strong>gentis</strong></span> <span class='ocrx_word' id='word_1_185' title='bbox 654 2185 1043 2245; x_wconf 80' lang='lat' dir='ltr'><strong>Numidarum</strong></span> <span class='ocrx_word' id='word_1_186' title='bbox 1083 2202 1338 2259; x_wconf 85' lang='lat' dir='ltr'><strong>nomen,</strong></span> <span class='ocrx_word' id='word_1_187' title='bbox 1391 2187 1560 2261; x_wconf 87' lang='lat' dir='ltr'><strong>quod</strong></span> <span class='ocrx_word' id='word_1_188' title='bbox 1598 2186 1704 2245; x_wconf 84' lang='lat' dir='ltr'><strong>tibi</strong></span> <span class='ocrx_word' id='word_1_189' title='bbox 1746 2202 1883 2245; x_wconf 88' lang='lat' dir='ltr'><strong>cum</strong></span> <span class='ocrx_word' id='word_1_190' title='bbox 1926 2184 2218 2260; x_wconf 77' lang='lat' dir='ltr'><strong>Syphace</strong></span> 
     </span>
     <span class='ocr_line' id='line_1_25' title="bbox 262 2267 2216 2342; baseline 0.002 -18"><span class='ocrx_word' id='word_1_191' title='bbox 262 2273 585 2327; x_wconf 74' lang='lat' dir='ltr'><strong>commune</strong></span> <span class='ocrx_word' id='word_1_192' title='bbox 616 2268 741 2338; x_wconf 85' lang='lat' dir='ltr'><strong>fuit,</strong></span> <span class='ocrx_word' id='word_1_193' title='bbox 775 2284 887 2342; x_wconf 86' lang='lat' dir='ltr'><strong>per</strong></span> <span class='ocrx_word' id='word_1_194' title='bbox 913 2268 1172 2328; x_wconf 83' lang='lat' dir='ltr'><strong>huiusce-</strong></span> <span class='ocrx_word' id='word_1_195' title='bbox 1196 2269 1410 2342; x_wconf 75' lang='lat' dir='ltr'><strong>regiae</strong></span> <span class='ocrx_word' id='word_1_196' title='bbox 1439 2270 1614 2339; x_wconf 81' lang='lat' dir='ltr'><strong>deoS,</strong></span> <span class='ocrx_word' id='word_1_197' title='bbox 1647 2270 1752 2341; x_wconf 73' lang='lat' dir='ltr'><strong>qui</strong></span> <span class='ocrx_word' id='word_1_198' title='bbox 1779 2276 1842 2327; x_wconf 85' lang='lat' dir='ltr'><strong>te</strong></span> <span class='ocrx_word' id='word_1_199' title='bbox 1857 2267 2216 2327; x_wconf 87' lang='lat' dir='ltr'><strong>melioribus</strong></span> 
     </span>
     <span class='ocr_line' id='line_1_26' title="bbox 260 2350 2218 2429; baseline 0.001 -20"><span class='ocrx_word' id='word_1_200' title='bbox 260 2350 565 2410; x_wconf 80' lang='lat' dir='ltr'><strong>ominibus</strong></span> <span class='ocrx_word' id='word_1_201' title='bbox 596 2352 914 2425; x_wconf 74' lang='lat' dir='ltr'><strong>accipiant,</strong></span> <span class='ocrx_word' id='word_1_202' title='bbox 959 2368 1141 2426; x_wconf 85' lang='lat' dir='ltr'><strong>quam</strong></span> <span class='ocrx_word' id='word_1_203' title='bbox 1172 2350 1522 2429; x_wconf 76' lang='lat' dir='ltr'><strong>Syphacem</strong></span> <span class='ocrx_word' id='word_1_204' title='bbox 1551 2351 1692 2411; x_wconf 85' lang='lat' dir='ltr'><strong>hinc</strong></span> <span class='ocrx_word' id='word_1_205' title='bbox 1717 2352 2028 2423; x_wconf 87' lang='lat' dir='ltr'><strong>miserunt,</strong></span> <span class='ocrx_word' id='word_1_206' title='bbox 2059 2350 2218 2411; x_wconf 87' lang='lat' dir='ltr'><strong>hanc</strong></span> 
     </span>
     <span class='ocr_line' id='line_1_27' title="bbox 258 2434 2218 2511; baseline 0.001 -19"><span class='ocrx_word' id='word_1_207' title='bbox 258 2434 499 2493; x_wconf 87' lang='lat' dir='ltr'><strong>veniam</strong></span> <span class='ocrx_word' id='word_1_208' title='bbox 528 2434 791 2509; x_wconf 84' lang='lat' dir='ltr'><strong>supplici</strong></span> <span class='ocrx_word' id='word_1_209' title='bbox 825 2435 959 2508; x_wconf 79' lang='lat' dir='ltr'><strong>deS,</strong></span> <span class='ocrx_word' id='word_1_210' title='bbox 1000 2443 1069 2495; x_wconf 86' lang='lat' dir='ltr'><strong>ut</strong></span> <span class='ocrx_word' id='word_1_211' title='bbox 1095 2437 1231 2509; x_wconf 89' lang='lat' dir='ltr'><strong>ipse</strong></span> <span class='ocrx_word' id='word_1_212' title='bbox 1261 2436 1696 2511; x_wconf 85' lang='lat' dir='ltr'><strong>quodcumque</strong></span> <span class='ocrx_word' id='word_1_213' title='bbox 1725 2437 1842 2494; x_wconf 86' lang='lat' dir='ltr'><strong>fert</strong></span> <span class='ocrx_word' id='word_1_214' title='bbox 1867 2434 2106 2493; x_wconf 87' lang='lat' dir='ltr'><strong>animus</strong></span> <span class='ocrx_word' id='word_1_215' title='bbox 2137 2434 2218 2494; x_wconf 86' lang='lat' dir='ltr'><strong>de</strong></span> 
     </span>
     <span class='ocr_line' id='line_1_28' title="bbox 258 2517 2214 2592; baseline 0.001 -17"><span class='ocrx_word' id='word_1_216' title='bbox 258 2517 507 2591; x_wconf 82' lang='lat' dir='ltr'><strong>captiva</strong></span> <span class='ocrx_word' id='word_1_217' title='bbox 544 2525 805 2589; x_wconf 73' lang='lat' dir='ltr'><strong>statuae,</strong></span> <span class='ocrx_word' id='word_1_218' title='bbox 852 2534 1055 2592; x_wconf 85' lang='lat' dir='ltr'><strong>neque</strong></span> <span class='ocrx_word' id='word_1_219' title='bbox 1093 2518 1282 2577; x_wconf 88' lang='lat' dir='ltr'><strong>mein</strong></span> <span class='ocrx_word' id='word_1_220' title='bbox 1326 2518 1686 2592; x_wconf 84' lang='lat' dir='ltr'><strong>cuiusquam</strong></span> <span class='ocrx_word' id='word_1_221' title='bbox 1714 2518 1970 2577; x_wconf 90' lang='lat' dir='ltr'><strong>Romani</strong></span> <span class='ocrx_word' id='word_1_222' title='bbox 1999 2533 2214 2591; x_wconf 84' lang='lat' dir='ltr'><strong>super-</strong></span> 
     </span>
     <span class='ocr_line' id='line_1_29' title="bbox 260 2592 2212 2675; baseline 0.001 -17"><span class='ocrx_word' id='word_1_223' title='bbox 260 2592 403 2659; x_wconf 59' lang='lat' dir='ltr'><strong>bum</strong></span> <span class='ocrx_word' id='word_1_224' title='bbox 425 2607 487 2660; x_wconf 90' lang='lat' dir='ltr'><strong>et</strong></span> <span class='ocrx_word' id='word_1_225' title='bbox 508 2603 755 2661; x_wconf 77' lang='lat' dir='ltr'><strong>crudele</strong></span> <span class='ocrx_word' id='word_1_226' title='bbox 776 2602 1094 2662; x_wconf 75' lang='lat' dir='ltr'><strong>arbitrium</strong></span> <span class='ocrx_word' id='word_1_227' title='bbox 1124 2602 1338 2661; x_wconf 87' lang='lat' dir='ltr'><strong>venire</strong></span> <span class='ocrx_word' id='word_1_228' title='bbox 1359 2602 1548 2661; x_wconf 80' lang='lat' dir='ltr'><strong>sinas.</strong></span> <span class='ocrx_word' id='word_1_229' title='bbox 1597 2600 1650 2661; x_wconf 89' lang='lat' dir='ltr'><strong>si</strong></span> <span class='ocrx_word' id='word_1_230' title='bbox 1673 2600 1819 2660; x_wconf 89' lang='lat' dir='ltr'><strong>nihil</strong></span> <span class='ocrx_word' id='word_1_231' title='bbox 1843 2600 2005 2661; x_wconf 82' lang='lat' dir='ltr'><strong>aliud</strong></span> <span class='ocrx_word' id='word_1_232' title='bbox 2032 2616 2212 2675; x_wconf 79' lang='lat' dir='ltr'><strong>quam</strong></span> 
     </span>
     <span class='ocr_line' id='line_1_30' title="bbox 258 2682 2218 2761; baseline 0.001 -19"><span class='ocrx_word' id='word_1_233' title='bbox 258 2682 565 2761; x_wconf 82' lang='lat' dir='ltr'><strong>Syphacis</strong></span> <span class='ocrx_word' id='word_1_234' title='bbox 609 2702 767 2744; x_wconf 85' lang='lat' dir='ltr'><strong>uxor</strong></span> <span class='ocrx_word' id='word_1_235' title='bbox 809 2686 1093 2758; x_wconf 79' lang='lat' dir='ltr'><strong>fuissem,</strong></span> <span class='ocrx_word' id='word_1_236' title='bbox 1135 2691 1336 2745; x_wconf 89' lang='lat' dir='ltr'><strong>tamen</strong></span> <span class='ocrx_word' id='word_1_237' title='bbox 1365 2684 1662 2745; x_wconf 80' lang='lat' dir='ltr'><strong>Numidae</strong></span> <span class='ocrx_word' id='word_1_238' title='bbox 1691 2692 1878 2759; x_wconf 81' lang='lat' dir='ltr'><strong>atque</strong></span> <span class='ocrx_word' id='word_1_239' title='bbox 1908 2685 1968 2743; x_wconf 90' lang='lat' dir='ltr'><strong>in</strong></span> <span class='ocrx_word' id='word_1_240' title='bbox 1998 2685 2218 2745; x_wconf 82' lang='lat' dir='ltr'><strong>eadem</strong></span> 
     </span>
     <span class='ocr_line' id='line_1_31' title="bbox 256 2767 2212 2843; baseline 0 -17"><span class='ocrx_word' id='word_1_241' title='bbox 256 2782 493 2827; x_wconf 86' lang='lat' dir='ltr'><strong>mecum</strong></span> <span class='ocrx_word' id='word_1_242' title='bbox 523 2769 733 2827; x_wconf 83' lang='lat' dir='ltr'><strong>Africa</strong></span> <span class='ocrx_word' id='word_1_243' title='bbox 772 2769 957 2841; x_wconf 74' lang='lat' dir='ltr'><strong>geniti</strong></span> <span class='ocrx_word' id='word_1_244' title='bbox 1004 2786 1187 2843; x_wconf 81' lang='lat' dir='ltr'><strong>quam</strong></span> <span class='ocrx_word' id='word_1_245' title='bbox 1228 2768 1608 2843; x_wconf 78' lang='lat' dir='ltr'><strong>alienigenae</strong></span> <span class='ocrx_word' id='word_1_246' title='bbox 1649 2776 1710 2828; x_wconf 88' lang='lat' dir='ltr'><strong>et</strong></span> <span class='ocrx_word' id='word_1_247' title='bbox 1748 2769 1982 2827; x_wconf 81' lang='lat' dir='ltr'><strong>externi</strong></span> <span class='ocrx_word' id='word_1_248' title='bbox 2024 2767 2212 2827; x_wconf 82' lang='lat' dir='ltr'><strong>fidem</strong></span> 
     </span>
     <span class='ocr_line' id='line_1_32' title="bbox 253 2850 2212 2925; baseline -0.001 -16"><span class='ocrx_word' id='word_1_249' title='bbox 253 2854 520 2925; x_wconf 80' lang='lat' dir='ltr'><strong>experiri</strong></span> <span class='ocrx_word' id='word_1_250' title='bbox 566 2852 834 2910; x_wconf 54' lang='lat' dir='ltr'><strong>mallen„</strong></span> <span class='ocrx_word' id='word_1_251' title='bbox 880 2852 1027 2925; x_wconf 75' lang='lat' dir='ltr'><strong>quid</strong></span> <span class='ocrx_word' id='word_1_252' title='bbox 1074 2852 1556 2925; x_wconf 83' lang='lat' dir='ltr'><strong>Carthaginiensi</strong></span> <span class='ocrx_word' id='word_1_253' title='bbox 1597 2851 1674 2911; x_wconf 88' lang='lat' dir='ltr'><strong>ab</strong></span> <span class='ocrx_word' id='word_1_254' title='bbox 1708 2852 2018 2925; x_wconf 88' lang='lat' dir='ltr'><strong>Romano,</strong></span> <span class='ocrx_word' id='word_1_255' title='bbox 2063 2850 2212 2925; x_wconf 89' lang='lat' dir='ltr'><strong>quid</strong></span> 
     </span>
     <span class='ocr_line' id='line_1_33' title="bbox 254 2933 2212 3009; baseline 0 -18"><span class='ocrx_word' id='word_1_256' title='bbox 254 2934 413 2993; x_wconf 83' lang='lat' dir='ltr'><strong>filiae</strong></span> <span class='ocrx_word' id='word_1_257' title='bbox 456 2934 855 2997; x_wconf 80' lang='lat' dir='ltr'><strong>Hasdrubalis</strong></span> <span class='ocrx_word' id='word_1_258' title='bbox 902 2937 1224 2995; x_wconf 84' lang='lat' dir='ltr'><strong>timendum</strong></span> <span class='ocrx_word' id='word_1_259' title='bbox 1270 2936 1376 3009; x_wconf 87' lang='lat' dir='ltr'><strong>sit,</strong></span> <span class='ocrx_word' id='word_1_260' title='bbox 1420 2936 1619 2995; x_wconf 76' lang='lat' dir='ltr'><strong>vides.</strong></span> <span class='ocrx_word' id='word_1_261' title='bbox 1689 2934 1740 2993; x_wconf 86' lang='lat' dir='ltr'><strong>si</strong></span> <span class='ocrx_word' id='word_1_262' title='bbox 1783 2936 1945 2993; x_wconf 85' lang='lat' dir='ltr'><strong>nulla</strong></span> <span class='ocrx_word' id='word_1_263' title='bbox 1981 2950 2052 2994; x_wconf 91' lang='lat' dir='ltr'><strong>re</strong></span> <span class='ocrx_word' id='word_1_264' title='bbox 2091 2933 2212 2993; x_wconf 86' lang='lat' dir='ltr'><strong>alia</strong></span> 
     </span>
     <span class='ocr_line' id='line_1_34' title="bbox 254 3018 2208 3090; baseline 0.001 -15"><span class='ocrx_word' id='word_1_265' title='bbox 254 3024 463 3090; x_wconf 86' lang='lat' dir='ltr'><strong>potes,</strong></span> <span class='ocrx_word' id='word_1_266' title='bbox 506 3026 703 3080; x_wconf 85' lang='lat' dir='ltr'><strong>morte</strong></span> <span class='ocrx_word' id='word_1_267' title='bbox 740 3034 839 3077; x_wconf 87' lang='lat' dir='ltr'><strong>me</strong></span> <span class='ocrx_word' id='word_1_268' title='bbox 866 3027 933 3077; x_wconf 88' lang='lat' dir='ltr'><strong>ut</strong></span> <span class='ocrx_word' id='word_1_269' title='bbox 962 3019 1233 3079; x_wconf 86' lang='lat' dir='ltr'><strong>vindices</strong></span> <span class='ocrx_word' id='word_1_270' title='bbox 1268 3019 1344 3078; x_wconf 85' lang='lat' dir='ltr'><strong>ab</strong></span> <span class='ocrx_word' id='word_1_271' title='bbox 1375 3020 1786 3078; x_wconf 84' lang='lat' dir='ltr'><strong>Romanorum</strong></span> <span class='ocrx_word' id='word_1_272' title='bbox 1813 3018 2064 3079; x_wconf 74' lang='lat' dir='ltr'><strong>arbitrio</strong></span> <span class='ocrx_word' id='word_1_273' title='bbox 2095 3032 2208 3077; x_wconf 86' lang='lat' dir='ltr'><strong>oro</strong></span> 
     </span>
     <span class='ocr_line' id='line_1_35' title="bbox 252 3099 2208 3176; baseline 0 -20"><span class='ocrx_word' id='word_1_274' title='bbox 252 3099 706 3175; x_wconf 83' lang='lat' dir='ltr'><strong>obtestorque“.</strong></span> <span class='ocrx_word' id='word_1_275' title='bbox 777 3104 973 3166; x_wconf 81' lang='lat' dir='ltr'><strong>forma</strong></span> <span class='ocrx_word' id='word_1_276' title='bbox 1010 3110 1141 3162; x_wconf 87' lang='lat' dir='ltr'><strong>erat</strong></span> <span class='ocrx_word' id='word_1_277' title='bbox 1161 3100 1424 3176; x_wconf 82' lang='lat' dir='ltr'><strong>insignis</strong></span> <span class='ocrx_word' id='word_1_278' title='bbox 1456 3110 1516 3161; x_wconf 88' lang='lat' dir='ltr'><strong>et</strong></span> <span class='ocrx_word' id='word_1_279' title='bbox 1543 3101 1982 3162; x_wconf 79' lang='lat' dir='ltr'><strong>florentissima</strong></span> <span class='ocrx_word' id='word_1_280' title='bbox 2007 3108 2208 3160; x_wconf 80' lang='lat' dir='ltr'><strong>aetas=</strong></span> 
     </span>
     <span class='ocr_line' id='line_1_36' title="bbox 253 3181 2205 3260; baseline 0.002 -21"><span class='ocrx_word' id='word_1_281' title='bbox 253 3181 458 3255; x_wconf 83' lang='lat' dir='ltr'><strong>itaque</strong></span> <span class='ocrx_word' id='word_1_282' title='bbox 502 3201 635 3243; x_wconf 79' lang='lat' dir='ltr'><strong>cum</strong></span> <span class='ocrx_word' id='word_1_283' title='bbox 677 3186 864 3247; x_wconf 87' lang='lat' dir='ltr'><strong>modo</strong></span> <span class='ocrx_word' id='word_1_284' title='bbox 908 3186 1185 3245; x_wconf 87' lang='lat' dir='ltr'><strong>dextram</strong></span> <span class='ocrx_word' id='word_1_285' title='bbox 1216 3188 1592 3260; x_wconf 81' lang='lat' dir='ltr'><strong>amplectens</strong></span> <span class='ocrx_word' id='word_1_286' title='bbox 1621 3188 1680 3245; x_wconf 90' lang='lat' dir='ltr'><strong>in</strong></span> <span class='ocrx_word' id='word_1_287' title='bbox 1713 3186 1808 3259; x_wconf 90' lang='lat' dir='ltr'><strong>id,</strong></span> <span class='ocrx_word' id='word_1_288' title='bbox 1854 3200 1932 3243; x_wconf 83' lang='lat' dir='ltr'><strong>ne</strong></span> <span class='ocrx_word' id='word_1_289' title='bbox 1959 3184 2058 3243; x_wconf 88' lang='lat' dir='ltr'><strong>cui</strong></span> <span class='ocrx_word' id='word_1_290' title='bbox 2085 3185 2205 3243; x_wconf 86' lang='lat' dir='ltr'><strong>Ro·</strong></span> 
     </span>
     <span class='ocr_line' id='line_1_37' title="bbox 250 3266 2216 3353; baseline 0.002 -31"><span class='ocrx_word' id='word_1_291' title='bbox 250 3280 429 3353; x_wconf 79' lang='lat' dir='ltr'><strong>mano</strong></span> <span class='ocrx_word' id='word_1_292' title='bbox 459 3269 813 3341; x_wconf 71' lang='lat' dir='ltr'><strong>traderetur,</strong></span> <span class='ocrx_word' id='word_1_293' title='bbox 845 3268 1029 3329; x_wconf 85' lang='lat' dir='ltr'><strong>fidem</strong></span> <span class='ocrx_word' id='word_1_294' title='bbox 1058 3275 1442 3343; x_wconf 75' lang='lat' dir='ltr'><strong>exposceret,</strong></span> <span class='ocrx_word' id='word_1_295' title='bbox 1475 3271 1856 3343; x_wconf 72' lang='lat' dir='ltr'><strong>propiusque</strong></span> <span class='ocrx_word' id='word_1_296' title='bbox 1881 3266 2216 3327; x_wconf 74' lang='lat' dir='ltr'><strong>blanditias</strong></span> 
     </span>
     <span class='ocr_line' id='line_1_38' title="bbox 248 3350 2204 3429; baseline 0.002 -21"><span class='ocrx_word' id='word_1_297' title='bbox 248 3350 441 3409; x_wconf 81' lang='lat' dir='ltr'><strong>oratio</strong></span> <span class='ocrx_word' id='word_1_298' title='bbox 486 3360 651 3411; x_wconf 80' lang='lat' dir='ltr'><strong>esset</strong></span> <span class='ocrx_word' id='word_1_299' title='bbox 689 3368 874 3425; x_wconf 84' lang='lat' dir='ltr'><strong>quarn</strong></span> <span class='ocrx_word' id='word_1_300' title='bbox 919 3370 1169 3429; x_wconf 83' lang='lat' dir='ltr'><strong>preces,</strong></span> <span class='ocrx_word' id='word_1_301' title='bbox 1226 3368 1348 3413; x_wconf 80' lang='lat' dir='ltr'><strong>non</strong></span> <span class='ocrx_word' id='word_1_302' title='bbox 1388 3352 1456 3412; x_wconf 86' lang='lat' dir='ltr'><strong>in·</strong></span> <span class='ocrx_word' id='word_1_303' title='bbox 1491 3352 1971 3413; x_wconf 69' lang='lat' dir='ltr'><strong>misericordizzm</strong></span> <span class='ocrx_word' id='word_1_304' title='bbox 2018 3350 2204 3411; x_wconf 83' lang='lat' dir='ltr'><strong>modo</strong></span> 
     </span>
     <span class='ocr_line' id='line_1_39' title="bbox 244 3434 2200 3511; baseline 0.002 -20"><span class='ocrx_word' id='word_1_305' title='bbox 244 3434 577 3509; x_wconf 76' lang='lat' dir='ltr'><strong>prolapsus</strong></span> <span class='ocrx_word' id='word_1_306' title='bbox 606 3443 708 3495; x_wconf 79' lang='lat' dir='ltr'><strong>est</strong></span> <span class='ocrx_word' id='word_1_307' title='bbox 733 3438 969 3498; x_wconf 85' lang='lat' dir='ltr'><strong>animus</strong></span> <span class='ocrx_word' id='word_1_308' title='bbox 998 3437 1265 3510; x_wconf 77' lang='lat' dir='ltr'><strong>victoris,</strong></span> <span class='ocrx_word' id='word_1_309' title='bbox 1313 3436 1444 3508; x_wconf 86' lang='lat' dir='ltr'><strong>sed,</strong></span> <span class='ocrx_word' id='word_1_310' title='bbox 1472 3442 1539 3495; x_wconf 88' lang='lat' dir='ltr'><strong>ut</strong></span> <span class='ocrx_word' id='word_1_311' title='bbox 1567 3442 1662 3495; x_wconf 82' lang='lat' dir='ltr'><strong>est</strong></span> <span class='ocrx_word' id='word_1_312' title='bbox 1687 3451 1882 3511; x_wconf 84' lang='lat' dir='ltr'><strong>genus</strong></span> <span class='ocrx_word' id='word_1_313' title='bbox 1916 3434 2200 3495; x_wconf 61' lang='lat' dir='ltr'><strong>Numida-</strong></span> 
     </span>
    </p>
   </div>
  </div>
 </body>
</html>
