2550 3959
325 222 450 289 106
659 222 891 285 LIBER
914 222 1127 283 XXVI.
1170 220 1336 283 cAP.
1366 230 1421 283 4.
1443 232 1498 284 5.
1541 226 1615 295 [a.
1647 225 1716 281 Ul
1745 244 1795 280 c.
1822 225 1948 294 541]

322 380 389 436 ut
410 372 583 449 quod
608 370 842 433 viribus
872 371 1113 446 deerat,
1156 378 1288 431 arte
1315 377 1701 447 aequaretur.
1777 386 1858 431 ex
1885 370 2168 433 omnibus
2197 371 2290 436 le—

322 456 607 534 gionibus
630 455 809 517 electi
830 454 1250 518 sunt-iuvenes
1270 454 1540 515 maxime
1556 455 1770 531 vigore
1789 470 1868 516 ae
1880 453 2126 517 levitate
2147 470 2290 517 cor—

322 557 544 619 porum
572 540 857 611 veloces;
901 540 993 600 eis
1018 554 1269 614 parmae
1295 537 1612 599 breviores
1643 554 1828 615 quum
1871 546 2195 615 equestres
2222 545 2292 601 et

324 630 583 701 septena
607 624 809 685 iacula
832 630 1165 698 quaternos
1188 623 1376 699 longa
1395 624 1596 699 pedes
1623 623 1766 685 data
1796 623 2074 699 praefixa
2099 625 2300 701 ferro,-

325 710 506 785 quale
534 707 729 769 hastis
760 706 1110 767 velitaribus
1140 707 1320 767 inest.
1365 722 1477 767 eos
1505 706 1782 782 singulos
1812 708 1874 767 in
1905 723 2106 783 equos
2129 723 2288 770 suos

324 792 695 869 accipientes
724 790 965 867 equites
995 790 1474 851 adsueieeemnt
1496 796 1563 851 et
1586 790 1726 851 vehi
1755 798 1902 867 post
1927 808 2073 853 sese
2093 798 2154 852 et
2175 791 2286 853 de-

324 877 491 938 silire
503 875 849 951 perniciter,
870 875 975 936 ubi
1000 874 1209 936 datum
1228 874 1470 949 signum
1491 880 1678 937 esset.
1708 881 2038 951 postquam
2059 876 2288 938 adsue-

320 960 533 1021 tudine
574 958 929 1035 quotidiana
956 959 1106 1021 satis
1146 958 1448 1035 intrepide
1473 958 1607 1019 fieri
1632 959 1832 1020 visum
1857 966 1985 1033 est,
2027 960 2092 1021 in
2121 974 2290 1022 eam—

320 1059 497 1121 pum,
544 1043 650 1118 qui
690 1044 931 1107 medius
971 1044 1129 1104 inter
1153 1049 1360 1104 eastra
1383 1059 1742 1120 murumque
1777 1050 1936 1120 erat,
1980 1044 2288 1119 adversus

321 1128 651 1189 instructos
681 1127 1131 1205 Campanorum
1158 1126 1399 1204 equites
1426 1134 1894 1203 processa-unu
1937 1133 2028 1203 et,
2069 1126 2176 1189 ubi
2203 1128 2292 1188 ad

322 1210 665 1273 coniectum
704 1210 809 1272 teli
850 1218 1097 1273 ventum
1135 1218 1257 1285 est,
1305 1212 1482 1287 signo
1529 1211 1672 1275 dato
1716 1212 1932 1273 velites
1974 1211 2288 1273 desiliunt.

318 1295 633 1374 pedestris
660 1296 805 1357 inde
833 1296 1001 1358 acies
1028 1312 1109 1357 ex
1138 1296 1411 1371 equitatu
1435 1302 1692 1371 repente
1719 1297 1784 1357 in
1810 1296 2078 1361 hostium
2109 1296 2288 1371 equi-

320 1385 419 1441 tes
460 1380 735 1453 incurrit,
778 1380 1103 1455 iaculaque
1142 1394 1284 1441 cum
1309 1380 1544 1455 impetu
1581 1380 1702 1440 alia
1729 1395 1922 1457 super
1945 1380 2072 1441 alla
2111 1380 2287 1441 emit·-

316 1470 470 1527 tunt.
528 1464 749 1538 quibus
778 1464 1055 1539 plurimis
1081 1463 1145 1523 in
1172 1478 1371 1538 equos
1399 1463 1696 1539 virosque
1721 1464 1958 1541 passim
1985 1463 2286 1525 coniectis

319 1548 657 1627 permultos
688 1548 1187 1623 vulneraverunt,
1230 1548 1486 1624 pavoris
1511 1554 1714 1609 tamen
1742 1550 1884 1625 plus
1913 1564 1994 1609 ex
2020 1564 2088 1609 re
2114 1564 2285 1611 nova

318 1640 505 1709 atque
526 1631 839 1711 inopinata
858 1632 1146 1697 iniectum
1166 1638 1280 1708 est,
1311 1632 1452 1693 etin
1475 1632 1826 1709 perculsum
1846 1632 2088 1693 hostem
2109 1633 2288 1712 equi-

318 1724 415 1781 tes
443 1718 669 1779 invecti
698 1719 905 1795 fugam
934 1725 1324 1793 stragemque
1363 1732 1582 1779 eorum
1605 1732 1808 1793 usque
1835 1718 2158 1794 adportas
2195 1717 2285 1777 fe·

320 1809 549 1864 cerunt.
618 1803 762 1863 inde
802 1802 1075 1877 equitatu
1115 1816 1366 1878 quoque
1405 1800 1692 1877 superior
1715 1802 1995 1874 Romana
2021 1816 2123 1862 res
2151 1800 2288 1863 fuit.

318 1882 657 1949 institutum
684 1893 750 1947 ut
775 1886 991 1947 velites
1020 1886 1083 1945 in
1110 1884 1458 1961 legionibus
1485 1891 1716 1947 essent.
1773 1891 2081 1947 auctorem
2112 1885 2288 1961 pedi-

320 1977 449 2033 tum
476 1969 661 2047 equiti
690 1969 1229 2031 immiscendorum
1257 1968 1674 2031 centurionem
1696 1968 1767 2044 Q.
1787 1969 2044 2039 Navium
2065 1970 2284 2043 ferunt,

323 2054 669 2129 honorique
693 2050 761 2114 id
790 2053 849 2113 ei
876 2053 1047 2129 apud
1072 2054 1503 2133 imperatorem
1531 2054 1744 2114 fuisse.

484 2138 565 2198 V.
620 2136 771 2198 Cum
796 2136 859 2198 in
886 2138 1008 2199 hoc
1036 2142 1199 2197 statu
1228 2137 1310 2198 ad
1341 2138 1614 2213 Capuam
1640 2154 1742 2197 res
1771 2143 2012 2210 essent,
2053 2136 2284 2200 Hanni-

321 2217 521 2282 balem
542 2222 853 2283 diversum
865 2220 1226 2283 Tarentinae
1254 2221 1416 2283 arcis
1445 2222 1779 2298 potiundae
1794 2220 2164 2297 Capuaeque
2184 2236 2282 2282 re-

316 2304 610 2365 tinendae
630 2306 955 2367 trahebant
978 2321 1183 2367 curae.
1252 2305 1403 2367 vicit
1425 2312 1628 2366 tamen
1657 2312 1982 2383 respectus
2011 2304 2282 2381 Capuae,

318 2388 381 2449 in
405 2404 589 2464 quam
610 2390 887 2453 omnium
914 2390 1227 2452 soci-orum
1247 2390 1642 2466 hostiumque
1669 2404 2012 2451 conversos
2033 2388 2286 2452 videbat

321 2472 579 2549 animos,
621 2474 989 2537 documento
1020 2476 1276 2549 futurae,
1323 2475 1834 2551 qualemcumque
1860 2479 2146 2535 eventum
2174 2473 2282 2533 de-

318 2556 503 2619 fectio
532 2558 612 2619 ab
638 2558 934 2621 Romanis
964 2557 1304 2619 habuisset.
1365 2558 1548 2633 igitur
1573 2574 1795 2633 magna
1823 2565 1996 2635 parte
2023 2558 2282 2634 impedi-

318 2648 664 2702 mentorum
690 2644 903 2703 relicta
928 2642 991 2701 in
1005 2642 1257 2703 Bruttiis
1285 2649 1347 2705 et
1373 2641 1538 2702 omni
1564 2642 1851 2717 graviore
1879 2648 2114 2703 armatu
2141 2656 2282 2703 cum

318 2724 575 2801 delectis
602 2726 875 2801 peditum
902 2726 1318 2802 equitumque,
1357 2742 1542 2801 quam
1566 2732 1810 2801 poterat
1837 2725 2174 2802 aptissimis
2201 2724 2284 2787 ud

317 2810 745 2871 maturandum
775 2810 903 2883 iter,
948 2809 1011 2869 in
1041 2808 1432 2885 Campaniam
1459 2810 1790 2871 contendit.
1857 2810 2050 2872 secuti
2077 2816 2280 2871 tamen

316 2897 441 2951 tam
472 2892 697 2969 raptim
724 2898 967 2953 euntem
994 2900 1120 2953 tres
1150 2898 1213 2952 et
1238 2892 1482 2968 triginta
1509 2893 1836 2969 elephanti.
1897 2894 1960 2956 in
1985 2895 2279 2955 valle-oc—

320 2975 485 3035 culta
523 2982 671 3051 post
702 2975 897 3036 Tifata
932 2984 1202 3039 montem
1242 2976 1652 3039 imminentem
1693 2976 1942 3055 Capuae
1982 2978 2280 3039 consedit.

317 3058 657 3120 adveniens
686 3074 826 3121 cum
855 3060 1171 3121 castellum
1200 3060 1496 3121 Galatiam
1524 3061 1838 3137 praesidio
1868 3062 1932 3122 vi
1966 3063 2148 3139 pulso
2179 3076 2278 3122 ce-

316 3141 546 3219 pisset,
588 3142 650 3203 in
688 3144 1209 3205 circumsedentes
1240 3144 1509 3221 Capuam
1545 3160 1618 3207 se
1644 3146 1842 3207 vertit.
1918 3145 2280 3222 praemissis

316 3242 585 3304 namque
614 3227 839 3289 nuntiis
864 3227 1149 3304 Capuam,
1182 3243 1308 3303 quo
1336 3235 1613 3305 tempore
1641 3236 1846 3291 castra
1864 3230 2145 3291 Romana
2171 3229 2279 3290 ad-

317 3324 647 3385 gressurus
674 3319 859 3388 esset,
888 3317 957 3374 ut
978 3312 1199 3373 eodem
1220 3316 1282 3372 et
1302 3310 1386 3371 illi
1409 3313 1491 3373 ad
1513 3313 1894 3389 eruptionem
1915 3314 2114 3389 parati
2134 3330 2276 3390 por·

315 3392 396 3455 tis
426 3394 713 3456 omnibus
734 3411 881 3459 sese
908 3394 1310 3471 effunderent,
1338 3396 1644 3471 ingentem
1663 3398 1945 3473 praebuit
1963 3404 2281 3459 terrorem.

314 3492 455 3537 nam
494 3478 618 3539 alia
653 3486 829 3555 parte
869 3480 1008 3557 ipse
1060 3480 1312 3541 adortus
1355 3485 1480 3553 est,
1548 3479 1671 3543 alia
1709 3480 2002 3559 Campani
2041 3497 2288 3554 omnes,
