2550 3959
363 216 446 283 20
697 218 928 279 LIBER
955 217 1168 277 XXIV.
1215 216 1380 277 CAP.
1409 226 1464 281 8.
1495 224 1549 281 9.
1596 223 1670 292 [a.
1696 220 1761 276 U.
1796 242 1843 277 c.
1865 230 1993 293 5381

357 371 428 433 id
451 370 756 447 indignari
779 384 1026 447 posseS,
1058 370 1328 445 aliquem
1355 370 1414 429 in
1443 370 1687 432 civitate
1706 372 1986 435 Romana
2012 371 2331 437 meliorem

359 456 524 519 bello
564 455 779 516 haberi
823 470 1006 530 quam
1049 461 1125 514 te.
1192 454 1389 529 magis
1434 454 1656 516 nullius
1698 455 1951 519 interest
1990 474 2179 535 quam
2205 468 2331 537 ma„

355 542 426 602 Τ.
458 538 690 614 Otacili,
725 553 848 598 non
880 538 1109 613 imponi
1141 538 1488 600 cervicibus
1519 538 1637 600 tuis
1668 554 1843 616 onus,
1874 540 1990 601 sub
2023 558 2148 618 quo
2179 558 2329 607 oon-

335 624 554 689 ‘cldaa
621 637 738 698 ego
769 636 1146 698 magnopere
1176 636 1399 683 moneo
1430 623 1822 698 suadeoque,
1870 626 2091 686 eodem
2121 627 2327 687 animo

361 710 509 787 que,
538 706 594 769 si
623 706 924 767 stantibus
951 704 1128 767 vobis
1159 705 1220 765 in
1249 705 1444 766 aciem
1472 707 1719 768 armatis
1742 716 1993 785 repente
2018 708 2335 787 deligend-‘i

358 792 486 854 duo
525 790 932 867 imperatores
974 797 1213 865 essent,
1282 806 1543 865 quoium
1593 791 1775 852 ductu
1820 799 2002 867 atque
2044 794 2327 871 auspicio

355 875 750 949 dimicamus,
781 874 969 935 hodie
993 890 1240 950 quoque
1273 874 1563 935 consules
1596 875 1832 949 creetis,
1866 875 2089 952 quibus
2118 894 2327 940 sacra-

361 966 565 1021 mento
590 958 764 1019 liberi
797 958 982 1019 vestri
1007 959 1228 1031 dicant,
1260 960 1342 1017 ad
1366 974 1627 1034 quorum
1650 958 1913 1020 edictum
1938 962 2327 1039 conveniant,

357 1043 478 1105 sub
511 1059 771 1119 quorum
801 1042 986 1103 tutela
1025 1050 1208 1117 atque
1237 1058 1387 1104 cura
1427 1043 1696 1104 militent.
1762 1046 1935 1105 lacus
1962 1044 2325 1105 Trasumen·

361 1144 480 1189 nus
521 1135 582 1187 et
611 1126 856 1187 Cannae
899 1127 1093 1187 tn'stia
1134 1129 1215 1187 ad
1257 1126 1744 1188 recordationem
1787 1129 2070 1204 exempla
2096 1124 2213 1189 s'ed
2242 1130 2327 1191 ad

359 1211 826 1289 praecavendas
878 1210 1109 1272 similes
1163 1211 1374 1271 clades
1426 1213 1789 1271 documento
1842 1220 2001 1272 sunt.
2077 1227 2325 1287 praecO,

361 1296 697 1357 Aniensem
745 1295 1050 1356 iuniorum
1099 1295 1160 1354 in
1212 1294 1571 1370 suffragium
1617 1300 1903 1355 revoca“.
2012 1296 2112 1355 lX.
2178 1294 2324 1356 Cum

353 1380 425 1439 T.
443 1378 734 1440 otacilius
765 1378 1048 1439 ferociter
1077 1394 1214 1438 eum
1245 1379 1601 1439 continuare
1628 1380 2009 1440 consulatum
2036 1380 2193 1440 velle
2218 1395 2324 1440 vo·

365 1468 720 1525 hirei-aretur
747 1469 933 1537 atque
978 1462 1390 1537 obstreperet,
1436 1463 1681 1523 lictores
1722 1463 1799 1522 ad
1845 1478 1985 1523 eum
2028 1464 2329 1524 accedere

358 1549 581 1609 consul
624 1547 830 1621 iussit,
875 1556 936 1606 et
976 1546 1120 1622 quia
1158 1547 1222 1606 in
1263 1546 1477 1607 urbem
1520 1562 1642 1607 non
1685 1546 1904 1606 inierat
1942 1547 2221 1623 protinus
2264 1548 2326 1608 in

359 1646 649 1707 campum
689 1646 768 1691 cx
810 1630 1022 1691 itinere
1063 1631 1411 1706 prorectuS‚
1466 1630 1779 1691 admonuit
1818 1645 1957 1690 cum
1998 1632 2327 1693 securibus

361 1715 479 1777 sini
511 1717 716 1775 fasces
741 1714 1055 1791 praeferri.
1103 1714 1319 1774 iterum
1354 1714 1781 1791 praerogativa
1810 1713 2169 1791 suffragium
2197 1715 2326 1790 init,

357 1799 675 1875 creatique
725 1799 788 1858 in
837 1813 913 1859 ea
966 1800 1255 1859 consules
1308 1798 1376 1872 Q.
1419 1798 1641 1859 Fabius
1690 1799 1994 1859 Maximus
2048 1806 2327 1875 quartum

361 1884 442 1945 Μ.
469 1883 798 1944 Marcellus
827 1882 1090 1943 tertium.
1135 1882 1393 1943 eosdem
1424 1883 1712 1942 consules
1744 1890 1985 1943 ceterae
2015 1883 2328 1945 centuriae

361 1968 497 2028 sine
536 1967 874 2027 variatione
916 1967 1040 2026 ulla
1081 1968 1384 2031 dixerunt.
1458 1974 1519 2025 et
1570 1973 1815 2042 praetor
1863 1983 2022 2027 unus
2060 1968 2329 2029 resectus

365 2052 433 2126 ς).
459 2052 716 2112 Fulvius
745 2052 1034 2122 Flaccus,
1081 2050 1226 2110 novi
1255 2051 1358 2109 alii
1388 2050 1603 2122 creati,
1642 2049 1707 2107 T.
1740 2048 2030 2111 Otacilius
2063 2050 2330 2112 Crassus

363 2138 608 2217 iterum,
660 2135 728 2209 Q.
757 2134 983 2195 Fabius
1016 2133 1289 2195 consulis
1318 2133 1513 2206 filiuS,
1560 2134 1663 2209 qui
1692 2140 1821 2193 tum
1849 2134 2067 2195 aedilis
2099 2136 2328 2197 curulis

364 2228 510 2293 erat,
552 2219 616 2279 P.
650 2219 966 2280 Cornelius
995 2220 1305 2279 Lentulus·
1368 2217 1628 2277 comitiis
1659 2225 2009 2293 praetorum
2043 2219 2329 2295 perfectis

362 2311 617 2364 senatus
647 2303 992 2365 consultum
1023 2303 1264 2375 factum,
1295 2308 1364 2363 ut
1384 2302 1452 2375 Q.
1475 2298 1688 2361 Fulvio
1719 2310 1893 2364 extra
1920 2303 2197 2364 ordinem
2226 2320 2327 2364 ur·

363 2384 526 2446 bana
549 2386 869 2465 provincia
892 2394 1076 2461 esset,
1101 2386 1281 2462 isque
1305 2385 1691 2461 potissimum
1714 2387 2072 2448 consulibus
2096 2387 2177 2447 ad
2198 2386 2328 2447 bel-

367 2472 484 2532 lum
513 2470 805 2548 profectis
827 2470 966 2531 urbi
987 2477 1325 2547 praeesset.
1392 2486 1592 2546 aquae
1628 2486 1887 2546 magnae
1920 2470 2015 2529 bis
2052 2485 2127 2530 eo
2164 2486 2328 2531 anno

362 2558 635 2632 fuerunt,
685 2554 1048 2631 Tiberisque
1089 2570 1274 2630 agros
1327 2553 1645 2615 inundavit
1686 2571 1823 2615 cum
1862 2570 2083 2631 magna
2124 2562 2331 2629 strage

361 2648 663 2702 tectorum
691 2655 1108 2715 pecorumque
1137 2647 1197 2699 et
1224 2638 1537 2698 hominum
1564 2638 1856 2713 pernicie.

535 2722 754 2799 Quinto
787 2738 948 2783 anno
979 2722 1234 2783 secundi
1261 2722 1470 2784 Punici
1496 2722 1642 2782 belli
1671 2723 1739 2796 Q.
1768 2721 1993 2783 Fabius
2022 2722 2331 2784 Maximus

361 2816 648 2885 quartum
690 2807 771 2865 M.
819 2806 1107 2867 Claudius
1151 2807 1479 2867 Marcellus
1535 2806 1775 2867 tertium
1818 2807 2202 2866 consulatum
2242 2808 2332 2868 in·

361 2898 581 2953 clintes
607 2891 745 2965 plus
769 2890 952 2951 solito
978 2898 1407 2951 converterant
1426 2892 1488 2951 in
1513 2906 1583 2951 se
1604 2890 1867 2950 civitatis
1887 2890 2157 2949 animos:
2182 2893 2333 2951 mul-

363 2977 444 3035 tis
486 2974 650 3034 enim
689 2975 866 3034 annis
895 2975 1017 3035 tale
1059 2975 1380 3035 consulum
1419 2992 1534 3053 par
1558 2991 1681 3035 non
1712 2974 1925 3033 ruerat.
1986 2973 2336 3036 referebant

367 3074 551 3120 senes
583 3058 674 3118 sic
693 3058 1029 3120 Maximum
1055 3059 1299 3121 Rullum
1330 3074 1463 3120 curn
1488 3058 1552 3118 P.
1575 3057 1764 3118 Decio
1793 3058 1873 3117 ad
1900 3056 2127 3117 bellum
2152 3059 2332 3118 Galli·

364 3160 523 3218 cum,
554 3144 646 3205 sic
670 3151 894 3220 postea
907 3144 1210 3220 Papirium
1229 3144 1677 3218 Carviliumque
1704 3143 2008 3202 adversus
2026 3141 2332 3204 Samnites

367 3229 758 3304 Bruttiosque
787 3236 848 3290 et
868 3229 1178 3289 Lucanum
1205 3244 1342 3289 cum
1363 3226 1685 3287 Tarentino
1714 3228 2014 3303 populum
2042 3228 2334 3288 consules

363 3311 733 3373 declaratos.
811 3312 1040 3373 absens
1080 3312 1408 3374 Marcellus
1460 3312 1677 3372 consul
1730 3317 2003 3383 creatuS,
2064 3326 2202 3371 cum
2252 3310 2335 3371 ad

365 3396 702 3458 exercitum.
740 3403 942 3469 esset;
985 3396 1297 3475 praesenti
1323 3396 1513 3457 Fabio
1556 3400 1742 3471 atque
1783 3394 1924 3472 ipso
1956 3393 2202 3455 comitia
2226 3394 2335 3455 ha-

365 3478 552 3541 bente
579 3482 933 3542 consulatus
965 3479 1369 3542 continuatus.
1435 3487 1676 3557 tempus
1718 3495 1791 3540 ac
1822 3478 2160 3539 necessitas
2188 3477 2335 3538 belli
