2550 3959
379 196 462 263 58
743 196 974 257 LIBER
997 193 1183 257 XXV.
1230 195 1397 255 CAP-
1426 202 1480 258 6.
1502 201 1555 259 ’1.
1602 201 1675 271 [ει.
1700 199 1769 253 U.
1793 217 1841 252 c.
1866 198 1995 267 540]

383 355 768 427 septuagnta
806 348 988 423 fugit,
1026 346 1189 408 undc
1230 362 1410 407 nemo
1454 352 1741 422 superest
1780 345 1899 406 nisi
1936 362 2119 422 quem
2149 346 2349 411 hostis

383 432 703 498 caedendo
743 434 950 493 fessus
991 430 1279 505 reliquit?
1317 446 1454 491 cum
1496 428 1758 506 captivis
1787 430 2127 505 redemptio
2159 447 2343 507 nega-

383 518 594 589 batur,
639 533 755 577 nos
796 517 980 590 vulgo
1025 513 1303 575 homines
1346 513 1705 589 laudabant,
1753 514 1922 589 quod
1948 514 2037 574 rei
2064 514 2349 590 publicae

386 618 502 663 nos
543 614 1073 672 reservassemuS‚
1118 598 1289 673 quod
1328 599 1409 658 ad
1440 600 1756 659 consulem
1783 597 2122 659 Venusiam
2150 598 2347 659 redis-

387 702 618 761 semuS,
647 691 708 745 et
727 682 1008 759 ,speeiem
1035 682 1179 743 iusti
1207 682 1513 743 exercitus
1543 682 1940 743 fecisseinus=
1984 698 2149 743 nunc
2178 683 2348 744 dete-

385 770 550 831 riore
593 767 954 829 condicione
998 783 1212 827 sumus
1257 783 1442 841 quam
1483 766 1649 842 apud
1689 772 1898 842 patres
1938 772 2188 827 nostros
2219 767 2349 827 fue-

387 859 526 914 rant
551 851 794 928 captivi.
838 850 1068 928 quippe
1088 850 1208 910 illis
1230 866 1400 909 arma
1420 857 1650 911 tantum
1670 856 1858 925 atque
1880 850 2032 911 ordo
2056 850 2351 911 militandi

388 939 724 1012 locusque,
755 936 818 997 in
850 951 972 1011 quo
1003 936 1324 997 tenderent
1349 936 1413 996 in
1444 934 1692 1009 castriS,
1725 940 1821 995 est
1847 940 2145 1005 mutatus3
2186 950 2349 1011 quac

387 1028 589 1081 tamen
620 1020 812 1081 semel
840 1025 1061 1080 navata
1086 1019 1175 1079 rei
1204 1019 1486 1093 publicae
1516 1034 1706 1094 opera
1734 1026 1796 1079 et
1822 1034 1943 1079 uno
1976 1018 2137 1079 felici
2167 1034 2349 1094 proe-

388 1104 470 1166 lio
513 1110 982 1179 recuperarunt:
1029 1118 1208 1166 nemo
1252 1118 1467 1165 eorum
1494 1104 1802 1177 relegatus
1831 1100 1894 1161 in
1922 1102 2205 1163 exsilium
2234 1109 2347 1175 est,

391 1188 614 1249 nemini
647 1204 795 1264 spes
827 1188 1138 1249 emerendi
1167 1187 1475 1262 stipendia
1502 1186 1816 1261 adempta,
1857 1186 2053 1248 hostis
2084 1186 2350 1262 denique

390 1279 488 1333 cst
517 1272 715 1343 datus,
762 1287 900 1333 cum
932 1288 1056 1348 quo
1087 1270 1448 1333 dimicantes
1480 1280 1583 1331 aut
1608 1270 1794 1331 vitam
1824 1271 2015 1332 semel
2044 1278 2148 1331 aut
2175 1270 2345 1345 igno-

388 1355 636 1417 miniam
663 1355 937 1417 finirent=
965 1388 1050 1399 —
1079 1372 1227 1429 ηοε,
1275 1356 1529 1431 quibus,
1562 1354 1680 1415 nisi
1713 1354 1881 1429 quod
1911 1354 2348 1431 commisimuS,

389 1446 456 1499 ut
486 1440 812 1516 quisquam
839 1454 918 1499 ex
942 1439 1242 1501 Cannensi
1274 1440 1407 1499 acie
1436 1439 1611 1499 miles
1634 1439 1947 1500 Romanus
1968 1447 2347 1513 superesset,

390 1523 537 1583 nihil
568 1524 724 1583 obici
757 1528 980 1599 potest,
1011 1538 1134 1583 non
1166 1525 1365 1584 solum
1394 1540 1431 1582 a
1459 1524 1657 1599 patria
1676 1524 1894 1598 procul
1917 1524 2211 1598 Italiaque
2234 1524 2349 1584 sed

390 1606 466 1666 ab
498 1606 677 1667 hoste
707 1606 887 1669 etiam
910 1606 1164 1683 relegati
1194 1622 1427 1683 sumus,
1456 1607 1563 1667 ubi
1592 1622 1988 1669 senescamus
2017 1608 2080 1667 in
2110 1607 2349 1681 exsilio,

389 1706 468 1751 ne
510 1706 634 1766 qua
675 1706 854 1766 spes,
897 1706 976 1750 ne
1018 1708 1140 1766 qua
1180 1691 1429 1753 occasio
1459 1691 1801 1752 abolendae
1829 1690 2228 1765 ignominiae,
2274 1707 2353 1751 nc

391 1791 516 1849 qua
543 1774 883 1850 placandae
913 1774 1134 1836 civium
1162 1775 1307 1851 irae,
1339 1791 1417 1836 ne
1439 1792 1561 1851 qua
1585 1775 1851 1851 denique
1874 1776 2030 1835 bene
2050 1775 2353 1836 moriendi

389 1858 484 1920 sit.
533 1874 736 1935 neque
774 1857 1144 1935 ignominiae
1185 1860 1371 1919 finem
1412 1874 1526 1919 nec
1554 1858 1789 1920 virtutis
1830 1858 2170 1935 praemium
2196 1860 2353 1934 peti-

388 1958 556 2002 mus:
601 1943 786 2004 modo
831 1943 1097 2017 experiri
1137 1942 1405 2004 animum
1432 1950 1493 2002 et
1520 1943 1802 2004 virtutem
1831 1958 2123 2003 exercere
2150 1943 2351 2005 liceat.

387 2025 660 2085 laborem
689 2034 750 2086 ct
775 2026 1109 2101 periculum
1138 2026 1421 2103 petimus,
1452 2033 1519 2087 ut
1541 2027 1827 2103 virorum,
1857 2034 1925 2087 ut
1943 2027 2194 2087 militum
2216 2028 2355 2089 offi-

388 2110 485 2169 cio
529 2110 868 2185 fungamur.
935 2109 1159 2171 bellum
1198 2109 1260 2169 in
1294 2110 1501 2171 Sicilia
1540 2110 1659 2171 iam
1699 2114 1955 2172 alterum
1996 2128 2223 2171 annum
2260 2111 2353 2171 in-

363 2192 551 2267 genti
598 2193 988 2256 dimicatione
1029 2194 1291 2269 geritur;
1336 2195 1524 2255 urbes
1564 2195 1717 2256 alias
1754 2195 2003 2256 Poenus
2042 2195 2195 2255 alias
2225 2196 2353 2257 Ro-

390 2292 606 2338 manus
637 2284 982 2353 expugnat3
1021 2278 1296 2353 peditum
1323 2279 1594 2354 equitum
1622 2279 1789 2339 acies
1828 2286 2249 2355 concurrunt,·
2269 2282 2357 2340 ad

393 2358 737 2439 Syracusas
781 2367 941 2422 terra
974 2362 1248 2438 marique
1275 2363 1505 2437 geritur
1531 2378 1633 2423 res
1649 2409 1665 2437 ,
1710 2365 2036 2423 clamorem
2070 2379 2353 2439 pugnan-

391 2444 539 2507 tium
580 2446 1000 2521 crepitumque
1041 2461 1348 2507 armorum
1388 2446 1779 2519 exaudimuS‚
1828 2447 2071 2507 resides
2110 2446 2233 2521 ipsi
2275 2462 2355 2508 ac

389 2544 635 2604 segne8‚
663 2536 973 2606 tamquam
1003 2546 1118 2591 nec
1146 2548 1364 2592 manus
1394 2547 1510 2593 nec
1540 2547 1709 2591 arma
1734 2531 2089 2591 habeamus.
2136 2546 2354 2591 servo—

387 2628 524 2675 rum
563 2614 906 2688 legionibus
946 2616 1034 2674 Ti.
1077 2613 1478 2689 Sempronius
1523 2616 1742 2676 consul
1782 2615 2007 2676 totiens
2046 2615 2163 2676 iam
2210 2630 2353 2676 cum

389 2696 570 2757 hoste
609 2697 804 2771 signis
846 2698 1081 2759 collatis
1113 2697 1435 2773 pugnavit3
1480 2714 1710 2773 operae
1732 2699 1999 2775 pretium
2025 2698 2253 2759 habent
2279 2699 2353 2757 li-

388 2778 684 2842 bertatem
727 2781 1183 2856 civitatemque:
1211 2814 1299 2831 --
1326 2798 1440 2858 pro
1483 2783 1681 2844 servis
1712 2784 1929 2845 saltem
1958 2783 2039 2843 ad
2066 2782 2187 2843 hoc
2213 2782 2347 2842 bel-

389 2863 515 2923 lum
567 2865 786 2939 emptis
828 2864 1006 2925 vobis
1049 2865 1273 2936 simus;
1332 2868 1627 2942 congredi
1666 2883 1807 2927 cum
1845 2867 2024 2927 hoste
2063 2867 2245 2930 liceat
2282 2876 2347 2925 et

388 2948 720 3021 pugnando
752 2964 1051 3023 quaerere
1077 2948 1433 3011 libertatem.
1496 2950 1591 3011 vis
1623 2956 1685 3010 tu
1714 2950 1882 3025 mari,
1914 2950 2010 3011 vis
2040 2957 2216 3025 terra,
2247 2948 2349 3009 vis

387 3029 550 3104 acie,
592 3031 687 3091 vis
714 3031 968 3094 urbibus
998 3034 1433 3109 oppugnandis
1463 3035 1726 3109 experiri
1766 3035 2088 3095 virtutem?
2130 3049 2349 3108 asper-

384 3112 538 3174 rima
582 3131 866 3191 quaeque
907 3118 988 3178 ad
1014 3118 1301 3179 laborem.
1316 3119 1779 3194 periculumque
1808 3118 2237 3193 deposcimus,
2281 3125 2352 3177 ut

387 3198 556 3271 quod
585 3199 666 3258 ad
691 3200 928 3261 Cannas
957 3201 1309 3262 faciundum
1338 3203 1465 3277 fuit,
1494 3219 1679 3277 quam
1708 3204 1970 3278 primum
1989 3203 2114 3276 fiat,
2145 3217 2347 3278 quon·

383 3279 502 3341 iam
545 3284 845 3359 quidquid
887 3293 1106 3361 postea
1131 3284 1426 3359 viximuS,
1470 3286 1534 3346 id
1564 3302 1745 3346 omne
1773 3287 2143 3347 destinatum
2170 3285 2345 3360 igno-

381 3363 604 3427 miniae
629 3373 784 3428 est“.
854 3370 987 3429 Vll.
1035 3369 1152 3430 sub
1183 3370 1337 3431 haec
1368 3370 1531 3432 dicta
1558 3371 1641 3431 ad
1666 3386 1872 3445 genua
1894 3369 2169 3431 Marcelli
2195 3385 2345 3444 pro-

379 3448 739 3512 cubuerunt.
800 3453 1128 3515 Marcellus
1178 3454 1242 3514 id
1290 3469 1407 3515 nec
1452 3453 1605 3515 iuris
1652 3470 1767 3515 nec
1814 3453 2141 3531 potestatis
2190 3469 2347 3515 suae
