2550 3959
366 197 503 263 146
677 178 1147 259 LIBER'XXVI.
1192 195 1358 261 cAP.
1387 204 1476 259 39.
1506 203 1593 259 ω.
1637 202 1713 269 [a.
1737 201 1808 255 u.
1841 218 1892 256 ο.
1921 201 2048 266 m]

380 366 637 429 egressa
664 366 801 417 cum
834 350 895 411 in
926 349 1089 426 agris
1119 348 1355 426 passim
1388 354 1768 425 vagarentur,
1811 350 2039 427 Livius,·
2085 352 2189 428 qui
2217 354 2360 415 arci

382 435 819 514 praesidioque
847 435 1127 500 Romano
1160 442 1472 510 praeerat,
1517 433 1782 496 intentus
1811 434 1874 495 in
1915 450 2131 497 omnes
2164 452 2356 497 occa-

380 521 593 583 siones
616 518 929 595 gerendae
957 517 1045 582 rei
1060 516 1125 577 C.
1139 516 1415 580 Persium
1443 517 1767 593 impigrum
1797 519 1996 579 virum
2025 535 2162 595 cnm
2192 522 2356 582 duo-

382 605 496 669 bus
525 602 766 677 milibus
808 608 871 662 et
900 601 1245 677 quingentis
1274 608 1641 663 armatorum
1669 617 1750 663 ex
1779 618 1924 663 arce
1961 603 2192 681 emisit,
2239 606 2357 682 qui

380 704 537 765 vage
579 686 819 751 effusos
848 701 960 761 per
989 700 1175 761 agros
1203 686 1572 761 palatosque
1612 686 1867 758 adortus
1897 702 2035 749 cum
2066 688 2169 749 diu
2197 704 2356 765 pas--

380 774 497 836 sim
542 771 897 844 cecidisset,
944 785 1180 845 paucos
1210 786 1290 831 ex
1318 770 1520 831 multis
1549 770 1792 846 trepida
1817 770 1962 846 fuga
2001 770 2356 835 incidentes

380 855 767 930 semiapertis
822 861 1136 931 portas-um
1190 853 1424 915 foribus
1476 854 1538 913 in
1585 854 1802 916 urbem
1852 856 2170 933 compulit,
2226 872 2354 919 nec

377 944 623 1003 multum
670 940 1058 1083 afuitnquin
1098 937 1249 1003 urbs
1291 938 1513 1013 eodem
1565 940 1797 1015 impetu
1837 946 2173 1016 caperetur.
2261 941 2357 1003 ita

380 1031 681 1098 aequatae
707 1038 809 1089 res
948 1023 1291 1098 Tarentum,
1323 1021 1620 1083 Romanis
1651 1022 1980 1094 victoribus
2011 1030 2188 1099 terra,
2228 1026 2347 1085 Ta-

378 1108 630 1173 rentinis
659 1107 828 1173 mari.
884 1106 1165 1173 frumenti
1195 1122 1363 1184 spes„
1393 1122 1555 1183 quae
1584 1108 1645 1167 in
1675 1106 1872 1182 oculis
1903 1108 2114 1183 fuerat,
2145 1116 2351 1169 utros—

381 1208 503 1270 que
534 1193 817 1259 frustrata
843 1192 1091 1268 pariter.
1236 1216 1239 1219 ⁴

418 1314 429 1332 .
546 1278 669 1339 XL.
724 1276 839 1335 Per
864 1276 1029 1339 idem
1058 1284 1302 1353 tempus
1327 1276 1636 1338 Laevinus
1669 1278 1914 1350 consul,
1959 1275 2081 1336 ium
2117 1290 2354 1354 magna

378 1367 553 1438 parte
580 1361 726 1423 anni
756 1360 1139 1435 circumacta,
1172 1361 1233 1421 in
1266 1359 1534 1421 Siciliam
1561 1359 1872 1435 veteribus
1901 1360 2207 1437 novisque
2235 1376 2347 1425 so-

378 1445 491 1509 ciis
546 1450 941 1520 exspectatus
994 1459 1133 1505 cum
1174 1444 1477 1519 venisset,
1538 1446 1796 1519 primum
1838 1460 1912 1519 ac
1953 1445 2348 1521 potissimum

380 1528 647 1591 omnium
673 1534 842 1589 ratus
858 1527 1189 1605 Syracusis
1216 1544 1380 1589 nova
1407 1544 1562 1605 pace
1593 1529 1937 1591 inconditas
1968 1544 2346 1605 componere

378 1629 501 1676 res.
562 1612 959 1689 Agrigentum
1001 1612 1179 1687 inde,
1216 1613 1387 1689 quod
1414 1613 1560 1673 belli
1586 1614 1896 1689 ⁸reliquum
1935 1620 2066 1675 erat
2091 1614 2318 1675 tenebu

380 1705 599 1774 turque
626 1714 665 1759 a
694 1696 1282 1773 Canthaginiensium
1321 1698 1527 1769 valido
1559 1698 1904 1774 praesidio,
1949 1698 2123 1770 duxit
2148 1697 2316 1772 legio

376 1796 507 1844 nes.
552 1789 613 1844 et
641 1781 835 1843 adfuit
860 1783 1105 1843 for-tuna
1132 1782 1398 1857 incepto.
1436 1783 1654 1844 Hanno
1681 1789 1813 1842 erat
1841 1782 2170 1858 imperator
2195 1782 2340 1842 Car-

378 1866 877 1943 thagIniensIum,
924 1866 1039 1928 sed
1080 1882 1321 1927 omnem
1361 1867 1420 1926 in
1448 1867 1703 1927 Muttine
1727 1866 2131 1941 Numidisque
2159 1880 2339 1941 spem

378 1952 709 2026 repositum
752 1950 1077 2012 habebant.
1140 1967 1255 2027 per
1298 1954 1483 2011 totam
1523 1950 1793 2013 Siciliam
1831 1966 2028 2026 vagus
2072 1951 2340 2027 praedas

377 2035 597 2111 agebat
636 2050 716 2095 cx
756 2033 946 2096 sociis
973 2035 1422 2105 Romanorum;
1467 2050 1666 2110 neque
1707 2034 2024 2095 intercludi
2054 2034 2132 2095 ab
2159 2033 2335 2109 Agri-

375 2125 557 2193 gento
583 2118 645 2177 vi
674 2125 778 2179 aut
805 2124 935 2186 arte
964 2119 1105 2195 ulla,
1136 2134 1266 2195 nec,
1299 2119 1445 2195 quin
1475 2126 1821 2197 erumperet
1839 2119 1943 2180 ubi
1967 2119 2164 2193 vellet,
2195 2134 2333 2194 pm-

376 2201 570 2263 hiberi
594 2208 849 2279 poterat.
886 2203 1045 2264 haec
1072 2203 1208 2265 eius
1231 2203 1430 2279 gloria
1453 2204 1597 2278 quia
1621 2205 1744 2264 iam
1771 2204 2154 2280 imperatoris
2185 2218 2332 2279 quo·

376 2302 496 2363 que
528 2287 725 2349 famae
762 2286 1103 2364 officiebat,
1148 2294 1462 2365 postremo
1492 2288 1554 2348 in
1597 2288 1886 2348 invidiam
1913 2276 2121 2363 vertit,
2163 2295 2343 2347 utne

377 2371 533 2431 bene
575 2377 787 2448 gestae
831 2372 1077 2447 quidem
1118 2388 1221 2433 res
1261 2373 1382 2433 iam
1410 2373 1691 2433 Hannoni
1735 2379 1988 2447 propter
2025 2378 2340 2441 auctorem

374 2456 523 2517 satis
549 2455 745 2517 laetae
766 2464 993 2524 essent.
1024 2463 1280 2533 propter
1301 2473 1376 2517 ea
1398 2463 1708 2533 postremo
1734 2458 2178 2531 praefecturam
2201 2454 2339 2515 eius

360 2540 500 2600 -fitio
530 2556 648 2603 suo
678 2542 863 2616 dedit,
901 2548 1069 2603 ranis
1100 2558 1238 2603 cum
1266 2540 1526 2617 imperio
1555 2542 1974 2601 auctoritatem
2004 2556 2250 2617 quoque
2277 2540 2341 2600 ei

370 2623 527 2685 inter
554 2625 845 2686 Numidas
888 2632 1255 2702 erepturum.
1323 2625 1492 2701 quod
1532 2626 1714 2700 longe
1753 2625 1927 2685 aliter
1951 2625 2149 2687 venit:
2197 2639 2340 2682 nam

370 2714 639 2768 veterem
683 2710 957 2769 favorem
994 2709 1131 2769 eius
1174 2724 1289 2769 sua
1329 2710 1584 2785 insuper
1619 2709 1852 2769 invidia
1889 2709 2088 2776 auxit3
2135 2722 2341 2782 neque

368 2788 472 2852 ille
502 2791 917 2867 indignitatem
945 2792 1201 2853 iniuriae
1228 2794 1375 2868 tulit,
1421 2791 1866 2869 confestimque
1897 2793 1976 2854 ad
2003 2791 2341 2853 Laevinum

370 2876 651 2938 occultos
682 2877 929 2937 nuntios
970 2876 1135 2936 misit
1174 2877 1254 2937 de
1283 2878 1582 2938 tradendo
1611 2878 1968 2953 Agrigento.
2030 2892 2146 2952 per
2174 2890 2335 2950 quo-s

372 2966 439 3020 ut
466 2967 561 3020 est
580 2960 742 3019 facta
764 2960 922 3021 fides
946 2960 1454 3037 compositusque
1476 2962 1564 3021 rei
1584 2961 1892 3037 gerendae
1917 2960 2160 3035 mot-im,
2193 2973 2338 3034 por-

371 3048 495 3103 tam
536 3043 617 3103 ad
651 3060 820 3104 mare
861 3045 1154 3107 ferentem
1180 3044 1477 3106 Numidae
1517 3062 1656 3107 cum
1681 3049 2111 3121 'occupassent
2137 3042 2338 3119 pulsis

372 3128 518 3190 inde
548 3127 907 3189 custodibus
936 3136 1039 3191 aut
1066 3130 1286 3205 caesiS,
1327 3130 1642 3191 Romanos
1671 3129 1754 3189 ad
1782 3129 1848 3189 id
1874 3130 2076 3207 ipsum
2105 3129 2338 3189 missos

372 3211 433 3271 in
458 3211 675 3285 umbem
716 3220 1103 3289 acceperunt.
1164 3222 1392 3275 etcum
1421 3213 1664 3289 agmine
1690 3214 1812 3274 iam
1839 3214 1901 3274 in
1933 3213 2136 3274 media
2161 3210 2339 3273 urbis

371 3310 448 3355 ac
490 3296 687 3356 forum
727 3312 949 3372 magno
977 3298 1234 3360 tumultu
1275 3298 1492 3375 iretur,
1539 3305 1708 3360 ratus
1737 3299 1956 3358 Hanno
2000 3312 2122 3358 non
2167 3295 2338 3357 aliud

368 3395 558 3455 quam
589 3381 905 3443 tumultum
932 3396 1007 3442 ae
1036 3383 1485 3458 secessionem,
1531 3383 1594 3443 id
1627 3383 1796 3459 quod
1837 3389 1896 3441 ct
1923 3388 2063 3441 ante
2093 3378 2340 3442 accide-

364 3470 483 3538 rat,
524 3462 917 3526 Numidarum
946 3481 1108 3543 esse,
1142 3465 1223 3527 ad
1252 3468 1769 3545 comprimendam
1801 3464 2162 3527 seditionem
2186 3476 2336 3541 pro·
