2550 3959
616 203 849 264 LLBER
874 202 1117 262 XXVII.
1165 203 1331 262 CAP.
1363 213 1448 264 15.
1494 203 1566 280 [a.
1593 210 1658 261 c.
1681 207 1810 285 209]
2077 203 2204 270 179

219 365 351 418 tem
378 353 935 416 machinationibus
968 361 1181 413 onerat
1208 360 1636 430 apparatuque
1663 356 1974 416 moenium
2005 373 2197 434 oppu-

219 439 631 516 gnandorum,
662 445 896 515 partem
922 437 1238 498 tormentis
1271 445 1332 498 et
1359 438 1529 498 saxis
1562 439 1851 514 omnique
1879 439 2200 502 missilium

221 526 485 587 telorum
513 537 740 598 genere
768 521 1026 594 instruit,
1060 522 1375 582 onerarias
1405 523 1622 598 solum,
1656 538 1816 600 quae
1843 523 2028 584 remis
2059 541 2201 600 age—

219 615 466 682 rentur,
506 613 572 668 ut
600 607 702 667 alii
732 606 1048 666 machinas
1078 606 1410 682 scalasque
1440 607 1521 668 ad
1552 621 1763 669 muros
1795 606 2052 678 ferrent,
2100 609 2200 668 alii

217 692 443 770 procul
484 707 563 750 ex
606 691 869 752 navibus
910 691 1306 750 vulnerarent
1339 691 1645 753 moenium
1687 699 2180 769 propugnatores

218 778 343 838 hae
384 791 579 836 naves
627 775 703 835 ab
748 781 963 851 aperto
995 774 1146 833 mari
1190 781 1252 834 ut
1297 772 1510 834 urbem
1552 774 2065 850 adgrederentur,
2111 777 2199 835 in·

220 867 495 922 structae
516 865 894 936 parataeque
924 864 1086 918 sunt.
1133 864 1193 917 et
1220 866 1350 918 erat
1370 857 1628 919 liberum
1661 875 1828 920 mare
1859 859 2064 920 classe
2084 859 2198 921 Pu-

220 947 381 1020 nica,
414 943 881 1020 cumPhilippus
912 957 1274 1018 oppugnare
1288 944 1546 1003 Aetolos
1574 948 1832 1018 pararet,
1868 943 2200 1020 Corcyram

219 1027 527 1090 tramissa.
592 1027 655 1087 in
681 1026 933 1088 Bruttiis
975 1027 1212 1086 interim
1242 1025 1529 1086 Caulonis
1577 1034 2038 1102 oppugnatores
2083 1027 2198 1088 sub

218 1114 487 1174 adventu
505 1110 882 1186 Hannibalis,
915 1126 993 1171 ne
1024 1109 1531 1186 opprimerentur,
1563 1109 1624 1168 in
1647 1111 1940 1170 tumulum
1965 1127 2000 1170 a
2023 1128 2199 1187 prae-

218 1197 381 1258 senti
409 1196 641 1270 impetu
671 1201 865 1258 tutum
894 1210 965 1255 se
992 1209 1306 1270 recepere.

386 1279 643 1340 Fabium
668 1281 994 1340 Tarentum
1038 1277 1424 1339 obsidentem
1454 1279 1590 1340 leve
1619 1277 1784 1338 dictu
1825 1286 2199 1340 momentum

220 1365 305 1426 ad
334 1380 465 1426 rem
494 1365 798 1442 ingentem
827 1361 1189 1440 potiundam
1217 1361 1470 1423 adiuvit.
1531 1361 1912 1439 praesidium
1933 1361 2198 1423 Bruttio-

180 1460 355 1510 ·rum
398 1448 606 1510 datum
648 1448 723 1507 ab
753 1447 1095 1507 Hannibale
1121 1445 1428 1507 Tarentini
1470 1443 1796 1506 habebant.
1853 1446 1987 1508 eius
2019 1463 2198 1524 prae·

214 1533 363 1595 sidii
392 1533 748 1610 praefectus
773 1531 1097 1608 deperibat
1125 1546 1336 1591 amore
1365 1530 1776 1606 mulierculae,
1809 1531 1982 1592 cuius
2014 1531 2202 1593 irater

217 1618 281 1678 in
326 1616 599 1678 exercitu
629 1614 801 1676 Fabii
844 1615 1117 1678 consulis
1162 1621 1311 1675 erat.
1375 1615 1430 1676 is
1463 1615 1685 1676 certior
1714 1615 1928 1676 litteris
1959 1615 2208 1686 sororis.

217 1704 421 1760 sactus
452 1701 531 1766 de
559 1715 722 1763 nova
754 1699 1202 1770 consuetudine
1230 1699 1512 1758 advenae
1535 1699 1864 1774 locupletis
1895 1707 2080 1774 atque
2108 1701 2196 1759 in-

218 1791 312 1844 ter
334 1783 669 1858 populares
690 1787 815 1840 tam
834 1780 1135 1852 honorati,
1170 1795 1346 1854 spem
1368 1787 1585 1840 nactus
1608 1797 1722 1855 per
1741 1797 2020 1842 sororem
2043 1801 2193 1858 quo·

215 1867 367 1927 libet
406 1865 634 1940 impelli
678 1871 981 1926 amantem
1008 1879 1233 1940 posse,
1279 1863 1428 1938 quid
1458 1872 1739 1938 speraret
1767 1865 1849 1924 ad
1879 1869 2192 1926 consulem

215 1951 449 2012 detulit.
497 1965 657 2023 quae
678 1964 819 2010 cum
841 1949 1007 2009 haud
1032 1964 1189 2008 vana
1220 1947 1505 2024 cogitatio
1536 1947 1672 2008 visa
1700 1956 1886 2024 esset,
1918 1967 2032 2026 pro
2057 1967 2190 2027 per-

216 2039 365 2110 fuga
392 2034 601 2106 iussus
629 2033 955 2094 Tarentum
982 2032 1245 2095 transire
1262 2078 1277 2106 ,
1325 2049 1399 2095 ac
1428 2048 1542 2108 per
1570 2048 1850 2095 sororem
1879 2036 2192 2110 praefecto

216 2119 615 2192 conciliatuS,
656 2117 857 2193 primo
885 2119 1123 2179 occulte
1155 2117 1509 2194 temptando
1542 2117 1825 2193 animum,
1871 2119 2012 2181 dein
2043 2121 2194 2182 satis

212 2203 539 2279 explorata
578 2201 826 2262 levitate
850 2200 1160 2268 blanditiis
1192 2200 1590 2262 muliebribus
1625 2201 1896 2279 perpulit
1933 2219 2072 2264 eum
2113 2205 2192 2264 ad

214 2286 627 2364 proditionem
670 2285 987 2348 custodiae
1028 2285 1182 2360 loci,
1228 2286 1325 2346 cui
1353 2285 1747 2362 praepositus
1791 2293 1939 2348 erat.
2000 2287 2101 2348 ubi
2133 2297 2192 2349 et

211 2371 375 2432 ratio
406 2369 684 2444 agendae
714 2370 804 2432 rei
834 2376 895 2430 et
918 2377 1164 2446 tempus
1196 2368 1502 2444 convenit,
1545 2369 1722 2430 miles
1753 2376 1934 2431 nocte
1961 2388 2077 2447 per
2103 2373 2191 2432 in·

210 2453 473 2517 tervalla
513 2454 843 2514 stationum
886 2454 1043 2514 clam
1085 2469 1164 2514 ex
1204 2453 1358 2514 urbe
1405 2452 1671 2512 emissus
1713 2469 1814 2524 ea,
1866 2471 2026 2528 quae
2057 2463 2194 2516 acta

212 2546 411 2612 erant,
440 2553 727 2612 quaeque
755 2544 823 2598 ut
848 2544 1174 2614 agerentur
1204 2543 1596 2613 convenerat,
1639 2536 1721 2598 ad
1751 2539 2068 2598 consulem
2097 2555 2190 2599 re·

210 2625 351 2684 sert.
392 2621 619 2684 Fabius
643 2621 853 2697 vigilia
874 2623 1073 2699 prima
1095 2622 1239 2683 dato
1264 2622 1443 2698 signo
1468 2621 1564 2696 iis,
1598 2621 1704 2696 qui
1731 2619 1796 2679 ln
1827 2636 1970 2682 arce
2001 2631 2190 2697 erant,

212 2707 449 2784 quique
480 2705 823 2768 custodiam
852 2713 1069 2783 portus
1110 2705 1448 2781 habebant,
1492 2705 1632 2782 ipse
1664 2703 1980 2767 circumito
2008 2713 2194 2783 portu

212 2793 293 2852 ab
324 2791 577 2868 regione
604 2790 775 2852 urbis
804 2791 868 2852 in
899 2791 1195 2852 orientem
1223 2805 1410 2852 versa
1439 2788 1716 2850 occultus
1741 2790 2042 2852 consedit.
2089 2805 2189 2850 ca·
2237 2802 2252 2812 ’

212 2891 365 2936 nere
408 2875 555 2936 inde
597 2875 780 2956 tubae
821 2875 1001 2936 simul
1030 2872 1107 2934 ab
1138 2871 1282 2935 arc'e
1310 2874 1491 2935 simul
1531 2889 1569 2933 a
1597 2877 1778 2949 portu
1810 2877 1870 2933 et
1911 2872 1987 2934 ab
2019 2873 2188 2934 navi-

212 2961 353 3034 buS,
402 2976 560 3035 quae
590 2960 668 3023 ab
698 2965 912 3036 aperto
942 2958 1095 3022 mari
1124 2960 1429 3035 appulsae
1461 2963 1648 3031 erant,
1695 2959 2050 3036 clamorque
2077 2975 2187 3019 un-

210 3045 407 3120 dique
447 3059 587 3105 cum
628 3043 856 3120 ingenti
881 3042 1167 3116 tumultu,
1204 3043 1373 3104 unde
1401 3043 1709 3102 minimum
1738 3041 1997 3117 periculi
2038 3050 2186 3117 erat,

212 3130 298 3190 de
325 3128 625 3190 industria
646 3135 838 3190 ortus.
877 3128 1092 3190 consul
1116 3126 1354 3190 interim
1375 3125 1616 3188 silentio
1643 3127 1992 3188 continebat
2014 3141 2186 3188 suos.

210 3214 401 3289 igitur
426 3214 843 3286 Democrates,
878 3211 983 3288 qui
1013 3211 1365 3288 praefectus
1397 3209 1616 3272 classis
1649 3210 1862 3285 fuerat,
1895 3207 2051 3271 forte
2081 3209 2184 3271 illo

208 3299 358 3360 loco
404 3297 829 3374 praepositus,
870 3303 1199 3373 postquam
1244 3295 1450 3370 quieta
1491 3293 1694 3354 omnia
1725 3293 1889 3354 circa
1917 3309 1987 3354 se
2017 3294 2184 3368 vidit,

208 3381 375 3444 alias
402 3389 611 3458 partes
644 3397 719 3442 eo
751 3382 1007 3442 tumultu
1036 3394 1406 3456 personare,
1449 3385 1518 3439 ut
1544 3383 1762 3451 captae
1789 3377 1962 3438 urbis
2004 3379 2191 3439 inter-'

210 3466 365 3529 dum
408 3467 777 3528 excitaretur
818 3466 1075 3536 clamor,
1118 3462 1380 3534 veritus,
1425 3478 1502 3522 ne
1545 3461 1701 3520 inter
1743 3463 2182 3578 cunctationem

1671 3553 1736 3604 12
