2550 3959
508 232 739 292 Lmen
765 207 1033 292 xxvm.
1079 231 1471 295 cAP.14.15.
1514 240 1825 308 [meaos]
2017 237 2138 302 237

164 401 299 464 que
325 383 839 446 Romano¹milite
880 382 1171 444 cornibus
1213 383 1500 458 firmatis,
1550 384 1739 444 sociis
1779 383 1840 443 in
1880 386 2143 446 mediam

167 470 375 531 aciem
404 468 698 543 acceptis.
768 465 1118 527 Hasdrubal
1149 469 1418 528 clamore
1447 467 1717 544 equitum
1749 468 2047 530 excitatus
2077 481 2142 532 ut

164 571 253 614 ex
282 552 681 614 tabernaculo
708 551 1009 627 prosiluit,
1039 553 1486 626 tumultumque
1513 558 1659 612 ante
1679 553 1903 612 vallum
1936 559 1998 613 et
2021 561 2131 614 tre·

166 635 548 716 pidationem
598 648 851 696 suorum
893 641 969 695 et·
993 636 1212 711 procul
1265 635 1447 712 signa-
1491 635 1799 712 legionum
1851 637 2141 712 sumentia

166 723 522 798 plenosque
562 719 831 780 hostium
872 735 1126 795 campos
1166 719 1344 794 vidit,
1369 721 1721 795 ‘equitatum
1763 737 2010 782 omnem
2035 737 2141 780 ex·

164 806 400 880 templo
458 805 520 864 in
572 804 810 879 equites
869 804 1109 874 emittit3
1182 805 1350 879 ipses
1377 819 1514 864 cum
1572 804 1843 880 peditum
1901 805 2142 880 agmine

169 889 399 949 castris
450 888 788 962 egreditur,
846 903 961 948 nec
1010 904 1088 947 ex
1131 888 1346 950 ordine
1395 887 1581 948 solito
1631 889 1961 964 quicquam
2009 891 2144 950 acie

166 971 534 1034 instruenda
560 977 781 1032 mutat.
844 972 1117 1047 equitum
1154 973 1272 1032 iam
1317 973 1421 1032 diu
1465 985 1697 1046 anceps
1741 987 1946 1048 pugna
1989 981 2140 1053 erat,

168 1072 288 1116 nec
317 1057 457 1130 ipsa
484 1071 600 1131 per
626 1071 697 1115 se
728 1055 978 1122 decerni
1004 1063 1273 1132 poterat,
1309 1056 1454 1130 quia
1482 1056 1713 1131 pulsiS,
1744 1057 2142 1134 quod-prope

168 1142 231 1202 in
277 1140 469 1200 vicem
491 1165 497 1170 ·
521 1139 736 1212 fiebat,
789 1139 1083 1200 in²aciem
1128 1140 1398 1216 peditum
1442 1146 1614 1201 tutus·
1649 1148 1938 1216 receptus
1979 1148 2141 1203 eratz

168 1225 287 1286 sed
317 1223 425 1284 ubi·
452 1223 573 1283 iam
602 1223 771 1284 haud
795 1225 1338 1300 plus-quingentos
1368 1239 1596 1301 passus
1627 1224 1794 1286 acies
1818 1225 1976 1284 inter
1996 1241 2142 1288 sese

168 1310 460 1383 aberant,
506 1307 688 1383 sign-0
712 1309 991 1383 receptui
1022 1309 1164 1370 dato
1193 1307 1408 1385 Scipio
1436 1309 1888 1385 patefactisque
1910 1309 2139 1370 ordini·

167 1395 290 1455 bus
338 1393 668 1468 equitatum
711 1407 950 1453 omnem
991 1395 1316 1468 levemque
1345 1400 1706 1454 armaturam
1725 1440 1740 1467 ,
1783 1394 1848 1453 in
1872 1394 2138 1455 medium

170 1484 489 1552 acceptam
532 1476 921 1552 divisamque
959 1477 1020 1537 in·
1063 1484 1272 1552 partes
1317 1479 1506 1553 duas,
1552 1477 1610 1536 in
1655 1477 1952 1538 subsidiis
1997 1486 2142 1556 post

172 1577 407 1623 cornua
448 1563 625 1621 locat.
692 1561 866 1634 inde,
906 1561 1011 1622 ubi
1052 1561 1452 1638 incipiendae·
1467 1563 1589 1622 iam
1620 1574 1868 1638 pugnae
1895 1570 2138 1640 tempus

171 1653 330 1720 erat,
358 1645 672 1720 Hispanos
691 1674 779 1688 -—-
800 1659 877 1704 ea
896 1644 1106 1705 media
1134 1645 1302 1706 acies
1333 1646 1446 1706 fuit
1463 1677 1552 1690 -—
1572 1661 1796 1721 presso
1825 1649 2022 1720 gradu
2052 1649 2137 1706 in-

172 1729 395 1790 cedere
439 1729 637 1799 iub‘et3
696 1729 833 1804 ipse
876 1742 911 1787 e
938 1729 1157 1789 dextro
1200 1745 1500 1790 cornu—
1523 1729 1606 1789 ibi
1650 1745 1917 1805 namque
1959 1747 2137 1806 prae-

170 1821 409 1875 erat²—-
428 1813 704 1874 nuntium
746 1809 1138 1874 ad²Silanum
1180 1820 1241 1874 et
1266 1813 1562 1874 Marcium
1601 1813 1806 1886 mittit,
1849 1819 1918 1873 ut
1946 1829 2138 1875 cornu

168 1897 253 1958 ibi
280 1899 683 1958 extenderent
721 1896 782 1957 in
812 1895 1124 1957 sinistram
1149 1904 1417 1973 partem,
1467 1897 1760 1972 quemad
1787 1897 2037 1960 modum
2067 1913 2136 1958 se

170 1981 533 2042 tendentem
563 1981 641 2040 ad
684 1982 961 2042 dextram
982 1981 1324 2056 vidissent,
1367 1986 1430 2040 et
1457 1997 1598 2042 cum
1625 1981 1934 2057 expedi-tis
1965 1982 2133 2058 pedi·

169 2073 297 2126 tum
345 2065 742 2141 equitumque
788 2065 962 2141 prius
1003 2079 1273 2141 pugnam
1319 2073 1720 2126 consererent
1759 2082 1896 2128 cum
1935 2065 2134 2141 hoste,

172 2159 360 2226 quam
404 2149 793 2210 coireinter
814 2166 885 2210 se
924 2151 1165 2210 mediae
1196 2151 1364 2211 acies
1406 2158 1685 2225 possent.
1757 2150 1844 2211 ita
1872 2149 2135 2212 diductis

171 2233 463 2294 cornibus
506 2249 643 2294 cum
683 2233 879 2294 ternis
914 2234 1188 2309 peditum
1230 2233 1588 2294 cohortibus
1613 2235 1935 2310 ternisque
1964 2237 2134 2311 equi-

169 2326 307 2380 tum
328 2318 562 2392 turmis,
605 2317 839 2380 adhoc
860 2316 1175 2392 velitibu‘S,
1220 2318 1404 2378 citato
1433 2318 1633 2392 gradu
1661 2317 1720 2376 in
1753 2317 1995 2380 hostem
2013 2319 2134 2380 ‘du-

171 2403 419 2474 cebunt,
471 2401 874 2478 sequentibus
916 2401 976 2461 in
1022 2401 1338 2477 obliquum
1385 2400 1540 2462 aliis.
1613 2402 1888 2463 sinus2in
1931 2403 2135 2463 medio

170 2491 333 2560 erat,
379 2501 501 2560 qua
542 2485 1239 2562 segnius-Hispanorum
1269 2485 1449 2560 sig-na
1475 2485 1860 2546 incedebant.
1929 2493 1990 2546 et
2015 2487 2132 2546 iam

170 2568 580 2631 conflixerant
620 2585 882 2644 cornua,
926 2582 1094 2645 cum,
1139 2569 1314 2646 quod
1338 2569 1584 2631 roboris
1613 2569 1673 2628 in
1705 2569 1840 2629 acie
1865 2567 2134 2630 hostium

170 2661 329 2728 eran
376 2652 565 2715 Poeni
593 2653 881 2714 ‘veterani
914 2654 1183 2730 Afrique·
1202 2654 1493 2716 ¹nondum
1531 2653 1610 2714 ad
1649 2652 1752 2712 teti
1793 2653 2133 2715 coniectum

170 2738 518 2814 venissent,
570 2753 774 2818 neque
822 2737 889 2796 in*
932 2753 1194 2814 cornua,
1244 2745 1311 2799 ut
1359 2737 1736 2798 adiuvarent·
1767 2744 2133 2814 pugnanteS,

172 2821 495 2882 discedere
536 2821 859 2894 auderent,
903 2839 980 2882 ne
1010 2824 1320 2899 aperirent
1356 2821 1618 2882 mediam
1648 2821 1840 2882 aciem
1861 2822 2132 2883 venienti

172 2921 254 2964 ex
301 2904 569 2966 adverse
619 2904 804 2966 hosti.
869 2920 1100 2967 cornua
1150 2907 1398 2982 ancipiti
1447 2905 2133 2982 proeliourgebanturz

172 3002 368 3064 eques
409 2989 701 3065 levisque
716 2994 1068 3064 armatura,
1126 2990 1374 3064 velites,
1425 2989 1858 3052 circumductis
1907 2989 2024 3050 alis
2073 2989 2132 3049 in

171 3073 362 3132 latera
402 3073 825 3142 incurrebant3
886 3073 1172 3135 cohortes
1216 3089 1253 3134 a
1293 3076 1494 3135 fronte
1540 3074 1868 3152 urgebant,
1919 3081 1988 3136 ut
2027 3073 2132 3133 ab·

171 3164 530 3231 rumperent
569 3171 815 3218 cornua·
840 3173 877 3216 a
916 3165 1121 3218 cetera
1160 3157 1314 3218 acie.
1383 3159 1516 3218 XV.
1561 3166 1624 3220 et
1665 3175 1810 3220 cum
1845 3158 1928 3218 ab
1967 3157 2130 3218 omni

171 3248 347 3316 parte
366 3240 855 3318 haudquaquam
883 3256 1011 3318 par·
1026 3257 1235 3316 pugna
1262 3249 1423 3317 erat',
1457 3249 1583 3303 tum
1615 3243 1784 3318 quod
1803 3241 1990 3302 -turba
2013 3241 2130 3301 Ba-

169 3323 405 3385 liarium
436 3325 824 3401 tironumque
850 3325 1264 3401 Hispanorum
1294 3327 1570 3388 Romano
1593 3325 2130 3400 Latinoque‘militi

170 3408 411 3470 obiecta
456 3415 614 3470 erati
660 3415 721 3469 et
748 3410 1122 3484 procedente
1162 3408 1286 3468 iam
1329 3409 1430 3468 die
1466 3409 1632 3469 vires
1679 3409 1948 3470 deficere
1973 3409 2123 3470 Has·

172 3491 445 3554 drubalis
470 3494 801 3554 exercitum
826 3499 1177 3570 coeperant,
1194 3508 1536 3570 oppressos
1558 3493 1850 3554 matutino
1872 3496 2127 3556 tumultu
