2550 3959
599 253 834 315 amaa
860 255 1076 316 xxiv.
1123 256 1290 315 cAP.
1322 264 1411 319 48.
1457 264 1531 331 [ι.
1564 264 1629 317 c.
1656 262 1785 338 213]
2105 266 2188 325 49

211 412 438 483 parent
487 404 700 467 socios
752 411 814 465 et
853 422 1054 467 novos
1106 406 1452 482 adicerent,
1510 408 1573 469 in
1610 410 1885 473 Africam
1935 432 2187 493 quoque

211 506 392 566 spem
421 490 849 549 extenderunt.
916 489 1178 568 Syphax
1209 498 1340 551 erat
1365 508 1479 552 rex
1506 493 1935 570 Numidarum,
1981 500 2184 563 subito

211 572 822 648 carthaginiensibus
859 572 1060 635 hostis
1089 576 1319 636 factus=
1362 577 1442 637 ad
1471 592 1607 637 eum
1640 581 2028 643 centuriones
2058 591 2182 645 tres

209 660 454 733 legatos
501 656 827 731 miserunt,
881 657 986 734 qui
1035 674 1173 719 cum
1216 674 1292 721 eo
1335 660 1659 721 amicitiam
1701 665 2185 741 societatemque

207 743 490 803 facerent
517 746 580 801 et
604 741 1056 817 pollicerentur,
1087 741 1141 803 si
1161 751 1591 817 perseveraret
1611 761 1833 821 urgere
1856 748 2017 811 bello
2043 750 2183 811 Car-

208 825 664 900 thaginienseS,
709 831 948 900 gratam
998 841 1134 886 eam
1179 842 1312 887 rem
1362 828 1495 889 fore
1544 832 1785 891 senatui
1822 836 2183 911 populoque

207 911 527 983 Romano,
559 915 619 969 et
647 909 1006 985 adnisuros,
1048 917 1116 971 ut
1142 910 1204 971 in
1230 917 1509 986 tempore
1538 919 1599 973 et
1625 912 1785 974 bene
1816 920 2180 979 cumulatam

206 992 470 1069 gratiam
505 994 793 1053 referant.
857 998 1034 1069 grata
1071 1009 1148 1054 ea
1173 995 1397 1069 legatio
1427 995 1691 1056 barbaro
1722 1000 1865 1069 fuit;
1910 1001 2179 1063 collocu-

205 1085 442 1151 tusque
483 1092 622 1137 eum
662 1076 881 1152 legatis
923 1078 1004 1138 de
1041 1078 1279 1139 ratione
1306 1078 1448 1138 belli
1477 1082 1767 1158 gerundi,
1809 1090 1877 1143 ut
1902 1093 2180 1147 veterum

205 1160 466 1223 militum
490 1160 682 1221 verba
710 1160 960 1236 audivit,
993 1178 1176 1238 quam
1195 1163 1519 1223 multarum
1540 1178 1743 1224 rerum
1766 1166 1905 1242 ipse
1925 1168 2177 1244 ignarus

206 1251 400 1319 esset,
430 1259 511 1305 ex
541 1244 996 1321 comparatione
1023 1254 1146 1307 tam
1177 1246 1497 1307 ordinatae
1524 1248 1888 1324 disciplinae
1910 1254 2178 1313 animum

209 1328 496 1389 advertit.
552 1333 680 1389 tum
707 1329 969 1405 primum
999 1337 1068 1391 ut
1093 1347 1208 1406 pro
1235 1330 1417 1391 bonis
1446 1345 1522 1391 ac
1549 1331 1837 1394 fidelibus
1868 1335 2059 1397 sociis
2088 1338 2175 1397 fa·

207 1419 440 1488 cerent,
471 1413 682 1488 oravit,
713 1421 778 1474 ut
804 1414 928 1475 duo
957 1414 1327 1489 legationem
1352 1415 1653 1478 referrent
1672 1417 1755 1477 ad
1773 1418 2177 1494 imperatores

206 1513 394 1572 suos,
447 1513 608 1557 unus
657 1497 827 1573 apud
877 1513 1021 1559 sese
1068 1500 1361 1575 magister
1403 1499 1496 1559 rei
1538 1501 1810 1563 militaris
1855 1504 2173 1565 resideret.

201 1582 428 1643 rudem
457 1581 537 1641 ad
564 1582 878 1656 pedestria
904 1582 1067 1643 bella
1091 1582 1487 1645 Numidarum
1512 1590 1757 1659 gentem
1786 1602 1963 1664 esse,
1994 1590 2173 1665 equis

203 1671 446 1726 tantum
485 1664 784 1725 habilem=
837 1666 922 1727 ita
947 1665 1070 1727 iam
1095 1667 1240 1727 inde
1267 1684 1304 1727 a
1333 1668 1651 1743 principiis
1680 1671 1881 1743 gentis
1909 1673 2173 1733 maiores

203 1764 359 1811 suos
388 1749 552 1809 bella
577 1749 871 1824 gessisse,
902 1750 985 1811 ita
1013 1766 1086 1813 se
1113 1766 1151 1811 a
1181 1752 1393 1826 pueris
1422 1752 1747 1812 insuetum.
1802 1754 1919 1814 sed
1945 1753 2175 1816 habere

200 1832 448 1895 hostem
477 1834 752 1908 pedestri
781 1833 1068 1896 fidentem
1095 1834 1309 1908 Marte,
1340 1836 1439 1896 cui
1469 1834 1523 1895 si
1550 1837 1803 1911 aequari
1829 1837 2058 1898 robore
2085 1839 2173 1899 vi-

199 1918 362 1977 rium
389 1917 552 1992 velit,
579 1923 646 1977 et
664 1916 781 1981 sibi
805 1915 1048 1993 pedites
1071 1920 1525 1994 comparandos
1544 1934 1710 1980 esse.
1752 1921 1914 1981 etad
1938 1922 2001 1981 id
2022 1923 2170 1983 mul-

197 2001 463 2064 titudine
490 2001 802 2063 hominum
830 2017 1088 2077 regnum
1116 2002 1461 2077 abundare,
1504 2002 1619 2063 sed
1649 2005 1923 2065 armandi
1952 2022 2167 2067 ornan-

200 2086 398 2162 dique
425 2091 490 2145 et
511 2084 856 2147 instruendi
885 2100 1000 2147 eos
1032 2094 1222 2147 artem
1245 2088 1551 2161 ignorare.
1598 2089 1805 2149 omnia
1826 2090 1995 2151 velut
2016 2091 2173 2151 forte

203 2174 584 2245 congregata
623 2170 804 2231 turba
843 2185 960 2245 sua
998 2178 1177 2231 vasta
1205 2186 1279 2231 ac
1314 2171 1638 2231 temeraria
1666 2187 1829 2233 esse.
1900 2174 2171 2237 facturos

201 2270 274 2319 se
315 2253 385 2315 in
422 2252 774 2328 praesentia
813 2254 983 2329 quod
1021 2254 1204 2315 vellet
1242 2256 1425 2329 legati
1462 2256 1874 2330 respondent,
1918 2257 2043 2317 fide
2070 2274 2170 2320 ac-

201 2342 407 2413 cepta,
437 2344 505 2399 ut
530 2336 862 2398 remitteret
889 2337 1196 2413 extemplo
1228 2352 1387 2414 eum,
1418 2338 1473 2398 si
1495 2338 1902 2414 imperatores
1926 2341 2024 2401 sui
2047 2358 2169 2403 non

201 2422 723 2495 comprobassent
769 2421 1013 2481 factum.
1087 2421 1157 2495 Q.
1201 2420 1465 2483 Statorio
1517 2438 1741 2483 nomen
1792 2424 1907 2485 fuit
1946 2426 2053 2499 qui
2092 2427 2170 2486 ad

197 2520 416 2581 regem
441 2506 751 2566 remansit.
819 2520 958 2567 cum
986 2506 1230 2567 duobus
1257 2505 1553 2566 Romanis
1582 2520 1695 2565 rex
1724 2512 1849 2565 tres
1877 2508 2170 2568 Numidas

196 2590 445 2665 legatos
487 2588 550 2649 in
575 2589 936 2665 Hispaniam
975 2588 1142 2650 misit
1180 2589 1261 2649 ad
1288 2588 1711 2664 accipiendam
1738 2588 1924 2649 fidem
1954 2592 2031 2651 ab
2061 2591 2169 2652 im-

199 2673 596 2749 peratoribus
623 2672 938 2735 Romanis.
983 2674 1181 2734 isdem
1211 2673 1541 2748 mandavit,
1570 2680 1635 2734 ut
1660 2673 1939 2749 protinus
1966 2675 2169 2737 Numi·

201 2758 322 2818 das
337 2802 354 2832 ,
398 2757 504 2833 qui
543 2757 702 2817 intra
741 2756 1054 2832 praesidia
1083 2757 1667 2833 Carthaginiensium
1706 2758 2035 2819 auxiliares
2074 2776 2169 2820 es-

200 2846 374 2913 sent,
423 2841 505 2901 ad
540 2841 963 2903 transitionem
1004 2841 1388 2916 perlicerent.
1444 2848 1503 2901 et
1530 2841 1831 2903 Statorius
1875 2858 1954 2903 ex
1982 2846 2169 2904 multa

202 2926 522 2985 iuventute
543 2925 676 3000 regi
706 2925 948 3000 pedites
977 2925 1378 3002 conscripsit,
1412 2926 1852 3001 ordinatosque
1887 2928 2169 3001 proxime

197 3024 440 3071 morem
465 3008 808 3071 Romanum
852 3009 1211 3071 instruendo
1255 3016 1317 3072 et
1356 3009 1740 3071 decurrendo
1782 3010 1962 3086 signa
1990 3014 2168 3088 sequi

198 3098 262 3153 et
289 3108 546 3154 servare
575 3094 826 3155 ordines
857 3092 1082 3167 docuit,
1115 3099 1178 3154 et
1205 3093 1380 3169 operi
1410 3094 1671 3169 aliisque
1698 3094 1876 3155 iustis
1899 3096 2166 3155 militari-

195 3176 324 3239 bus
365 3176 449 3237 ita
490 3178 857 3250 adsuefecit,
901 3183 969 3237 ut
1007 3178 1180 3237 brevi
1207 3193 1321 3237 rex
1351 3194 1474 3238 non
1506 3177 1694 3254 equiti
1724 3179 1919 3252 magis
1949 3179 2169 3239 fideret

199 3276 390 3335 quam
433 3260 650 3335 pediti,
697 3261 1058 3336 collatisque
1087 3277 1288 3337 aequo
1320 3277 1539 3337 campo
1571 3262 1763 3337 signis
1794 3262 1955 3322 iusto
1986 3278 2161 3336 proe—

195 3344 282 3407 lio
315 3344 877 3421 Carthaginiensem
917 3345 1157 3407 hostem
1185 3352 1525 3421 superaret.
1590 3346 1883 3406 Romanis
1916 3362 2168 3422 quoque

195 3429 260 3488 in
289 3428 596 3503 Hispania
623 3430 960 3504 legatorum
987 3430 1152 3503 regis
1180 3429 1482 3490 adventus
1506 3445 1729 3504 magno
1754 3431 2163 3491 emolumento

197 3512 343 3574 fuit=
399 3527 666 3588 namque
708 3513 787 3573 ad
839 3513 1059 3573 samam
1100 3529 1313 3574 eorum
1352 3512 1746 3574 transitiones
1790 3513 2044 3574 crebrae
2087 3514 2165 3574 ab

281 3613 340 3656 τ.
377 3610 506 3654 mn
547 3612 702 3655 mas
745 3595 848 3655 111.
1718 3605 1753 3658 4
