2550 3959
383 248 463 313 14
667 248 900 311 Lmen
925 249 1141 310 xxiv.
1185 248 1586 312 CAP.·13.14.
1630 249 1703 327 [a.
1730 254 1799 307 υ.
1830 272 1881 309 0.
1905 255 2029 324 sae]

377 402 578 479 ipsum
619 401 836 477 iugens
867 401 1092 477 cupido
1133 400 1475 461 incesserat
1501 399 1741 461 Tarenti
1772 400 2051 477 potiundi
2126 401 2338 465 urbem

375 501 520 547 esse
545 484 796 546 videbat
823 500 963 545 cum
1003 485 1359 561 opulentam
1387 482 1779 560 nobilemque
1806 490 1937 546 tum
1978 485 2337 550 maritimam

375 576 438 632 et
456 571 517 630 in
530 568 958 631 Macedoniam
985 575 1331 645 opportune
1353 584 1617 643 versam,
1646 582 1980 644 regemque
1993 568 2337 648 Philippum

377 654 538 715 hunc
566 660 825 729 portum,
857 653 911 713 si
940 653 1226 715 transiret
1251 652 1315 712 in
1342 652 1593 725 Italiam,
1640 668 1779 715 curn
1804 652 2201 716 Brundisium
2215 656 2334 719 Ro·

375 739 537 799 mani
566 736 874 810 haberent,
909 738 1254 813 petiturum.
1300 752 1479 798 sacro
1512 737 1657 797 inde
1684 744 2039 813 perpetrato
2066 739 2147 800 ad
2171 742 2337 815 quod

373 829 656 897 venerat,
701 829 792 893 et,
829 823 978 881 dum
1019 822 1103 883 ibi
1142 829 1440 897 moratur,
1484 827 1840 897 pervastato
1888 836 2037 897 agro
2067 822 2335 885 cumano

371 922 574 983 usque
601 907 684 966 ad
711 905 930 967 Miseni
960 906 1475 982 promontorium,
1518 904 1807 966 Puteolos
1836 914 2092 983 repente
2118 920 2339 983 agmen

373 991 675 1052 convertit
725 990 807 1051 ad
858 990 1329 1066 opprimendum
1380 988 1755 1065 praesidium
1794 990 2157 1052 Romanum.
2226 1006 2338 1053 sex

372 1074 536 1135 milia
573 1074 886 1135 hominum
929 1081 1129 1148 erant,
1189 1080 1248 1135 et
1288 1076 1464 1135 locus
1506 1075 1877 1135 munimento
1924 1091 2175 1152 quoque
2212 1092 2339 1139 non

370 1165 587 1219 natura
614 1159 798 1221 modo
827 1165 1009 1219 tutus.
1068 1158 1333 1220 triduum
1372 1157 1456 1219 ibi
1484 1165 1756 1220 moratus
1784 1158 2027 1220 Poenus
2055 1158 2133 1221 ab
2174 1159 2337 1220 omni

372 1249 546 1317 parte
571 1249 864 1319 temptato
897 1243 1231 1319 praesidio,
1263 1242 1507 1315 deinde,
1545 1248 1613 1303 ut
1638 1242 1789 1303 nihil
1818 1242 2211 1318 procedebat,
2256 1244 2337 1305 ad

374 1327 792 1403 populandum
823 1342 1034 1403 agrum
1049 1326 1517 1403 Neapolitanum
1544 1327 1741 1401 magis
1770 1326 1861 1386 ira
1884 1342 2063 1403 quam
2096 1328 2334 1403 potiun-

374 1411 492 1471 dae
531 1410 701 1471 urbis
744 1426 860 1486 spe
903 1411 1226 1486 processit.
1309 1411 1580 1471 adventu
1628 1410 1761 1471 eius
1810 1412 1870 1470 in
1921 1411 2338 1486 propinquum

371 1510 586 1569 agrum
611 1500 776 1554 mota
798 1495 1034 1555 Nolana
1063 1502 1160 1555 est
1185 1493 1383 1570 plebs,
1414 1495 1535 1554 iam
1564 1494 1668 1555 diu
1696 1508 1920 1555 aversa
1946 1494 2023 1557 ab
2036 1494 2338 1557 Romanis

369 1585 432 1638 et
456 1578 680 1640 infesta
707 1579 945 1640 senatui
968 1594 1106 1641 suo.
1152 1579 1361 1654 itaque
1388 1579 1572 1654 legati
1602 1579 1681 1639 ad
1711 1579 2147 1639 arcessendum
2172 1579 2337 1641 Han-

369 1660 632 1723 nibalem
664 1677 801 1723 cum
828 1663 995 1724 haud
1026 1662 1214 1726 dubio
1245 1662 1553 1740 promisso
1586 1662 1923 1723 tradendae
1950 1662 2122 1724 urbis
2148 1678 2337 1726 vene-

373 1752 529 1807 runt.
591 1747 910 1821 praevenit
949 1747 1258 1823 inceptum
1300 1756 1514 1807 eorum
1540 1746 1870 1808 Marcellus
1900 1748 2118 1808 consul
2146 1764 2185 1808 a
2210 1749 2334 1824 pri-

369 1828 641 1891 moribus
671 1831 924 1892 accitus.
989 1831 1092 1891 die
1117 1847 1242 1892 uno
1274 1830 1635 1892 Suessulam
1664 1846 1702 1889 a
1730 1830 1997 1905 Calibus,
2028 1846 2166 1891 cum
2186 1832 2336 1893 Vul-

370 1920 581 1975 turnus
603 1914 802 1977 amnis
822 1915 1197 1976 traicientem
1217 1921 1491 1977 moratus
1516 1921 1699 1987 esset,
1732 1914 2161 1986 contenderim
2192 1916 2337 1977 inde

369 1998 652 2073 proxima
695 2006 874 2061 nocte
913 2015 1029 2060 sex
1055 1999 1221 2059 milia
1250 1999 1525 2076 peditum
1564 1998 1805 2074 equites
1846 2005 2185 2075 trecentoS,
2230 2000 2337 2076 qui

369 2081 681 2159 praesidio
713 2082 952 2144 senatui
981 2089 1220 2158 essent,
1263 2083 1479 2143 Nolam
1508 2082 1852 2143 intromisit.
1916 2088 1977 2143 et
2004 2083 2091 2144 uti
2118 2099 2156 2143 a
2186 2099 2335 2144 con·

369 2165 504 2227 sule
533 2168 737 2227 omnia
764 2168 1022 2243 impigre
1046 2168 1207 2227 facta
1227 2173 1372 2227 sunt
1399 2167 1479 2226 ad
1511 2167 2333 2243 praeoccupandamNolam,

367 2246 453 2311 ita
490 2249 793 2313 Hannibal
839 2259 1084 2327 tempus
1133 2251 1397 2324 terebat,
1458 2249 1553 2311 bis
1602 2250 1722 2310 iam
1772 2258 1913 2311 ante
1962 2250 2335 2328 nequiquam

367 2341 659 2409 temptata
685 2351 754 2396 re
783 2336 1036 2411 segnior
1063 2336 1144 2395 ad
1172 2334 1549 2396 credendum
1576 2333 1829 2395 Nolanis
1861 2335 2078 2396 factus.

534 2417 695 2479 XIV.
732 2418 937 2480 Isdem
967 2418 1185 2479 diebus
1215 2424 1276 2477 et
1300 2417 1367 2493 Q.
1389 2417 1615 2479 Fabius
1647 2420 1865 2480 consul
1892 2419 1975 2480 ad
2003 2416 2334 2479 Casilinum

369 2504 812 2579 temptandum,
858 2504 1026 2578 quod
1055 2502 1368 2579 praesidio
1397 2502 1625 2565 Punico
1656 2502 1988 2578 tenebatur,
2032 2502 2229 2571 venit3
2274 2507 2338 2561 et

369 2587 449 2649 ad
468 2587 886 2649 Beneventum
914 2588 1084 2649 velut
1111 2602 1189 2649 ex
1218 2586 1563 2663 composito
1591 2594 1766 2663 parte
1792 2586 1985 2647 altera
2003 2586 2221 2646 Hanno
2252 2600 2335 2646 ex

363 2672 612 2733 Bruttiis
635 2686 774 2733 cum
795 2687 1018 2747 magna
1041 2670 1313 2748 peditum
1342 2670 1737 2747 equitumque
1759 2687 1962 2745 manu,
1992 2671 2185 2731 altera
2202 2668 2334 2728 Tib.

366 2751 680 2817 Gracchus
709 2755 788 2815 ab
817 2755 1074 2815 Luceria
1101 2755 1383 2816 accessit.
1446 2756 1548 2829 qui
1579 2756 1775 2831 primo
1821 2756 2121 2831 oppidum
2148 2753 2333 2814 intra·

368 2839 471 2914 vit,
501 2839 744 2915 deinde,
780 2845 848 2899 ut
872 2839 1236 2900 Hannonem
1261 2838 1378 2899 tria
1410 2838 1572 2899 milia
1601 2840 1790 2900 ferme
1818 2838 1896 2899 ab
1928 2839 2081 2899 urbe
2110 2838 2192 2897 ad
2222 2837 2361 2898 Can

365 2924 559 2983 iorem
581 2922 836 2984 fluvium
867 2930 1070 2984 castra
1091 2922 1383 3000 posuisse
1412 2930 1473 2983 et
1498 2924 1643 2984 inde
1672 2938 1883 2999 agrum
1914 2922 2199 3000 populari
2228 2938 2335 2981 au·

366 3006 546 3081 divit,
589 3014 652 3067 et
687 3007 828 3083 ipse
867 3022 1158 3083 egressus
1203 3006 1527 3068 moenibus
1569 3007 1733 3067 mille
1776 3008 1965 3067 senne
1993 3022 2225 3083 passus
2254 3004 2334 3065 ab

368 3091 546 3152 hoste
587 3097 793 3153 castra
834 3091 1016 3152 locat.
1077 3091 1162 3153 ibi
1191 3090 1540 3153 contionem
1568 3091 1820 3153 militum
1848 3091 2079 3151 habuit.
2142 3089 2333 3165 legio-

369 3191 478 3236 nes
517 3190 738 3252 magna
777 3191 857 3237 ex
900 3183 1074 3253 parte
1113 3178 1409 3237 volonum
1435 3174 1729 3248 habebat,
1779 3176 1884 3251 qui
1911 3175 2032 3235 iam
2074 3175 2333 3235 alterum

367 3275 592 3320 annum
617 3260 956 3322 libertatem
978 3260 1158 3321 tacite
1179 3260 1400 3322 mereri
1426 3275 1606 3335 quam
1637 3259 1951 3336 postulare
1972 3259 2179 3334 palam
2204 3272 2333 3317 ma-

367 3344 624 3405 luerant.
702 3351 982 3406 senserat
1022 3351 1224 3406 tamen
1264 3343 1537 3405 hibernis
1592 3343 1919 3419 egrediens
1958 3358 2231 3403 murmur
2268 3342 2335 3401 in

365 3427 610 3505 agmine
649 3442 796 3490 esse
839 3428 1291 3505 quaerentium,
1345 3445 1421 3490 en
1464 3444 1756 3504 umquam
1804 3426 1977 3488 liberi
2026 3426 2335 3487 militaturi

362 3518 604 3587 essent,
649 3512 1108 3589 scripseratque
1137 3513 1375 3575 senatui
1404 3528 1527 3574 non
1554 3518 1675 3573 tam
1708 3512 1855 3588 quid
1886 3511 2335 3584 desiderarent,
