2550 3959
574 171 1075 266 LIBER‘xxvn.
1124 205 1292 266 CAP.
1315 214 1401 268 25.
1425 213 1514 268 26.
1558 208 1630 283 [a.
1657 211 1719 265 c.
1742 208 1869 284 208]
2069 204 2190 268 191
2289 241 2308 246 -

210 358 611 434 praefectum,
658 354 824 434 quod
854 355 989 415 eius
1019 354 1310 415 socordia
1334 355 1658 426 Tarentum
1687 358 1998 432 proditum
2026 357 2189 418 hosti

210 448 399 516 esset,
426 440 563 498 aliis
582 436 853 514 praemia
877 439 1366 512 decernentibus,
1395 441 1562 514 quod
1577 455 1691 518 per
1711 441 2188 516 quinquennium

213 541 419 588 arcem
460 529 687 586 tutatus
730 528 929 596 esset,
970 523 1361 598 maximeque
1402 523 1586 586 unius
1624 525 1756 584 eius
1799 541 1991 600 opera
2015 541 2186 586 rece·

210 616 385 686 ptum
406 608 736 671 Tarentum
766 607 941 680 foret,
970 607 1192 668 mediis
1221 607 1304 666 ad
1327 623 1620 669 censores
1644 624 1767 668 non
1797 610 1879 670 ad
1907 617 2186 670 senatum

212 693 531 773 notionem
560 691 641 752 de
682 706 757 752 eo
788 691 1095 767 pertinere
1125 691 1490 752 dicentibus.
1556 694 1732 755 cuius
1762 693 2096 754 sententiae
2127 701 2189 754 et

214 777 442 840 Fabius
475 776 604 839 fuit.
676 775 899 837 adiecit
923 781 1126 834 tamen
1156 775 1333 836 fateri
1359 791 1434 836 se
1462 792 1655 852 opera
1680 776 1836 836 Livii
1861 778 2184 838 Tarentum

213 859 755 937 receptum-quod
774 859 953 921 amici
984 858 1117 924 eius
1140 859 1326 934 vulgo
1356 859 1418 918 in
1441 867 1658 922 senatu
1684 861 2048 922 iactassent:
2081 877 2184 922 ne·

216 961 337 1022 que
364 944 531 1008 enim
554 942 981 1019 recipiundum
1010 943 1221 1016 fuisse,
1266 942 1388 1004 nisi
1417 943 1713 1006 amissum
1741 945 1919 1006 foret.

384 1027 721 1092 consulum
747 1027 903 1088 alter
925 1027 992 1086 T.
1027 1025 1341 1100 Quinctius
1373 1027 1690 1103 Crispinus
1721 1029 1802 1088 ad
1833 1029 2183 1103 exercitum,

214 1128 401 1188 quem
432 1111 499 1186 Q.
528 1111 779 1176 Fulvius
806 1110 1064 1176 Flaccus
1106 1111 1432 1186 habuerat,
1479 1127 1616 1182 cum
1653 1113 2082 1189 supplemento
2123 1112 2184 1173 in

209 1198 507 1264 Lucanos
542 1203 647 1259 est·
678 1196 1015 1271 profectus.
1079 1195 1434 1259 Marcellum
1475 1194 1633 1256 aliae
1662 1202 1850 1272 atque
1887 1196 2047 1258 aliae
2077 1195 2182 1258 ob-

210 1283 411 1344 iectae
451 1279 655 1344 animo
694 1279 1028 1354 religiones
1065 1278 1382 1355 tenebant,
1425 1279 1488 1340 in
1532 1278 1756 1356 quibus
1801 1281 2001 1355 quod,
2047 1297 2180 1342 cum

214 1366 379 1426 bello
410 1363 647 1426 Gallico
686 1364 771 1426 ad
800 1363 1157 1427 Clastidium
1198 1363 1418 1424 aedem
1443 1363 1680 1424 Honori
1727 1371 1788 1426 et
1813 1363 2033 1424 Virtuti
2074 1379 2178 1424 vo-

218 1449 439 1524 visset,
484 1447 791 1512 dedicatio
821 1447 961 1508 eius
989 1463 1029 1508 a
1054 1447 1450 1524 pontificibus
1493 1447 1968 1526 impediebatur,
2015 1447 2178 1523 quod

213 1533 521 1608 negabant
548 1549 731 1600 unam
760 1533 979 1592 cellam
1006 1531 1251 1594 duobus
1281 1539 1448 1594 recte
1477 1533 1767 1606 dedicari,
1816 1533 1976 1609 quia,
2019 1533 2074 1597 si
2104 1533 2185 1593 de

214 1619 389 1698 caelo
429 1621 593 1676 tacta
621 1621 728 1676 aut
754 1615 1020 1692 prodigii
1062 1615 1297 1691 aliquid
1326 1617 1387 1676 in
1426 1633 1502 1676 ea
1529 1618 1755 1678 factum
1781 1624 1978 1692 esset,
2023 1618 2183 1678 disfi-

214 1700 349 1762 cilis
373 1700 725 1776 procuratio
749 1701 925 1774 foret,
960 1700 1130 1774 quod
1160 1700 1277 1760 utri
1301 1701 1420 1762 deo
1447 1716 1553 1762 res
1577 1701 1788 1761 divina
1813 1701 2006 1772 fieret,
2040 1702 2182 1762 sciri

213 1799 341 1848 non
381 1789 629 1860 possetz
671 1799 877 1858 neque
906 1783 1081 1846 enim·
1100 1783 1346 1844 duobus
1379 1783 1498 1844 nisi
1528 1783 1708 1844 certis
1753 1783 1888 1844 deis
1915 1785 2032 1845 rite
2064 1801 2183 1846 una

213 1867 419 1930 hostia
443 1867 600 1934 fieri.
656 1866 741 1929 ita
767 1866 980 1929 addita
1002 1866 1259 1928 Virtutis
1290 1867 1480 1928 aedes
1513 1873 1925 1944 approperato
1958 1884 2178 1944 opere3

215 1967 418 2029 neque
458 1959 662 2014 tamen
690 1952 769 2014 ab
796 1951 938 2026 ipso
969 1951 1158 2012 aedes
1189 1966 1303 2014 eae
1333 1950 1652 2014 dedicatae
1693 1959 1852 2014 sunt.
1917 1960 2044 2014 tum
2075 1953 2182 2014 de·

214 2053 379 2100 mum
408 2036 494 2100 ad
530 2035 895 2111 exercitum,
940 2051 1123 2110 quem
1149 2035 1358 2112 priore
1385 2051 1546 2098 anno
1574 2035 1892 2101 Venusiae
1920 2038 2182 2114 relique-

213 2127 323 2196 rat,
362 2136 501 2183 eum
531 2121 960 2196 supplemento
989 2120 1416 2194 proficiscitur.

380 2204 615 2266 Locros
644 2205 707 2267 in
726 2203 974 2266 Bruttiis
1000 2203 1317 2279 crispinus
1347 2219 1708 2281 oppugnare
1729 2212 2004 2279 conatus,
2039 2207 2184 2280 quia

215 2304 501 2366 magnam
531 2288 759 2350 famam
797 2287 1078 2349 attulisse
1099 2287 1292 2351 Fabio
1321 2287 1646 2354 Tarentum
1679 2290 1953 2362 rebatur,
2000 2304 2182 2349 omne

214 2389 415 2450 genus
433 2378 873 2435 tormentorum
892 2371 1435 2446 machinammque
1458 2388 1538 2432 ex
1551 2371 1760 2434 Sicilia
1781 2373 2180 2444 arcessierat3

216 2466 277 2520 et
304 2472 499 2520 naves
529 2456 803 2519 ind-idem
830 2455 1067 2518 accitae
1093 2461 1283 2528 erant,
1333 2471 1494 2531 quae
1527 2463 1876 2530 vergentem
1906 2457 1988 2519 ad
2013 2471 2183 2516 mare

215 2548 453 2619 partem
502 2541 675 2606 urbis
730 2547 1176 2616 oppugnarent.
1252 2554 1330 2600 ea
1377 2539 1614 2602 omissa
1651 2539 2029 2615 oppugnatio
2069 2544 2183 2614 est,

218 2628 366 2703 quia
402 2624 718 2690 Lacinium
744 2623 1051 2688 Hannibal
1087 2624 1451 2687 admoverat
1489 2622 1734 2700 copisa,
1779 2630 1841 2683 et
1881 2623 2182 2698 collegam

216 2709 514 2775 eduxisse
553 2708 677 2772 iam
715 2707 793 2770 ab
821 2708 1097 2772 Venusia
1135 2707 1474 2770 exercitum
1502 2708 1665 2768 fama
1703 2714 1862 2783 erat,
1907 2707 2007 2768 cui
2037 2723 2182 2770 con·

216 2795 387 2872 iungi
415 2793 683 2856 volebat.
748 2793 959 2870 itaque
984 2793 1047 2853 in
1074 2793 1366 2868 Apuliam
1401 2807 1482 2852 ex
1507 2791 1757 2854 Bruttiis
1785 2793 2048 2852 reditum
2061 2837 2078 2864 ,
2123 2795 2184 2850 et

215 2880 373 2943 inter
398 2879 736 2942 Venusiam
761 2877 1163 2953 Bantiamque
1190 2876 1392 2940 minus
1419 2875 1598 2938 trium
1627 2875 1857 2936 milium
1885 2889 2180 2952 passuum

216 2964 539 3028 intervallo
571 2965 861 3026 consules
890 2961 1052 3022 binis
1084 2961 1302 3026 castris
1331 2961 1758 3022 consederant.
1817 2961 1878 3020 in
1921 2959 2183 3022 eandem

214 3048 539 3126 regionem
575 3054 637 3112 et
660 3045 966 3110 Hannibal
1004 3045 1185 3109 rediit
1222 3059 1445 3106 averso
1487 3044 1564 3106 ab
1591 3045 1806 3106 Locris
1849 3045 2034 3105 bello.
2098 3042 2182 3102 ibi

218 3133 509 3196 eonsules
532 3131 711 3194 ambo
739 3129 984 3207 ingenio
1008 3130 1249 3192 feroces
1266 3144 1463 3204 prope
1487 3129 1759 3205 quotidie
1779 3129 1842 3188 in
1866 3129 1999 3188 acie
2021 3135 2184 3186 stare

218 3218 385 3280 haud
414 3216 601 3278 dubia
628 3233 743 3292 spe
756 3262 773 3292 ,
817 3215 869 3276 si
900 3213 1145 3276 duobus
1187 3211 1556 3282 exercitibus
1587 3211 2010 3277 consularibus
2052 3209 2184 3270 iun-

220 3303 335 3364 ctis
360 3301 773 3364 commisisset
792 3315 937 3362 sese
956 3297 1174 3370 hostis„
1200 3295 1494 3360 debellari
1514 3311 1724 3372 posse.
1776 3294 1990 3354 XXVI.
2019 3293 2182 3352 Han-

218 3386 384 3448 nibal
414 3385 562 3462 quia
590 3401 728 3446 cum
746 3383 1037 3446 Marcello
1064 3380 1163 3442 bis
1192 3381 1398 3458 priore
1427 3395 1590 3441 anno
1618 3393 1993 3454 congressus
2021 3377 2179 3438 vice·

219 3477 313 3533 rat
353 3469 683 3546 victusque
721 3475 880 3542 erat,
926 3474 1019 3544 ut,
1060 3481 1201 3528 cum
1226 3464 1447 3528 eodem
1478 3465 1532 3524 si
1574 3461 1982 3524 dimicandum
2010 3461 2178 3523 foret.
