2550 3959
574 203 805 264 LIBER
834 203 1073 263 XXVII.
1122 202 1288 263 CAP.
1317 210 1406 266 27.
1451 209 1524 278 [a.
1557 208 1622 260 C.
1651 208 1779 275 208]
2037 201 2158 266 193

198 357 488 419 ruissent.
558 354 799 415 XXVII.
841 361 1108 416 ceterum
1138 355 1454 414 consulem
1480 353 1833 417 Marcellum
1857 361 2024 417 tanta
2053 372 2156 418 cu-

198 440 425 518 piditas
469 438 716 500 tenebat
754 437 1084 498 dimicandi
1128 455 1265 499 cum
1307 438 1675 512 Hannibale,
1720 444 1788 500 ut
1827 455 2158 515 numquam

200 525 350 586 satis
392 529 597 584 castra
634 523 855 582 castris
899 523 1122 582 collata
1160 522 1457 582 crederet.
1537 527 1660 583 tum
1703 537 1955 598 quoque
1993 525 2160 585 vallo

198 608 523 684 egrediens
554 606 796 682 sig-num
824 605 1009 688 dedit,
1055 611 1119 665 ut
1148 605 1227 664 ad
1256 606 1468 666 locum·
1489 605 1663 666 miles
1692 613 1860 667 esset
1887 614 2156 684 paratus,

196 699 279 768 ut,
310 693 365 753 si
389 691 566 753 collis
596 690 657 749 in
682 706 865 764 quem
889 688 1269 764 speculatum
1298 688 1453 749 irent
1472 689 1823 765 placuisset,
1853 707 2007 751 vasa
2034 693 2158 752 col-

195 776 450 852 ligerent
476 780 538 834 et
565 779 984 849 sequerentur.
1047 773 1338 848 exiguum
1367 772 1567 849 campi
1595 780 1736 834 ante
1766 781 1969 834 castra
1995 783 2156 844 erat3

196 859 341 920 inde
381 859 443 920 in
484 858 704 920 collem
738 864 951 932 aperta
988 856 1262 932 undique
1303 863 1363 917 et
1402 862 1734 933 conspecta
1777 857 2012 918 ferebat
2037 858 2158 918 via.

196 943 471 1004 Numidis
501 941 883 1018 speculator,
924 955 1321 1015 nequaquam
1350 939 1412 999 in
1443 956 1618 1016 spem
1644 947 1848 1002 tantae
1876 941 1964 1002 rei
1992 942 2160 1018 posi-

194 1033 311 1102 ωε,
357 1025 473 1087 sed
502 1025 557 1087 si
588 1041 747 1100 quos
775 1036 973 1099 vagos
1004 1023 1210 1099 pabuli
1240 1030 1344 1084 aut
1370 1023 1672 1099 Hgnorum
1701 1039 1893 1087 causa
1919 1025 2158 1101 longius

196 1126 233 1172 a
261 1109 483 1172 castris
512 1124 884 1185 progressos
913 1114 1129 1184 posset
1158 1108 1464 1184 excipere,
1493 1109 1733 1184 sig-num
1757 1109 1878 1185 dat,
1905 1114 1972 1170 ut
1999 1109 2159 1186 pari-

195 1199 288 1255 ter
313 1193 393 1254 ab
421 1191 699 1269 utrisque
720 1191 1011 1254 lateribus
1041 1199 1456 1252 exorerentur.
1495 1208 1618 1252 non
1650 1198 1790 1253 ante
1817 1209 2161 1270 apparuere

196 1277 421 1355 quibus
454 1277 654 1338 obviis
684 1276 761 1337 ab
792 1277 935 1352 iugo
964 1275 1105 1351 ipso
1136 1275 1631 1350 consurgendum
1661 1283 1806 1352 erat,
1841 1293 2024 1352 quam
2046 1276 2158 1337 cir-

194 1362 463 1423 cumiere
480 1361 583 1436 qui
605 1359 682 1420 ab
698 1366 869 1435 tergo
893 1359 1275 1421 includerent
1291 1361 1469 1419 viam.
1498 1366 1624 1421 tum
1645 1361 1918 1437 undique
1943 1376 2158 1421 omncs

194 1445 392 1508 exorti
416 1451 475 1505 et
497 1445 764 1505 elamore
786 1443 1029 1505 sublato
1060 1443 1350 1519 impetum
1373 1444 1595 1505 fecere.
1640 1460 1779 1506 cum
1809 1445 1868 1504 in
1899 1460 1975 1506 ea
1999 1445 2159 1514 valle

194 1529 487 1590 consules
517 1536 756 1604 essent,
804 1533 869 1588 ut
894 1543 1099 1603 neque
1140 1527 1410 1588 evadere
1439 1535 1698 1604 possent
1725 1529 1788 1589 in
1814 1529 2025 1605 iugum
2054 1543 2156 1590 oc-

195 1620 481 1690 cupatum
511 1611 587 1672 ab
610 1612 808 1687 hoste,
842 1627 956 1672 nec
984 1617 1298 1687 receptum
1328 1611 1405 1672 ab
1429 1621 1600 1688 tergo
1630 1613 2024 1674 circumventi
2051 1611 2156 1672 ha·.

193 1696 423 1772 berem,
448 1696 685 1756 extrahi
707 1702 908 1756 tamen
924 1695 1152 1756 diutius
1178 1702 1482 1756 certamen
1506 1696 1828 1772 potuisset,
1851 1695 1915 1755 nl
1938 1702 2159 1771 coepta

193 1781 267 1840 ab
298 1779 577 1841 Etruscis
620 1780 765 1855 ruga
805 1792 1101 1855 pavorem
1146 1777 1364 1838 ceteris
1406 1779 1736 1840 iniecisset.
1803 1793 1928 1838 non
1955 1785 2158 1840 tamen

193 1866 459 1926 omisere
488 1878 758 1941 pugnam
788 1862 1015 1925 deserti
1045 1861 1123 1921 ab
1144 1861 1422 1923 Etruscis
1451 1861 1808 1938 Fregellani,
1839 1861 2040 1923 donec
2068 1863 2156 1924 in·

192 1949 342 2025 tegi-i
386 1949 675 2009 consules
716 1945 1018 2008 hortando
1061 1945 1308 2022 ipsique
1342 1961 1422 2005 ex
1449 1953 1624 2025 parte
1665 1947 1999 2022 pugnando
2027 1963 2156 2009 rem

190 2033 601 2094 sustinebantz
661 2031 777 2092 sed
825 2036 1157 2107 postquam
1204 2031 1557 2092 vulneratos
1612 2031 1792 2093 ambo
1843 2033 2152 2107 consuleS,

187 2115 541 2177 Marcellum
583 2115 764 2176 etiam
794 2113 1153 2175 transfixum
1182 2115 1398 2176 lancea
1425 2115 1845 2191 prolabentem
1873 2131 1953 2176 ex
1993 2131 2154 2191 equo

189 2198 618 2260 moribundum
642 2199 874 2273 videre,
905 2205 1031 2259 tum
1058 2205 1117 2260 et
1143 2199 1265 2274 ipsi
1287 2231 1373 2242 -
1395 2199 1688 2275 perpauci
1717 2206 1917 2260 autem
1939 2215 2155 2275 super·

187 2289 360 2344 erant
384 2315 472 2328 —
498 2299 637 2344 cum
663 2282 942 2358 Crispino
974 2284 1228 2344 consule
1252 2282 1493 2344 duobus
1522 2283 1740 2346 iaculis
1770 2283 1892 2344 icto
1915 2289 1976 2343 et
1993 2281 2152 2344 Mar-

186 2368 345 2429 cello
388 2367 785 2427 adolescente
826 2365 1039 2428 saucio
1083 2372 1144 2427 et
1182 2366 1324 2442 ipso
1367 2365 1730 2441 effugerunt.
1801 2366 2154 2429 interfectus

184 2451 259 2512 A.
290 2451 557 2511 Manlius
588 2450 865 2512 tribunus
894 2449 1177 2525 militum,
1222 2455 1283 2510 et
1310 2465 1390 2509 ex
1419 2449 1662 2511 duobus
1692 2450 2020 2526 praesectis
2053 2467 2152 2511 so·

185 2534 349 2595 cium
371 2535 706 2596 M'.Aulius
739 2534 1003 2607 occisus,
1034 2533 1332 2594 Arrenius
1363 2538 1599 2609 captus.
1644 2541 1706 2594 et
1731 2533 1976 2594 lictores
2009 2549 2150 2594 con·

184 2619 385 2679 sulum
411 2618 682 2694 quinque
702 2617 829 2679 vivi
852 2618 914 2679 ln
938 2617 1206 2679 hostium
1231 2621 1594 2694 potestatem
1618 2622 1936 2694 venerunt,
1969 2616 2152 2678 ceteri

180 2709 287 2763 aut
316 2702 615 2763 interfecti
646 2709 752 2764 aut
778 2717 917 2762 cum
948 2703 1201 2762 consule
1231 2701 1591 2775 effugerunt.
1638 2700 1908 2776 equitum
1937 2706 2062 2762 tres
2093 2707 2154 2761 et

182 2785 589 2862 quadraginta
616 2791 719 2846 aut
746 2785 805 2846 in
836 2785 1075 2862 proelio
1105 2785 1296 2846 autin
1329 2787 1472 2860 fuga
1502 2782 1873 2859 ceciderunt,
1917 2784 2150 2845 duode-

180 2869 395 2945 viginti
423 2869 549 2930 vivi
579 2870 760 2945 capti.
832 2870 1248 2931 tumultuatum
1291 2869 1352 2928 in
1382 2869 1602 2930 castris
1640 2868 1862 2944 ruerat,
1909 2875 1976 2929 ut
2003 2883 2147 2930 con·

180 2952 418 3014 sulibus
459 2953 616 3014 irent
658 2953 938 3014 subsidio
952 2997 970 3028 ,
1029 2969 1163 3013 cum
1208 2952 1522 3014 consulem
1565 2958 1626 3013 et
1665 2952 1856 3014 filium
1898 2951 2148 3014 alterius

178 3036 456 3097 consulis
508 3037 755 3098 saucios
806 3037 1190 3113 exiguasque
1236 3035 1497 3097 infelicis
1548 3035 1960 3113 expeditionls
2009 3036 2148 3096 reli·

178 3121 361 3195 quias
404 3121 487 3180 ad
527 3126 729 3181 castra
769 3120 1087 3181 venientes
1141 3125 1415 3181 cernunt.
1487 3137 1654 3182 mors
1696 3119 1968 3182 Marcelli
2009 3134 2150 3180 cum

175 3203 408 3278 alioqui
431 3203 797 3266 miserabilis
823 3204 949 3280 ruit,
980 3210 1106 3264 tum
1137 3203 1306 3278 quod
1335 3218 1450 3263 nec
1471 3219 1585 3279 pro
1615 3210 1816 3264 aetate
1843 3238 1930 3250 --
1953 3201 2154 3263 maior

175 3285 297 3348 lam
331 3288 493 3349 enim
522 3287 843 3364 sexaginta
883 3287 1059 3349 annis
1088 3293 1218 3348 erat
1250 3317 1338 3332 —-
1366 3302 1568 3362 neque
1597 3302 1710 3363 pro
1741 3285 1971 3347 veteris
2001 3302 2152 3364 pru·

174 3371 384 3432 dentia
425 3371 601 3434 ducis
632 3379 752 3434 tam
791 3370 1139 3450 Improvide
1168 3385 1240 3431 se
1281 3369 1704 3446 collegamque
1732 3376 1792 3431 et
1827 3385 2026 3448 prope
2052 3376 2148 3431 to·

172 3459 296 3516 tam
324 3471 454 3515 rem
481 3455 787 3532 publicam
816 3455 877 3516 in
909 3470 1209 3532 praeceps
1242 3453 1515 3515 dederat.

252 3555 307 3598 r.
334 3555 457 3598 ιινι
482 3557 633 3600 mas
657 3541 753 3600 Ill.
1674 3549 1740 3601 1³
