2550 3959
309 196 394 261 12
598 198 830 260 LIBER
855 199 1073 260 XXIV.
1117 199 1283 261 CAP.
1315 206 1403 262 10.
1433 208 1519 261 n.
1564 206 1639 273 [a.
1670 204 1740 257 U.
1770 223 1819 259 c.
1846 208 1973 273 5383

309 353 452 414 dam
479 352 756 428 legiones
787 368 858 413 se
886 360 1150 413 armatas
1181 352 1242 412 in
1272 352 1545 413 laniculo
1573 351 1787 414 videre
1816 353 2273 417 concitaverunt

309 437 614 497 civitatem
642 436 723 496 ad
751 452 951 496 arma=
997 436 1100 511 qui
1127 443 1255 497 tum
1285 436 1345 495 in
1375 436 1645 497 Ianiculo
1691 444 1931 509 essent,
1975 447 2277 513 negarunt

309 534 682 598 quemquam
712 519 794 580 ibi
818 526 1061 595 praeter
1088 521 1387 581 adsuetos
1412 521 1588 581 collis
1619 520 1753 581 eius
1784 521 2050 581 cultores
2080 520 2278 598 appa-

309 604 531 665 ruisse.
576 604 730 664 haec
758 604 1040 679 prodigia
1061 604 1281 664 hostiis
1310 603 1643 664 maioribus
1671 602 1999 680 procurata
2026 612 2168 665 sunt
2194 621 2277 665 ex

309 688 704 765 haruspicum
732 704 1075 763 responso;
1121 695 1181 749 et
1209 689 1579 764 supplicatio
1610 687 1892 749 omnibus
1923 688 2079 763 deis,
2124 705 2275 765 quo-

309 790 446 833 rum
475 771 820 847 pulvinaria
846 772 1080 831 Romae
1110 778 1338 845 essent,
1381 772 1608 833 indicta
1636 777 1751 832 est.

477 856 579 915 XI.
621 854 990 930 Perpetratis
1016 872 1178 932 quae
1205 856 1288 915 ad
1308 871 1527 931 pacem
1554 856 1737 916 deum
1766 855 2166 931 pertinebant,
2198 858 2277 917 de

309 956 375 1000 re
407 939 654 1015 publica
680 938 967 1014 belloque
995 940 1268 1015 gerendo
1314 945 1375 999 et
1403 947 1693 1017 quantum
1724 940 2044 1016 copiarum
2085 948 2145 1001 et
2170 941 2277 1001 ubi

313 1038 598 1098 quaeque
629 1031 855 1096 essent,
887 1025 1177 1084 consules
1207 1024 1289 1084 ad
1318 1030 1597 1084 senatum
1624 1025 1999 1086 rettulerunt.
2042 1024 2277 1085 duode-

311 1107 521 1182 viginti
551 1106 896 1183 legionibus
925 1106 1154 1169 bellum
1181 1108 1314 1183 geri
1344 1110 1604 1183 placuitz
1634 1108 1813 1169 binas
1842 1108 2129 1169 consules
2160 1107 2279 1168 sibi

312 1207 574 1266 sumere,
620 1191 781 1251 binis
807 1192 1063 1253 Galliam
1092 1191 1487 1268 Siciliamque
1516 1209 1589 1254 ac
1612 1191 1960 1253 Sardiniam
1987 1191 2279 1261 obtineri3

313 1276 553 1336 duabus
583 1275 651 1349 Q.
683 1275 936 1336 Fabium
978 1284 1325 1353 praetorem
1364 1276 1660 1351 Apuliae,
1702 1276 1944 1335 duabus
1989 1278 2279 1335 volonum

309 1359 438 1419 Tib.
471 1359 812 1419 Gracchum
856 1360 1020 1419 circa
1045 1360 1363 1420 Luceriam
1394 1374 1719 1436 praeesse;
1766 1360 2042 1434 singulas
2074 1358 2138 1418 C.
2165 1359 2279 1418 Te-

311 1442 505 1504 rentio
551 1444 906 1517 proconsuli
948 1445 1030 1504 ad
1069 1443 1357 1504 Picenum
1400 1452 1461 1503 et
1488 1444 1569 1503 M.
1598 1443 1847 1503 Valerio
1889 1443 1971 1503 ad
2011 1442 2279 1503 classem

319 1528 483 1588 circa
508 1526 903 1587 Brundisium
929 1528 1222 1605 relinqui;
1265 1528 1424 1589 duas
1454 1527 1588 1587 urbi
1619 1528 1930 1602 praesidio
1962 1542 2125 1587 esse.
2178 1526 2283 1587 hic

317 1619 380 1670 ut
400 1626 690 1671 numerus
714 1611 1024 1685 legionum
1045 1613 1411 1688 expleretur,
1444 1627 1561 1672 sex
1582 1626 1784 1671 novae
1806 1611 2085 1687 legiones
2106 1618 2283 1670 erant
2343 1687 2352 1693 ,

314 1694 699 1754 scribendae.
743 1711 850 1755 eas
876 1696 1072 1771 primo
1101 1712 1351 1771 quoque
1380 1702 1657 1772 tempore
1689 1696 1979 1755 consules
2008 1694 2282 1756 scribere

314 1778 467 1838 iussi
496 1786 557 1837 et
585 1780 849 1839 classem
880 1795 1117 1854 parare,
1147 1786 1214 1840 ut
1243 1795 1382 1839 cum
1411 1780 1502 1840 eis
1534 1779 1815 1851 navibus,
1850 1794 2010 1853 quae
2038 1795 2151 1855 pro
2169 1776 2279 1837 Ca-

318 1862 550 1923 labriae
579 1862 858 1923 litoribus
899 1864 962 1922 in
991 1863 1254 1923 statione
1284 1869 1522 1938 essent,
1569 1870 1811 1923 centum
1841 1862 2285 1937 quinquaginta

319 1947 635 2020 longarum
669 1946 888 2006 classis
917 1946 1162 2006 navium
1191 1961 1266 2006 co
1298 1942 1461 2007 anno
1492 1947 1856 2021 expleretur.
1922 1947 2149 2006 dilectu
2173 1944 2283 2004 ha-

316 2029 444 2089 bito
491 2035 552 2089 et
591 2036 830 2089 centum
870 2029 1130 2089 navibus
1161 2028 1343 2089 novis
1372 2029 1654 2089 deductis
1684 2029 1753 2103 Q.
1782 2028 2009 2091 Fabius
2040 2028 2283 2091 comitia

319 2112 680 2173 censoribus
727 2112 1008 2172 creandis
1051 2110 1289 2171 habuit:
1335 2114 1521 2174 creati
1548 2113 1631 2174 Μ.
1660 2113 1881 2173 Atilius
1906 2114 2181 2189 Regulus
2222 2118 2285 2171 et

315 2197 377 2254 P.
405 2195 624 2257 Furius
651 2195 878 2256 Philus,

487 2279 634 2339 Cum
653 2279 1102 2341 increbesceret
1115 2295 1325 2340 rumor
1336 2280 1565 2341 bellum
1578 2280 1641 2339 in
1658 2280 1866 2342 Sicilia
1880 2296 2041 2353 esse,
2060 2279 2123 2337 T.
2143 2278 2283 2338 Ota·

319 2364 492 2423 cilius
535 2379 610 2424 eo
641 2379 779 2423 cum
809 2364 1012 2424 classe
1042 2364 1355 2439 proficisci
1396 2365 1605 2425 iussus
1634 2372 1747 2425 est.
1823 2381 1961 2426 cum
1992 2365 2281 2424 deessent

321 2452 573 2522 nautae,
619 2448 906 2509 consules
937 2464 1017 2509 ex
1046 2456 1297 2509 senatus
1327 2450 1607 2509 consulto
1639 2448 1988 2520 edixerunt,
2034 2452 2128 2516 ut,
2176 2446 2279 2520 qui

317 2532 384 2590 L.
411 2532 674 2593 Aemilio
706 2532 768 2592 C.
797 2532 1093 2593 Flaminio
1125 2532 1490 2593 censoribus
1519 2532 1762 2593 milibus
1792 2532 1951 2591 aeris
1982 2528 2279 2606 quinqua-

317 2615 484 2689 ginta
512 2615 649 2691 ipse
677 2622 782 2676 aut
811 2623 986 2691 pater
1019 2617 1151 2676 eius
1185 2632 1411 2677 census
1442 2616 1661 2677 fuisset
1700 2631 1899 2691 usque
1928 2615 2010 2675 ad
2038 2618 2282 2675 centum

321 2698 517 2772 milia,
559 2706 664 2759 aut
693 2699 788 2761 cui
817 2707 1038 2775 postea
1063 2707 1230 2761 tanta
1257 2716 1361 2760 res
1392 2706 1562 2759 esset
1588 2701 1779 2775 facta,
1822 2705 2069 2761 nautam
2096 2714 2283 2759 unum

321 2798 457 2843 cum
487 2797 603 2843 sex
630 2799 906 2843 mensum
949 2782 1255 2857 stipendio
1290 2784 1491 2853 daret3
1539 2784 1645 2858 qui
1674 2800 1863 2859 supra
1890 2790 2131 2844 centum
2170 2781 2281 2857 mi,-

322 2866 400 2925 lia
429 2882 630 2941 usque
671 2866 752 2925 ad
781 2872 1076 2938 trecenta,
1103 2873 1245 2927 tres
1276 2874 1493 2927 nautas
1525 2883 1661 2927 cum
1690 2868 1999 2943 stipendio
2042 2882 2281 2935 annu03

322 2947 426 3025 qui
455 2965 646 3024 supra
673 2956 944 3011 trecenta
972 2966 1171 3024 usque
1199 2951 1282 3011 ad
1312 2950 1561 3011 deciens
1594 2951 1784 3025 aeris,
1830 2953 2102 3028 quinque
2132 2964 2279 3009 nau-

316 3040 447 3102 tas;
495 3033 601 3109 qui
642 3050 833 3110 supra
873 3034 1156 3109 decienS,
1198 3041 1469 3111 septem3
1517 3042 1837 3095 senatores
1880 3042 2018 3096 octo
2061 3040 2281 3093 nautas

321 3132 462 3178 cum
501 3133 703 3178 annuo
746 3118 1054 3195 stipendio
1093 3119 1327 3179 darent.
1392 3134 1471 3179 ex
1500 3118 1621 3179 hoc
1664 3119 1863 3179 edicto
1896 3118 2020 3179 dati
2061 3124 2282 3177 nautae

318 3201 530 3261 armati
559 3200 958 3277 instructique
986 3202 1064 3261 ab
1088 3202 1353 3264 dominis
1385 3218 1521 3263 cum
1544 3202 1789 3277 triginta
1823 3204 2057 3263 dierum
2088 3200 2281 3261 coctis

318 3282 564 3345 cibariis
596 3301 788 3346 naves
819 3288 1329 3347 conscenderunt.
1392 3292 1517 3346 tum
1548 3286 1809 3362 primum
1839 3293 1937 3347 est
1963 3287 2187 3347 factum
2216 3289 2283 3343 ut

320 3368 540 3429 classis
569 3368 846 3429 Romana
875 3369 1062 3431 sociis
1105 3370 1431 3433 navalibus
1460 3370 1700 3447 privata
1738 3370 2020 3447 impensa
2049 3368 2281 3445 paratis

319 3453 742 3527 compleretur.
