2550 3959
570 221 802 282 mmm
830 220 1016 281 xxv.
1058 220 1227 281 CAP.
1254 230 1341 283 as.
1365 226 1452 283 39.
1493 223 1564 299 [a.
1590 228 1653 280 c.
1675 225 1800 301 212]
2077 222 2157 285 97

200 376 371 437 ribus
428 375 667 435 {innata
713 373 1007 434 habuisse
1063 378 1125 433 et
1170 371 1346 448 ipsos
1397 379 1646 449 paratos
1697 374 2160 452 instructosque

204 459 413 521 ruisse.
460 464 523 519 et
560 458 643 517 ita
684 472 754 517 se
792 472 895 517 res
924 455 1135 517 habet:
1179 457 1255 517 ad
1291 457 1382 531 id,
1427 458 1597 533 quod
1626 472 1704 517 ne
1733 460 2012 519 timeatur
2041 461 2160 521 for·

198 550 345 605 tuna
372 542 550 616 facit,
580 539 825 601 minime
852 540 963 601 tuti
990 546 1133 601 sunt
1158 539 1468 614 homines,
1505 542 1648 617 quia
1677 542 1846 617 quod
1875 546 2159 617 neglexe-

200 626 283 689 ris
322 625 635 685 incautum
676 630 863 698 atque
903 629 1179 698 apertum
1209 622 1461 685 habeas.
1525 625 1671 684 nihil
1702 624 1970 686 omnium
2001 644 2160 687 nunc

198 710 401 769 minus
442 713 719 768 metuunt
758 706 973 769 hostes
1036 719 1218 781 quam
1265 722 1346 767 ne
1391 708 1634 769 obsessi
1676 710 1862 770 modo
1916 710 2038 784 ipsi
2068 714 2158 770 at>-

200 808 321 870 que
348 792 690 868 oppugnati
718 797 921 853 castra
949 805 1063 851 sua
1090 792 1247 852 ultro
1277 806 1726 867 oppugnemus.
1801 792 2156 863 audeamus,

199 876 367 951 quod
399 875 569 936 credi
596 888 721 935 non
752 879 957 949 potest
986 888 1251 935 ausuros
1282 891 1418 935 nos.
1477 890 1554 937 eo
1585 878 1755 951 ipso,
1801 876 1969 951 quod
1999 877 2158 937 diffi-

196 960 487 1019 cillimum
516 958 784 1032 videtur,
825 957 1061 1019 facilius
1092 957 1222 1017 erit.
1293 958 1470 1019 tertia
1495 958 1704 1033 vigilia
1729 960 1930 1020 noctis
1959 960 2158 1021 silenti

194 1042 441 1119 agmine
470 1042 691 1102 ducam
716 1056 852 1103 vos.
898 1042 1283 1115 exploratum
1311 1041 1512 1103 habeo
1541 1058 1666 1103 non
1697 1042 2036 1117 vigiliarum
2060 1060 2160 1105 or·

195 1128 403 1187 dinem
431 1139 555 1186 non
586 1125 883 1189 stationes
910 1124 1103 1185 iustas
1132 1140 1295 1185 esse.
1342 1126 1572 1187 clamor
1601 1124 1660 1185 in
1691 1126 1884 1200 portis
1913 1127 2158 1189 auditus

193 1216 257 1271 et
304 1210 543 1286 primus
592 1209 858 1286 impetus
910 1215 1115 1269 castra
1170 1209 1422 1283 ceperit.
1491 1214 1618 1269 turn
1673 1209 1829 1269 inter
1875 1209 2157 1285 torpidos

196 1309 421 1355 somno
451 1300 875 1369 paventesque
902 1292 984 1351 ad
1012 1292 1443 1368 necopinatum
1471 1292 1789 1353 tumultum
1811 1298 1872 1352 et
1891 1293 2156 1354 inermes

194 1378 253 1437 in
284 1376 593 1438 cubilibus
622 1377 755 1439 suis
786 1390 1129 1452 oppressos
1158 1377 1259 1437 illa
1285 1376 1516 1446 ,caedes
1547 1376 1791 1450 edatur,
1821 1392 1864 1436 a
1891 1392 2014 1452 qua
2042 1392 2156 1437 vos

194 1460 485 1521 hesterno
516 1460 617 1527 die
645 1464 970 1521 revocatos
1001 1474 1187 1535 aegre
1216 1460 1524 1521 serebatis.
1568 1459 1702 1520 scio
1731 1459 1936 1519 audax
1963 1459 2156 1521 videri

195 1544 550 1618 consilium,
601 1544 716 1613 sed
755 1544 817 1603 in
857 1542 1045 1604 rebus
1082 1543 1322 1619 asperis
1363 1550 1424 1603 et
1462 1542 1630 1606 tenui
1669 1559 1786 1619 spe
1828 1543 2157 1606 fortissima

194 1642 485 1705 quaeque
530 1626 787 1693 consilia
827 1626 1129 1689 tutissima
1168 1631 1341 1698 sunt,
1389 1628 1564 1702 quia,
1615 1628 1668 1687 si
1708 1628 1768 1687 in
1811 1628 2156 1689 occasionis

190 1717 521 1784 momento,
553 1710 727 1771 culus
752 1711 1161 1785 praetervolat
1186 1712 1630 1785 opportunitas,
1661 1717 1982 1771 cunctatus
2007 1727 2154 1785 pau—

192 1798 317 1857 lum
372 1794 562 1856 fueris
577 1840 595 1869 ,
658 1795 1031 1870 nequiquam
1084 1810 1231 1857 mox
1284 1793 1578 1854 omissam
1631 1807 1915 1869 quaeras.
1995 1793 2154 1855 unus

193 1880 503 1941 exercitus
532 1880 595 1938 in
624 1878 973 1955 propinquo
1003 1883 1116 1953 est,
1148 1879 1273 1939 duo
1298 1878 1460 1938 haud
1485 1878 1700 1953 procul
1723 1876 1961 1939 absunt.
1993 1894 2156 1939 nune

192 1962 694 2039 adgredientibus
724 1977 873 2037 spes
902 1962 1109 2036 aliqua
1137 1968 1263 2031 θεῖς
1310 1967 1371 2021 et
1399 1961 1516 2021 iam
1545 1962 1884 2037 temptastis
1913 1966 2154 2021 vestras

192 2054 379 2122 atque
437 2046 679 2106 illorum
727 2046 911 2107 vires.
986 2046 1041 2105 si
1089 2046 1252 2106 diem
1303 2045 1670 2121 proferimus
1721 2051 1784 2107 et
1830 2044 2155 2107 hesternae

192 2129 534 2205 eruptionis
576 2130 739 2191 sama
768 2129 1071 2193 contemni
1100 2128 1492 2202 desierimuS,
1538 2129 1874 2205 periculum
1903 2135 2028 2203 est,
2070 2145 2154 2189 ne

192 2230 413 2275 omnes
439 2213 655 2287 duces,
686 2229 901 2275 omnes
930 2212 1151 2289 copiae
1180 2213 1566 2276 conveniant.
1631 2220 1758 2277 tros
1789 2211 2012 2273 deinde
2041 2214 2152 2275 du-

192 2313 321 2373 ces,
343 2304 471 2357 tres
500 2297 809 2358 exercitus
840 2295 1277 2358 sustinebimus
1307 2296 1590 2371 hostium,
1621 2312 1780 2371 quos
1812 2296 1916 2357 Cn.
1940 2294 2152 2371 Scipio

192 2380 483 2443 ineolumi
513 2380 786 2443 exercitu
814 2398 940 2442 non
971 2380 1298 2441 sustinuit?
1347 2386 1414 2441 ut
1441 2379 1770 2441 dividendo
1799 2379 2016 2455 copias
2047 2395 2148 2455 pe-

194 2464 351 2525 riere
392 2464 585 2525 duces
626 2465 851 2539 nostri,
896 2464 977 2525 ita
1018 2463 1352 2537 separatim
1391 2478 1466 2523 ac
1505 2462 1686 2523 divisi
1715 2462 1978 2539 opprimi
2007 2480 2149 2539 pos-

192 2556 338 2609 sunt
361 2548 596 2610 hostes.
642 2548 761 2609 alia
790 2548 932 2609 beili
959 2546 1213 2623 gerendi
1239 2546 1342 2606 via
1369 2546 1534 2606 nulla
1562 2550 1674 2605 est.
1722 2546 1979 2621 proinde
2007 2545 2152 2608 nihil

194 2638 439 2708 practer
466 2632 665 2693 noetis
698 2632 1017 2709 proximae
1046 2630 1560 2706 opportunitatem
1587 2637 2038 2707 exspectemus.
2072 2630 2151 2691 ite

192 2716 325 2775 deis
357 2716 516 2777 bene
544 2715 913 2788 iuvantibu3‚
944 2730 1208 2789 corpora
1236 2721 1474 2789 curate,
1509 2721 1578 2777 ut
1605 2712 2148 2790 integri-vigentes-

192 2815 312 2874 que
335 2800 557 2862 eodem
578 2799 780 2861 animo
806 2798 864 2859 in
888 2805 1091 2859 castra
1113 2797 1378 2859 hostium
1401 2796 1765 2873 irrumpatis,
1797 2813 1922 2873 quo
1949 2804 2152 2858 vestra

195 2882 365 2943 tutati
395 2883 607 2943 estis“.

361 2967 529 3027 Laeti
558 2973 621 3027 et
645 2967 899 3027 audiere
926 2966 1002 3027 ab
1033 2982 1195 3025 novo
1228 2966 1387 3025 duce
1414 2982 1642 3029 novum
1673 2966 2022 3040 consilium,
2071 2972 2146 3037 et,

196 3067 314 3125 quo
360 3051 656 3111 audacius
684 3055 844 3125 erat,
888 3047 1082 3123 magis
1112 3049 1410 3123 placebat.
1479 3048 1782 3123 reliquum
1811 3050 1932 3109 diei
1961 3064 2148 3125 expe-

192 3134 434 3195 diendis
483 3134 669 3195 armis
718 3140 781 3194 et
830 3133 1145 3193 curatione
1199 3148 1529 3207 corporum
1578 3138 2038 3207 consumptum,
2092 3139 2152 3190 et

190 3218 386 3278 maior
428 3234 573 3293 pars
605 3218 803 3277 noctis
834 3216 1023 3291 quieti
1050 3216 1195 3275 data
1221 3221 1333 3275 est.
1401 3222 1618 3291 quarta
1642 3214 1850 3289 vigilia
1874 3230 2146 3276 movere.

190 3300 451 3361 XXXIX.
498 3309 673 3363 erant
704 3301 865 3361 ultra
890 3300 1174 3377 proxima
1202 3304 1407 3359 castra
1435 3315 1550 3359 sex
1577 3298 1804 3359 milium
1834 3297 2148 3359 intervallo

191 3384 490 3446 distantes
534 3384 690 3446 aliae
730 3384 951 3459 copiae
994 3382 1354 3443 Poenorum.
1415 3383 1611 3441 valles
1652 3395 1806 3442 cava
1847 3379 2147 3457 intererat,

189 3470 511 3529 condensa
550 3468 894 3529 arboribus.
968 3466 1025 3526 in
1054 3465 1235 3526 huius
1279 3465 1470 3525 silvae
1497 3463 1701 3526 medio
1730 3465 1918 3525 ferme
1950 3468 2150 3541 spatio

270 3570 321 3611 r.
370 3568 496 3611 t1v1
540 3569 693 3612 rans
738 3552 834 3609 111.
1701 3556 1732 3609 7
