2550 3959
361 252 489 317 210
638 251 870 314 LmER
894 251 1134 313 xxvu.
1180 251 1350 313 cAP.
1378 259 1468 313 42.
1496 259 1584 313 43.
1629 251 1702 328 [a.
1737 255 1804 310 υ.
1835 273 1883 309 0.
1913 255 2041 330 ⁵4⁵]

364 412 576 468 contra
602 403 821 466 efferre
846 403 1016 479 vidit,
1060 403 1265 482 spolia
1291 403 1414 480 legi
1443 417 1765 465 caesorum
1793 403 2062 466 hostium
2091 412 2150 466 et
2177 422 2320 467 suo,

363 507 495 552 rum
537 497 800 566 corpora
836 489 1061 550 collata
1100 489 1386 570 inunum
1418 487 1668 564 sepeliri
1709 486 1907 550 iussit.
1977 489 2122 550 inde
2161 489 2331 552 inse-

366 573 691 654 quentibus
733 572 1036 634 continuis
1079 571 1299 634 diebus
1341 572 1574 647 aliquot
1613 571 1697 632 ita
1737 572 1952 633 institit
1989 574 2212 651 portia,
2263 582 2335 636 ut

363 667 563 736 prope
591 659 815 718 inferre
842 657 1019 732 signa
1047 656 1376 732 videretur,
1408 656 1608 720 donee
1633 656 1938 717 Hannibal
1965 657 2142 718 tertia
2169 657 2332 734 vigi-

365 745 449 804 lia
476 742 708 803 crebris
738 738 980 816 ignibus
1008 739 1576 817 tabernaculisque,
1623 757 1781 816 quae
1809 757 1957 818 pars
1985 747 2334 804 castrorum

364 828 447 887 ad
472 826 687 888 hostes
715 824 1027 900 vergebat,
1071 830 1133 885 et
1157 823 1435 886 Numidis
1464 825 1714 902 paucis,
1765 825 1869 901 qui
1898 825 1962 886 in
1989 827 2153 886 vallo
2183 841 2330 903 por-

364 911 567 987 tisque
604 924 675 969 se
718 908 1140 984 ostenderent,
1174 908 1409 970 reiictis
1444 909 1758 985 profectus
1787 909 2078 986 Apuliam
2119 909 2335 986 petere

363 993 636 1055 intendit.
698 991 803 1053 ubi
830 992 1047 1067 illuxit,
1074 991 1381 1054 successit
1411 991 1572 1054 vallo
1601 993 1879 1054 Romana
1909 993 2096 1070 acieS,
2126 1001 2186 1054 et
2205 993 2331 1055 Nu-

363 1077 565 1138 midae
594 1092 673 1138 ex
696 1075 1037 1154 composito
1060 1075 1379 1153 paulisper
1399 1077 1460 1137 in
1485 1077 1680 1152 portis
1709 1093 1782 1138 se
1806 1078 2092 1153 valloque
2121 1085 2331 1140 osten-

364 1170 591 1239 tavere,
624 1161 1017 1237 frustratique
1042 1161 1418 1236 aliquamdiu
1440 1161 1656 1222 hostes
1686 1161 1881 1222 citatis
1902 1163 2082 1239 equis
2109 1177 2333 1236 agmen

365 1261 613 1308 suorum
657 1245 1093 1321 adsequuntur.
1160 1245 1377 1308 consul
1417 1244 1522 1306 ubi
1561 1245 1865 1306 silentium
1906 1246 1968 1306 in
2009 1244 2227 1306 castris
2271 1253 2335 1305 et

365 1347 441 1391 ne
471 1345 707 1406 paucos
738 1329 999 1406 quidem,
1031 1329 1135 1406 qui
1163 1329 1362 1406 prima
1386 1331 1524 1390 luce
1554 1329 2110 1403 obambulaverant,
2154 1335 2335 1405 parte

364 1415 489 1475 ulla
510 1413 811 1488 cernebat,
836 1413 1079 1475 duobus
1103 1413 1413 1490 equitibus
1436 1413 1818 1490 speculatum
1839 1413 1901 1473 in
1925 1419 2128 1474 castra
2148 1428 2328 1488 prae·

367 1497 572 1560 missis
595 1503 923 1574 postquam
946 1497 1095 1558 satis
1124 1503 1253 1557 tuta
1283 1497 1488 1559 omnia
1512 1512 1656 1558 esse
1684 1496 2066 1574 exploratum
2095 1502 2208 1572 est,
2238 1497 2328 1556 in-

368 1581 510 1642 terri
538 1581 715 1658 signa
742 1581 949 1642 iussit=
989 1587 1342 1656 tantumque
1369 1580 1453 1640 ibi
1482 1587 1773 1654 moratae,
1820 1581 1968 1642 dum
1995 1579 2216 1641 milites
2247 1581 2331 1641 ad

365 1666 659 1742 praedam
699 1662 1070 1737 discurrunt,
1128 1664 1402 1742 receptui
1445 1665 1669 1726 deinde
1711 1665 1958 1742 cecinit,
2006 1665 2332 1741 multoque

368 1755 506 1808 ante
534 1755 775 1809 noctem
804 1749 1017 1825 copias
1046 1750 1307 1811 reduxit.
1382 1756 1633 1826 postero
1663 1749 1764 1809 die
1794 1749 1992 1824 prima
2019 1747 2156 1807 lnce
2186 1765 2327 1825 pro-

368 1833 593 1906 fectus,
636 1834 875 1908 magnis
915 1832 1231 1894 itineribus
1272 1833 1497 1892 ramam
1540 1839 1600 1892 et
1638 1831 1900 1906 vestigia
1933 1832 2199 1908 agminis
2229 1848 2330 1892 se-

370 1933 568 1992 quens
591 1916 756 1976 haud
776 1918 994 1992 procul
1008 1913 1286 1996 Venusia
1301 1917 1546 1977 bostem
1567 1915 1941 1992 adsequitur.
1972 1916 2333 1992 ibiquoque

367 2000 753 2060 tumultuaria
772 2015 981 2077 pugna
1009 2000 1147 2070 iuit3
1194 2011 1385 2075 supra
1416 2001 1537 2062 duo
1567 1999 1732 2060 milia
1749 1999 2096 2062 Poenorum
2122 2015 2331 2061 caesa.

368 2083 511 2142 inde
552 2083 862 2142 nocturnis
891 2083 1323 2159 montanisque
1363 2083 1678 2145 itineribus
1706 2083 1974 2160 Poenus,
2008 2094 2093 2143 ‘ne
2124 2085 2331 2146 locum

368 2165 680 2242 pugnandi
726 2165 928 2242 daret,
978 2165 1422 2243 Metapontum·
1435 2167 1624 2244 petiit.
1705 2165 1924 2228 Hanno
1966 2167 2112 2226 inde
2151 2196 2238 2213 «-
2276 2169 2333 2228 is

371 2249 530 2310 enim
569 2249 880 2326 praesidio
926 2250 1060 2312 eius
1099 2251 1220 2311 loci
1260 2251 1609 2326 praefuerat
1646 2281 1733 2295 --
1774 2251 1836 2312 in
1878 2247 2146 2312 Bruttios
2190 2267 2331 2311 cum

369 2333 583 2409 paucis
614 2335 695 2394 ad
722 2335 1053 2396 exercitum
1082 2352 1310 2397 novum
1346 2335 1821 2412 comparandum
1862 2335 2123 2395 missus=
2165 2335 2331 2395 Han*

370 2417 535 2477 nibal
578 2418 773 2494 copiis
814 2419 947 2480 eius
983 2420 1063 2480 ad
1092 2433 1239 2480 suas
1266 2419 1500 2480 'additis
1529 2418 1868 2479 Venusiam
1908 2425 2068 2480 retro
2103 2418 2331 2494 quibus

372 2508 625 2564 venerat
650 2502 968 2566 itineribus
996 2504 1259 2580 repetiit,
1285 2509 1472 2580 atque
1498 2502 1644 2562 inde
1673 2501 2000 2563 Canusium
2027 2503 2330 2578 procedit.

372 2603 700 2664 numquam
727 2585 885 2648 Nero
919 2587 1193 2662 vestigiis
1222 2588 1420 2648 hostis
1450 2586 1793 2662 abstiterat,
1838 2592 1902 2646 et
1931 2587 1998 2661 Q.
2027 2585 2330 2660 Fulvium,
2393 2631 2431 2645 ..
2536 2589 2537 2596 ’

373 2686 511 2731 cum
550 2669 966 2746 Metapontum
1006 2672 1147 2747 ipse
1195 2671 1720 2747 proficisceretur,
1775 2670 1836 2730 in
1878 2671 2194 2746 Lucanos,
2253 2686 2334 2731 ne

367 2754 541 2830 regio
572 2770 647 2814 ea
678 2756 810 2814 sine
841 2756 1151 2831 praesidio
1183 2761 1369 2829 esset,
1408 2755 1790 2816 arcessierat.

530 2832 738 2898 XLIII.
806 2839 969 2900 Inter
998 2839 1152 2900 haec
1193 2839 1270 2899 ab
1299 2839 1714 2912 Hasdrubale,
1764 2845 2094 2916 postquam
2135 2852 2172 2898 a
2199 2837 2332 2898 Pla·

372 2923 607 2982 centiae
646 2921 971 2983 obsidione
1014 2923 1351 2998 abscessit,
1393 2929 1676 2998 quattuor
1707 2921 1858 2982 Galli
1889 2923 2159 2998 equites,
2208 2921 2334 2982 duo

372 3005 669 3066 Numidae
708 3020 846 3066 cum
887 3005 1099 3068 litteris
1139 2999 1314 3068 missi
1357 3007 1438 3066 ad
1467 3005 1864 3066 Hannibalem
1902 3021 2041 3067 cum
2069 3021 2181 3082 per
2205 3020 2334 3066 me·

374 3089 541 3150 dium
590 3089 832 3150 hostem
882 3097 1070 3152 totam
1112 3093 1304 3152 ferme
1357 3090 1795 3166 longitudinem
1833 3089 2046 3150 Italiae
2100 3089 2336 3150 emensi

356 3179 608 3250 essent,
654 3173 799 3235 dum
829 3175 1247 3251 Metapontum
1279 3175 1594 3236 cedentem
1621 3171 2026 3234 Hannibalem
2066 3189 2336 3248 sequun-

369 3265 483 3332 tur,
525 3258 773 3320 incertis
817 3259 1131 3320 itineribus
1158 3259 1482 3321 Tarentum
1511 3259 1696 3320 delati
1717 3273 1762 3317 a
1789 3259 1965 3334 vagis
1994 3273 2109 3335 per
2148 3271 2336 3332 agros

374 3340 837 3418 pabulatoribus
867 3343 1160 3404 Romanis
1192 3344 1271 3404 ad
1297 3342 1364 3418 Q.
1391 3341 1706 3403 Claudium
1737 3350 2197 3418 propraetorem
2228 3341 2328 3401 de-

378 3425 693 3488 ducuntur.
757 3442 896 3489 eum
935 3427 1130 3503 primo
1173 3425 1424 3497 incertis
1466 3426 1848 3502 implicantes
1876 3423 2231 3502 responsiS,
2273 3431 2339 3484 ut

372 3515 573 3573 metus
616 3518 1052 3572 tormentorum
1094 3511 1378 3572 admotus
1409 3510 1583 3570 fateri
1607 3509 1756 3571 v'era
1798 3510 2025 3585 coegit,
2069 3509 2331 3568 edocue-
