2550 3959
361 232 446 294 20
679 228 911 289 LIBER
931 228 1146 288 xxiv.
1191 225 1585 307 CAP.19.f20.
1631 230 1995 299 [aumas]

362 378 710 440 Gracchum
735 378 1169 454 proconsulem
1189 392 1226 437 a
1248 376 1603 437 Benevento
1636 374 1989 437 acciturum.
2035 375 2155 438 hoc
2177 393 2333 439 nun·

363 458 450 521 tio
483 461 810 523 Marcellus
852 461 1100 523 duobus
1145 460 1397 521 militurn
1438 459 1681 520 milibus
1704 458 1897 521 Nolae
1925 458 1987 521 in
2016 460 2331 535 praesidio

367 545 598 606 relictis
641 562 779 606 cum
821 552 1026 606 cetero
1065 544 1345 604 exercitu
1373 542 1702 605 Casilinum
1724 542 1910 619 venit,
1940 543 2333 620 adventuque

372 629 508 691 eius
539 630 831 704 Campani
864 630 984 689 iam
1013 636 1333 689 moventes
1368 643 1512 688 sese
1540 626 1920 703 quieverunt.
1960 627 2044 687 ita
2070 628 2149 688 ab
2178 628 2332 689 duo-

371 712 489 775 bus
539 714 899 775 consulibus
954 711 1285 774 Casilinum
1342 710 1688 789 oppugnari
1738 712 1962 787 coepit.
2033 709 2141 772 ubi
2192 728 2331 773 cum

370 798 559 857 multa
590 798 998 858 succedentes
1027 803 1254 857 temere
1282 796 1604 857 moenibus
1632 795 1891 856 Romani
1920 794 2140 857 milites
2170 795 2329 855 acci-

372 887 595 956 perent
615 882 904 956 vulnera,
935 895 1142 957 neque
1169 880 1322 941 satis
1353 880 1665 955 inceptum
1692 878 2073 949 succederet,
2102 878 2331 940 Fabius

373 964 768 1025 omittendam
793 980 926 1025 rem
954 980 1208 1041 parvam
1229 979 1307 1025 ac
1332 963 1501 1025 iuxta
1519 963 1757 1039 magnis
1781 962 2092 1024 difficilem
2112 962 2330 1025 absce-

372 1047 766 1124 dendumque
805 1048 952 1109 inde
993 1048 1318 1122 censebat,
1372 1063 1512 1109 cum
1551 1062 1655 1108 res
1692 1047 1959 1110 maiores
2006 1047 2331 1108 instarentz

369 1130 700 1193 Marcellus
741 1133 941 1194 multa·
965 1131 1205 1208 magnis
1247 1131 1511 1193 ducibus
1555 1131 1715 1191 sicut
1754 1148 1877 1193 non
1914 1130 2333 1206 adgredienda

371 1216 455 1275 ita
495 1218 688 1275 semel
730 1216 1050 1293 adgressis
1089 1231 1214 1277 non
1257 1214 1613 1277 dimittenda
1653 1230 1799 1275 esse
1840 1214 2135 1289 dicendo,
2186 1214 2333 1290 quia

370 1314 594 1374 magna
623 1300 822 1360 famae
842 1308 1150 1361 momenta
1171 1300 1235 1359 in
1255 1307 1580 1375 utramque
1601 1306 1837 1375 partem
1857 1298 2090 1373 flerent,
2118 1297 2331 1374 tenuit,

371 1398 450 1442 ne
478 1383 648 1443 irrito
675 1384 922 1459 incepto
949 1382 1236 1443 abiretur.
1277 1382 1499 1443 vineae
1526 1383 1669 1444 inde
1692 1383 2020 1459 omniaque
2040 1381 2163 1443 alia
2181 1397 2330 1457 ope·

369 1482 504 1526 rum
533 1467 1174 1542 machinationumque
1203 1482 1435 1541 genera
1462 1482 1603 1527 cum
1630 1466 2121 1541 admoverentur,
2158 1466 2329 1527 Cam-

372 1549 647 1626 panique
684 1550 938 1611 Fabium
979 1559 1256 1625 orarent,
1299 1557 1367 1612 ut
1406 1550 1577 1611 abire
1620 1550 1893 1626 Capuam
1933 1557 2061 1611 tuto
2102 1549 2329 1625 liceret,

373 1634 589 1708 paucis
630 1634 902 1709 egressis
930 1633 1261 1695 Marcellus
1302 1642 1543 1709 portam
1573 1650 1697 1709 qua
1729 1633 2198 1710 egrediebantur
2226 1649 2330 1695 oc-

372 1717 638 1793 cupavit,
682 1718 1034 1795 caedesque
1061 1718 1415 1793 promiscue
1443 1719 1713 1779 omnium
1742 1718 1907 1778 circa
1937 1726 2181 1793 portam
2202 1718 2327 1794 pri-

370 1818 489 1874 mo,
520 1801 744 1862 deinde
775 1801 1113 1878 irruptione
1141 1803 1303 1862 facta
1331 1803 1512 1863 etiam
1538 1802 1599 1861 in
1628 1802 1783 1863 urbe
1811 1802 1944 1861 fieri
1971 1809 2193 1878 coepta
2213 1810 2328 1863 est.

372 1885 815 1961 quinquaginta
855 1888 984 1947 sere
1023 1886 1220 1962 primo
1265 1886 1504 1960 egressi
1540 1886 1983 1961 Campanorum
2000 1931 2019 1960 ,
2070 1900 2206 1946 cum
2250 1886 2327 1945 ad

367 1968 623 2029 Fabium
647 1971 1088 2044 confugissent,
1114 1968 1425 2045 praesidio
1448 1970 1583 2030 eius
1608 1970 1877 2045 Capuam
1899 1977 2327 2045 pervenerunt.

371 2052 701 2113 Casilinum
763 2054 922 2113 inter
977 2053 1289 2129 colloquia
1357 2054 1929 2129 cunctationemque
1995 2053 2331 2128 petentium

367 2136 555 2196 fldem
596 2151 710 2212 per
736 2138 1130 2198 occasionem
1162 2145 1409 2212 captum
1439 2147 1565 2199 est=
1609 2136 1959 2213 captivique
1990 2137 2331 2212 Campano-

365 2236 504 2280 rum
535 2220 766 2296 quique
791 2220 1150 2282 Hannibalis
1177 2220 1433 2282 militum
1460 2229 1634 2281 erant
1660 2222 1914 2282 Romam
1944 2220 2331 2298 missi-atque

369 2302 454 2363 ibi
493 2303 556 2363 in
587 2320 838 2365 carcere
879 2305 1102 2366 inclusi
1144 2311 1321 2373 sunt3
1366 2306 1819 2381 oppidanorum
1844 2305 2027 2365 turba
2056 2320 2167 2381 per
2194 2305 2328 2365 fini-

370 2386 552 2449 timos
583 2391 853 2464 populos
889 2390 949 2449 in
981 2388 1325 2450 custodiam
1354 2388 1573 2449 divisa.

532 2472 660 2533 XX.
705 2472 939 2547 Quibus
981 2472 1201 2533 diebus
1231 2488 1271 2531 a
1300 2472 1565 2533 Casilino
1605 2488 1677 2533 re
1714 2471 1876 2534 bene
1914 2478 2091 2547 gesta
2117 2485 2326 2532 reces-

369 2571 505 2617 sum
548 2563 673 2630 est,
717 2556 809 2617 eis
842 2556 1154 2617 Gracchus
1195 2556 1258 2616 in
1287 2556 1552 2617 Lucanis
1582 2555 1818 2632 aliquot
1844 2554 2131 2623 cohortes
2160 2553 2223 2614 in
2252 2570 2330 2615 ea

367 2638 619 2713 regione
641 2640 1024 2715 conscriptas
1051 2656 1188 2701 cum
1213 2640 1524 2715 praefecto
1546 2641 1782 2702 socium
1804 2639 1867 2701 in
1891 2655 2039 2716 agro
2061 2638 2328 2700 hostium

369 2722 731 2797 praedatum
760 2722 940 2783 misit.
985 2740 1098 2785 eos
1127 2723 1328 2785 effuse
1358 2723 1601 2798 palatos
1630 2724 1852 2786 Hanno
1882 2724 2133 2785 adortus
2163 2723 2328 2784 haud

363 2800 554 2868 'multo
585 2806 902 2881 minorem,
933 2824 1116 2883 quam
1141 2808 1220 2867 ad
1243 2808 1663 2868 Beneventum
1691 2814 2035 2885 acceperat,
2064 2806 2330 2869 reddidit

364 2887 531 2949 hosti
561 2887 834 2960 cladem3
881 2897 1066 2966 atque
1092 2891 1156 2951 in
1183 2890 1455 2952 Bruttios
1483 2890 1735 2967 raptim,
1766 2908 1845 2953 ne
1876 2892 2190 2954 Gracchus
2219 2890 2325 2950 ad-

370 2981 765 3049 sequeretur,
819 2975 1146 3036 concessit.
1215 2977 1505 3036 consules
1546 2970 1875 3039 Marcellus
1917 2984 2111 3050 retro,
2162 2974 2329 3035 unde

360 3065 636 3131 venerat,
665 3058 880 3119 Nolam
913 3060 1098 3130 redit;
1141 3059 1368 3121 Fabius
1398 3058 1459 3119 in
1485 3057 1791 3122 Samnites
1820 3063 1900 3122 ad
1932 3058 2325 3137 populandos

362 3154 550 3215 agros
591 3142 1111 3220 recipiendasque
1151 3144 1339 3205 armis
1384 3158 1547 3219 quae
1586 3144 1941 3206 defecerant
1966 3144 2155 3205 urbes
2182 3156 2327 3219 pro-

361 3225 569 3287 cessit.
613 3226 923 3289 Caudinus
955 3226 1198 3289 Samnis
1224 3226 1477 3302 gravius
1508 3228 1898 3288 devastatus:
1941 3226 2177 3303 perusti
2206 3228 2331 3287 late

361 3308 522 3383 agri,
577 3311 849 3385 praedae
898 3313 1206 3386 pecudum
1252 3310 1695 3387 hominumque
1736 3318 1941 3385 actae,
1993 3309 2230 3387 oppida
2265 3309 2329 3369 vi

361 3396 560 3469 capta,
592 3393 1006 3469 Compulteria
1031 3394 1274 3454 Telesia
1306 3394 1589 3471 Compsa,
1619 3394 1765 3455 inde
1784 3393 2105 3471 Fugifulae
2132 3401 2196 3456 et
2216 3391 2324 3454 Or-

359 3474 666 3537 bitanium.
730 3490 807 3535 ex
848 3476 1111 3537 Lucanis
1153 3478 1454 3552 Blandae,
1496 3480 1841 3553 Apulorum
1880 3481 2089 3540 Aecae
2128 3493 2299 3555 oppu
