2550 3959
292 220 416 283 168
650 219 881 281 LIBER
906 221 1149 281 xxvii.
1196 220 1361 281 CAP.
1392 228 1445 283 7.
1487 228 1563 295 [a.
1595 227 1664 281 υ.
1695 244 1743 280 0.
1773 228 1901 295 ⁵43]

284 376 521 437 cesimo
553 390 739 451 quam
780 390 818 435 a
841 374 1189 435 'Tarracone
1216 375 1534 451 profectus
1575 381 1734 450 erat,
1773 374 2029 435 Romam
2057 378 2280 451 venite
2393 390 2400 395 ·

287 462 469 535 isque
500 476 638 521 cum
680 458 922 535 agmine
952 458 1334 535 captivorum
1377 458 1696 534 ingressus
1721 458 1944 531 urbem
1971 474 2278 535 magnum

286 560 657 605 concursum
684 542 999 604 hominum
1032 542 1192 603 fecit.
1258 549 1512 618 postero
1544 542 1646 604 die
1675 542 1740 603 in
1766 549 2044 607 senatum
2072 543 2270 605 intro-

286 630 511 691 ductus
556 634 799 703 captam
842 626 1294 701 Carthaginem,
1339 632 1522 703 caput
1561 626 1929 703 Hispaniae,
1972 642 2094 689 uno
2137 628 2272 705 die,

288 712 699 790 receptasque
726 712 963 787 aliquot
988 710 1194 786 urbeS,
1227 726 1388 785 quae
1419 710 1819 787 defecissent,
1843 727 2166 787 novasque
2198 714 2266 783 in

290 798 649 857 societatem
690 794 959 855 adscitas
1000 796 1312 871 exposuit.
1381 810 1460 855 ex
1501 795 1764 871 captivis
1808 802 2122 871 comperta
2159 796 2274 859 his

292 883 419 942 iere
451 880 848 955 congruentia
861 908 901 955 ,κ
914 882 1083 955 'quae
1126 879 1188 939 in
1216 880 1429 939 litteris
1459 879 1698 939 fuerant
1722 880 1804 939 M.
1834 880 2064 947 Valerii
2093 880 2266 943 Mes-

286 962 501 1026 sallae.
533 962 812 1025 'maxime
842 964 1035 1025 movit
1062 970 1269 1039 patres
1291 963 1700 1031 Hasdrubalis
1728 960 2020 1027 transitus
2051 964 2112 1025 in
2139 964 2264 1027 Ita-

290 1052 429 1109 liam
470 1050 579 1109 vix
606 1048 931 1109 Hannibali
972 1055 1159 1123 atque
1200 1048 1336 1109 eius
1382 1049 1567 1109 armis
1597 1048 2052 1112 subsistentem.
2113 1064 2262 1125 pro-

287 1136 508 1195 ductus
541 1132 690 1193 etin
722 1133 1071 1193 contionem
1090 1132 1336 1194 Laelius
1367 1132 1584 1193 eadem
1614 1132 1962 1193 edisseruit.
2007 1140 2264 1202 senatus

286 1216 366 1277 ob
407 1234 509 1278 res
563 1216 817 1277 feliciter
844 1234 881 1277 a
922 1216 987 1275 P
1033 1216 1326 1294 Scipione
1369 1224 1580 1293 gestas
1632 1194 2140 1294 supplicationem
2193 1217 2264 1279 in

288 1319 473 1364 unum
515 1300 678 1362 diem
721 1302 1021 1373 decrevit;
1069 1301 1132 1362 C.
1160 1302 1434 1363 Laelium
1463 1302 1660 1379 primo
1693 1317 1946 1377 quoque
1979 1309 2271 1377 tempore

288 1402 425 1446 cum
469 1387 693 1461 quibus
735 1394 991 1446 venerat
1030 1385 1292 1447 navibus
1335 1386 1585 1447 redire
1567 1399 1630 1447 ιιι
1657 1384 2016 1461 Hispaniam
2055 1386 2264 1450 iussit.

290 1466 668 1545 Carthaginis
690 1470 1227 1545 'expugnationem
1255 1470 1318 1531 in
1345 1470 1511 1533 hune
1541 1487 1766 1533 annum
1795 1469 2020 1534 contuli
2049 1470 2262 1533 multis

288 1554 673 1629 auctoribuS,
718 1552 888 1615 haud
918 1555 1167 1615 nescius
1199 1555 1504 1631 quosdam
1531 1570 1706 1630 esse,
1755 1555 1860 1630 qui
1888 1570 2048 1617 anno
2089 1556 2260 1616 inse·

288 1638 498 1714 quenti
540 1634 781 1715 captam
823 1638 1213 1713 tradiderint,
1242 1640 1430 1715 :quod
1471 1640 1619 1701 mihi
1655 1640 1855 1702 minus
1885 1639 2082 1713 simile
2122 1639 2264 1699 veri

285 1722 486 1784 visum
516 1732 613 1785 est
640 1737 864 1791 annum
894 1723 1194 1800 integrum
1216 1722 1568 1801 Scipionem
1595 1724 1740 1785 nihil
1765 1724 2040 1800 gerundo
2065 1724 2125 1783 in
2147 1723 2262 1795 Hi,-
2346 1784 2354 1789 .

285 1810 505 1884 spania
533 1808 1022 1883 consumpsisse.

208 1972 211 1975 η
454 1890 523 1965 Q.
554 1891 743 1956 Fabio
771 1890 1041 1953 Maximo
1076 1892 1348 1967 quintum
1377 1893 1446 1968 Q.
1465 1893 1689 1955 Fulvio
1718 1892 1938 1953 Flacco
1973 1899 2260 1983 quartum

286 1972 646 2037 consulibus
688 1975 891 2037 idibus
919 1976 1183 2051 Martiis,
1232 1994 1354 2053 quo
1383 1979 1486 2040 die
1513 1976 1945 2053 magistratum
1971 1970 2260 2063 inierunt,

284 2059 455 2120 ltalia
484 2058 784 2121 ambobus
805 2060 1127 2135 provincia
1148 2062 1420 2136 decreta,
1450 2062 1806 2137 regionibus
1834 2069 2036 2123 tamen
2067 2061 2259 2137 parti-

287 2150 408 2203 tum
452 2144 800 2219 imperium·
844 2143 1071 2206 Fabius
1100 2146 1183 2207 ad
1208 2108 1564 2222 Tarentum,
1605 2144 1856 2209 Fulvius
1897 2148 1960 2208 in
1987 2135 2262 2212 Lucanis

284 2242 358 2287 ac
385 2226 633 2289 Bruttiis
662 2244 791 2289 rem
819 2228 1076 2305 gereret.
1116 2230 1199 2291 M.
1231 2230 1483 2293 Claudio
1513 2224 1908 2307 prorogatum
1933 2231 1998 2291 in
2027 2247 2266 2292 annum

284 2312 621 2387 imperium.
684 2321 1001 2389 praetores
1043 2315 1238 2376 sortiti
1282 2316 1664 2391 provincias,
1707 2314 1769 2377 C.
1797 2312 2096 2378 Hostilius
2136 2314 2264 2373 Tu·

284 2395 464 2456 bulus
494 2396 808 2473 urban-am,
848 2398 916 2457 L.
943 2399 1235 2461 Veturius
1255 2398 1427 2461 Philo
1459 2400 1845 2478 peregrinam
1875 2416 2014 2464 cum
2039 2398 2260 2474 Gallia,

281 2481 345 2540 T.
380 2479 691 2555 Quinctius
734 2481 1049 2559 Crispinus
1094 2483 1396 2561 Capuam,
1443 2484 1504 2545 C.
1543 2485 1999 2547 Aurunculeius
2041 2482 2259 2544 Sardi-

282 2564 463 2625 niam.
518 2564 822 2628 exercitus
852 2568 936 2627 ita
962 2584 1081 2645 per
1104 2568 1457 2645 provincias
1489 2568 1702 2630 divisi:
1731 2568 1946 2629 Fulvio
1976 2568 2135 2633 duae
2165 2567 2258 2626 le·

282 2647 516 2724 gioneS,
550 2666 705 2725 quas
728 2650 789 2709 in
806 2648 1104 2713 SiciliaM.
1119 2652 1730 2714 ValeriusLaevinus
1752 2652 2024 2727 haberet,
2055 2650 2122 2726 Q.
2135 2649 2264 2711 Fa·

284 2731 403 2806 bio,
444 2734 714 2808 quibus
698 2750 757 2794 ιιι
780 2734 1023 2795 Etruria
1052 2734 1114 2795 C
1134 2735 1497 2811 Calpurnius
1525 2737 1912 2813 praefuisset,
1945 2737 2256 2800 decretae.

280 2814 551 2877 urbanus
580 2817 887 2879 exercitus
918 2818 978 2877 in
1008 2818 1310 2880 Etruriam
1338 2821 1729 2893 succederet,
1791 2820 1853 2881 C.
1880 2814 2258 2897 Calpurnius

285 2898 485 2963 eidem
513 2907 837 2990 praeesset
876 2902 1235 2977 provinciae
1276 2904 1727 2980 exercituique;
1776 2904 2044 2980 Capuam
2075 2917 2246 2963 exer·

280 2984 605 3059 citumque,
650 2984 832 3059 quem
856 2985 925 3061 Q.
936 2985 1190 3048 Fulvius
1218 2987 1556 3061 habuisset,
1587 2990 1652 3049 T.
1670 2987 1984 3062 Quinctius
2017 2986 2258 3048 obtine-

281 3073 391 3126 ret.
454 3065 521 3127 L.
551 3066 845 3131 Veturius
889 3070 965 3131 ab
1002 3070 1067 3131 C.
1096 3072 1396 3133 Laetorio
1425 3079 1827 3149 propraetore
1870 3069 2258 3147 provinciam

280 3151 738 3228 exercitumque
771 3184 844 3197 —
878 3154 1134 3215 Arimini
1166 3162 1298 3217 erat
1330 3190 1406 3201 ———
1437 3155 1764 3231 acciperet.
1825 3154 1906 3215 Μ.
1935 3154 2258 3229 Marcello,

282 3234 501 3309 quibus
526 3237 743 3299 consul
768 3252 897 3297 rem
920 3247 1220 3315 gesserat,
1250 3240 1528 3337 legiones
1553 3238 1857 3301 decretae.
1901 3238 1984 3299 Μ.
1997 3237 2256 3301 Valerio

278 3333 413 3379 cum
442 3320 510 3379 L.
543 3320 749 3384 Cincio
788 3354 877 3367 —-
917 3322 993 3385 iis
1026 3338 1279 3399 quoque
1322 3324 1486 3385 onim
1526 3330 1922 3399 prorogatum
1952 3323 2012 3383 in
2043 3322 2258 3383 Sicilia

278 3402 597 3479 imperium
618 3436 705 3449 ·-—
727 3406 1067 3467 Cannensis
1098 3408 1407 3469 exereitus
1433 3407 1634 3481 datus,
1665 3422 1932 3503 eumque
1959 3398 2257 3483 supplere

275 3500 356 3546 ex
402 3487 721 3564 militibuS,
779 3489 882 3563 qui
925 3505 1001 3549 ex
1044 3490 1392 3566 legionibus
1437 3488 1542 3552 Cn.
1583 3490 1752 3551 Fun
1721 3508 1779 3551 ιι
1829 3496 2255 3567 superessent,
