2550 3959
578 250 807 311 LIBER
835 250 1021 310 XXV.
1067 251 1229 310 CAP.
1264 260 1348 314 19.
1376 262 1464 314 20.
1511 260 1584 328 [a.
1615 260 1680 312 c,
1708 260 1836 327 212]
2103 252 2184 319 '0'5

203 412 414 468 castra
441 419 645 481 prope
676 418 875 478 aequo
909 402 1103 463 Marte
1135 403 1574 465 discesserunt.
1633 405 1844 481 plures
1873 412 2078 468 tamen
2103 408 2180 470 ab

202 488 505 551 Romanis
538 488 732 563 primo
764 488 1015 547 incursu
1043 488 1316 564 equitum
1347 489 1715 549 ceciderunt.
1779 490 1927 549 Inde
1957 506 2184 554 consu-

204 576 325 645 les,
369 580 439 634 ut
482 577 827 631 averterent
856 570 1063 646 Capua
1091 571 1523 647 Hannibalem,
1569 580 1748 633 nocte
1779 589 1938 649 quae
1967 582 2181 637 secuta

200 665 299 719 est
328 654 583 731 diversi,
626 655 875 716 Fulvius
907 655 967 715 in
998 670 1211 731 agrum
1242 655 1604 730 Cumanum,
1654 656 1941 718 Claudius
1971 658 2031 717 in
2061 659 2180 720 Lu-

200 757 400 801 canos
444 739 589 799 abit.
656 745 905 815 postero
952 739 1081 814 die,
1128 754 1265 798 cum
1295 754 1493 801 vacua
1534 748 1736 803 castra
1764 742 2176 803 Romanorum

200 842 347 887 esse
376 823 716 884 nuntiatum
744 822 1068 883 Hannibali
1099 830 1299 895 esset,
1347 829 1406 883 et
1436 823 1680 885 duobus
1711 825 2056 901 agminibus
2087 828 2178 887 di-

204 925 425 970 versos
452 906 698 981 abiisse,
729 907 995 967 incertus
1020 906 1233 983 prime,
1267 913 1468 967 utrum
1492 916 1870 985 sequeretur,
1901 911 2177 987 Appium

198 993 418 1054 institit
460 990 658 1066 sequi.
735 991 865 1063 ille,
925 990 1343 1051 circumducto
1386 991 1565 1052 hoste
1607 1010 1732 1068 qua
1772 993 1989 1069 voluit,
2051 995 2174 1057 alio

198 1080 417 1139 itinere
456 1078 532 1137 ad
560 1077 830 1151 Capuam
859 1076 1035 1137 redit.

365 1160 695 1221 Hannibali
734 1162 854 1221 alia
882 1160 944 1219 in
971 1159 1068 1219 his
1098 1160 1254 1222 locis
1284 1160 1442 1220 bene
1471 1162 1782 1236 gerendae
1807 1162 1896 1221 rei
1928 1164 2174 1227 fortuna

195 1246 411 1307 oblata
440 1253 553 1305 est.
616 1244 695 1303 M.
730 1244 1055 1305 Centenius
1087 1244 1199 1305 fuit
1226 1246 1591 1319 cognomine
1620 1245 1866 1318 Penula‚
1911 1246 2170 1323 insignis

194 1331 354 1390 inter
394 1328 572 1404 primi
614 1328 722 1403 pili
772 1328 1159 1389 centuriones
1202 1334 1261 1388 et
1305 1328 1721 1404 magnitudine
1778 1330 2060 1404 eorporis
2111 1336 2172 1390 et

192 1412 423 1473 anime.
468 1412 521 1471 is
546 1413 901 1489 perfunctus
932 1412 1141 1472 militia
1168 1412 1354 1488 perP.
1373 1412 1716 1473 Cornelium
1731 1411 1964 1473 Sullam
1991 1429 2167 1489 prae-

195 1505 397 1558 torem
436 1495 499 1555 in
544 1502 820 1557 senatum
872 1497 1255 1557 introductus
1299 1496 1448 1572 petit
1489 1513 1526 1556 a
1561 1496 1868 1572 patribuS,
1927 1498 2013 1557 uti
2049 1498 2166 1558 sibi

192 1582 470 1658 quinque
513 1580 678 1640 milia
716 1580 970 1641 militum
1012 1581 1330 1641 darentur-z
1377 1596 1447 1640 se
1491 1582 1748 1656 peritum
1792 1585 1853 1640 et
1880 1581 2076 1643 hostis
2107 1589 2168 1643 et

195 1664 517 1741 regionum
544 1664 717 1724 brevi
759 1678 989 1739 operae
1020 1664 1275 1740 pretium
1311 1666 1632 1738 facturum,
1678 1670 1740 1724 et
1770 1664 1993 1738 quibus
2025 1667 2165 1727 arti·

194 1750 313 1811 bus
358 1750 443 1809 ad
484 1748 547 1808 id
576 1748 851 1809 locorum
880 1748 1072 1808 nostri
1102 1755 1161 1808 et
1190 1749 1381 1809 duces
1414 1754 1475 1808 et
1515 1748 1820 1809 exercitus
1863 1749 2027 1823 capti
2071 1750 2164 1808 fo-

194 1840 343 1906 rent,
378 1834 453 1893 iis
485 1833 783 1893 adversus
815 1834 1193 1893 inventorem
1224 1848 1497 1895 usurum.
1551 1834 1615 1893 id
1645 1848 1767 1892 non
1791 1833 2163 1908 promissum

193 1918 391 1993 magis
434 1917 657 1977 stolide
700 1934 880 1991 quam
922 1917 1146 1976 stolide
1187 1917 1513 1989 creditum,
1556 1923 1863 1991 tamquam
1905 1918 2160 1992 eaedem

191 2002 485 2061 militares
518 2006 577 2061 et
606 2000 1033 2076 imperatoriae
1068 2007 1231 2061 artes
1262 2006 1491 2061 essent.
1560 2002 1704 2060 data
1731 2017 1844 2075 pro
1890 2000 2161 2076 quinque

193 2094 333 2145 octo
366 2086 533 2145 milia
561 2086 827 2158 militum,
858 2101 1007 2160 pars
1040 2084 1290 2144 dimidia
1317 2084 1506 2159 cives,
1543 2100 1688 2160 pars
1717 2086 1890 2145 socii.
1935 2090 1996 2145 et
2024 2085 2160 2160 ipse

193 2169 577 2245 aliquantum
617 2169 1099 2229 voluntariorum
1138 2170 1351 2229 itinere
1396 2168 1458 2227 in
1509 2168 1674 2243 agris
1727 2168 2018 2242 concivit,
2085 2185 2159 2229 ac

194 2270 395 2330 prope
426 2252 737 2328 duplicato
766 2254 1038 2313 exercitu
1070 2252 1128 2311 in
1157 2253 1441 2312 Lucanos
1473 2252 1768 2327 pervenit,
1801 2252 1902 2311 ubi
1930 2252 2157 2311 Hanni-

194 2337 294 2397 bal
323 2338 696 2411 nequiquam
727 2345 973 2397 secutus
1006 2337 1320 2397 Claudium
1351 2335 1720 2399 substiterat.
1773 2336 1940 2396 haud
1971 2335 2160 2395 dubia

194 2437 294 2481 res
326 2428 448 2495 est,
498 2420 731 2496 quippe
772 2421 926 2480 inter
954 2420 1356 2480 Hannibalem
1386 2420 1602 2481 ducem
1635 2426 1694 2479 et
1723 2420 2154 2493 centurionem,

193 2504 626 2579 exercitusque
667 2506 920 2565 alterum
964 2505 1265 2565 vincendo
1313 2510 1691 2575 veteranum,
1749 2503 2003 2563 alterum
2045 2518 2154 2563 no-

191 2606 337 2649 vum
357 2594 567 2663 totum,
600 2604 821 2663 magna
844 2604 921 2649 ex
948 2598 1118 2664 parte
1148 2588 1325 2649 etiam
1353 2586 1800 2647 tumultuarium
1831 2602 1904 2646 ac
1929 2600 2157 2645 semer-

190 2687 372 2733 mem.
438 2678 503 2732 ut
543 2678 881 2747 conspecta
908 2672 1063 2732 inter
1090 2688 1159 2731 sc
1188 2670 1432 2746 agmina
1461 2676 1628 2743 sunt,
1677 2676 1738 2730 et
1764 2676 1980 2731 neutra
2009 2685 2154 2745 pars

193 2756 553 2817 detractavit
583 2771 867 2831 pugnam,
900 2757 1204 2831 extemplo
1236 2755 1563 2815 instructae
1593 2755 1777 2815 acies.
1820 2760 2154 2829 pugnatum

192 2849 415 2914 tamen,
456 2846 522 2901 ut
548 2840 609 2899 in
640 2840 805 2901 nulla
834 2837 963 2914 pari
997 2855 1081 2911 re,
1122 2840 1277 2899 duas
1309 2839 1568 2914 amplius
1601 2839 1805 2913 horas,
1853 2838 2154 2897 concitata

193 2929 283 2999 et,
327 2924 527 2983 donec
558 2924 682 2985 dux
712 2922 903 2997 stetit,
948 2922 1173 2982 invicta
1198 2924 1476 2983 Romana
1506 2923 1656 2982 acie.
1729 2928 2056 2998 postquam
2099 2922 2153 2981 is

197 3023 319 3067 non
354 3024 465 3083 pro
498 3013 705 3067 vetere
737 3008 897 3067 fama
925 3007 1154 3080 solum,
1197 3006 1311 3065 sed
1353 3006 1532 3067 etiam
1561 3012 1726 3065 metu
1755 3005 1937 3066 futuri
1967 3005 2154 3065 dede-

194 3092 388 3164 coriS,
436 3092 491 3153 si
520 3107 637 3152 sua
666 3091 999 3151 temeritate
1032 3096 1380 3149 contractae
1411 3090 1568 3149 cladi
1613 3094 2001 3165 superesset,
2047 3089 2154 3148 ob-

188 3176 426 3235 iectans
458 3190 529 3237 se
548 3176 816 3236 hostium
838 3174 973 3235 telis
999 3173 1231 3245 cecidit,
1267 3174 1406 3233 fusa
1434 3175 1739 3249 extemplo
1765 3180 1860 3233 est
1880 3173 2155 3231 Romana

192 3260 382 3321 acies.
462 3260 577 3320 sed
620 3260 777 3320 adeo
822 3274 899 3319 ne
940 3259 1121 3333 fugae
1164 3257 1411 3333 quidem
1452 3256 1567 3317 iter
1602 3256 1824 3331 patuit,
1871 3253 2153 3315 omnibus

192 3342 311 3405 viis
355 3342 433 3403 ab
477 3344 683 3419 equite
724 3342 1012 3416 insessis,
1058 3348 1122 3401 ut
1150 3356 1229 3401 ex
1256 3347 1422 3401 tanta
1451 3340 1830 3401 multitudine
1856 3338 1964 3399 vix
1993 3338 2153 3397 mille

190 3426 519 3503 evaserint,
564 3427 748 3487 ceteri
778 3425 1009 3502 passim
1041 3424 1142 3484 alii
1172 3424 1293 3484 alia
1324 3430 1500 3501 peste
1528 3423 1833 3500 absumpti
1863 3423 2000 3483 sint.

361 3509 489 3572 XX.
547 3510 757 3587 Capua
785 3527 822 3571 a
852 3508 1207 3572 consulibus
1250 3510 1465 3568 iterum
1509 3523 1746 3567 summa
1785 3506 1846 3567 vi
1884 3500 2152 3568 obsideri
