2550 3959
592 238 823 298 ΗΒΕΑ
849 237 1064 299 XXVI.
1108 237 1276 297 CAP.
1304 246 1358 300 3.
1388 250 1440 301 4.
1487 246 1562 313 [a.
1586 250 1650 298 c.
1674 246 1801 314 211]
2059 240 2184 307 105

216 388 502 455 cladibus
530 388 733 448 futura
760 392 957 462 esset,
1000 385 1325 463 potuisse?
1378 404 1500 451 non
1529 404 1600 449 se
1641 389 1852 467 inopia
1879 407 2182 455 commea-

218 483 337 551 tus,
366 488 493 535 non
524 471 586 531 in
612 472 755 533 loca
778 470 991 546 iniqua
1019 470 1261 533 incaute
1291 470 1638 546 deductum,
1668 488 1792 534 non
1823 477 2062 551 agmine
2091 477 2180 537 in·

218 559 545 635 explorato
566 561 811 617 euntem
832 554 1071 615 insidiis
1092 555 1566 619 circumventum
1581 579 1598 613 a
1630 557 1690 617 vi
1713 566 1942 634 aperta,
1975 562 2182 638 armis,

222 643 359 705 acie
384 640 634 703 victum.
672 654 788 699 nec
814 654 1065 699 suorum
1093 639 1331 700 animos
1360 656 1477 703 nec
1496 639 1764 703 hostium
1791 642 1851 701 in
1875 649 2184 719 potestate

219 725 551 789 habuisse:
596 739 777 785 suum
804 722 1028 799 cuique
1068 722 1374 799 ingenium
1404 724 1726 787 audaciam
1753 733 1856 787 aut
1884 742 2184 803 pavorem

224 812 449 873 tacere.
514 808 613 869 bis
642 813 737 867 est
778 814 1104 868 aecusatus
1133 807 1518 884 pecuniaque
1557 810 1958 886 anquisitum
1999 811 2182 873 tertio

222 893 483 957 oestibus
510 892 699 967 datiS,
738 906 874 953 eum
890 935 906 965 ‚
951 897 1380 967 praeterquam
1410 894 1578 969 quod
1619 894 1904 957 omnibus
1936 896 2180 972 probris

225 977 611 1050 onerabatur,
642 975 819 1036 iurati
846 975 1129 1051 permulti
1158 976 1432 1037 dicerent
1457 977 1638 1053 fugae
1665 978 2042 1056 pavorisque
2069 979 2178 1040 ini-

222 1063 372 1126 tium
400 1077 441 1121 a
465 1066 749 1136 praetore
778 1065 993 1132 ortum,
1038 1060 1118 1119 ab
1145 1074 1221 1120 eo
1253 1060 1535 1121 desertos
1563 1061 1802 1139 milites,
1849 1078 1985 1125 cum
2013 1061 2182 1125 baud

225 1162 451 1208 vanum
476 1144 751 1205 timorem
780 1142 955 1205 ducis
986 1142 1322 1219 crederent,
1365 1150 1538 1219 terga
1563 1145 1850 1218 dedisse;
1893 1154 2062 1209 tanta
2085 1148 2178 1208 ira

224 1244 495 1293 aceensa
532 1235 655 1301 est,
700 1232 765 1288 ut
805 1228 1005 1303 capite
1044 1227 1491 1303 anquirendum
1521 1229 1721 1290 contio
1759 1232 2184 1292 succlamaret,

224 1314 305 1377 de
338 1328 417 1375 eo
445 1326 697 1389 quoque
725 1326 952 1372 novum
990 1317 1296 1372 certamen
1340 1319 1566 1375 ortum=
1605 1329 1758 1374 nam.
1783 1329 1921 1375 cum
1946 1313 2044 1374 bis
2071 1329 2186 1390 pe—

224 1398 409 1461 cunia
434 1395 825 1471 anquisisset,
869 1395 1044 1457 tertio
1076 1396 1292 1473 capitis
1323 1411 1394 1457 se
1421 1396 1744 1474 anquirere
1773 1398 2032 1473 diceret,
2075 1398 2188 1459 tri—

226 1480 374 1543 buni
418 1479 616 1556 plebis
658 1480 947 1556 appellati
988 1480 1263 1555 collegae
1292 1488 1590 1556 negarunt
1615 1497 1688 1543 se
1725 1482 1788 1543 in
1817 1496 1992 1543 mora
2018 1496 2185 1556 esse,

226 1580 351 1642 quo
378 1564 597 1639 minus,
642 1563 811 1639 quod
839 1564 897 1624 ei
917 1578 1088 1625 more
1117 1565 1412 1627 maiorum
1442 1566 1808 1642 permissum
1837 1572 2020 1641 esset,
2067 1580 2184 1627 seu

223 1649 468 1725 legibus
496 1664 611 1711 seu
636 1647 908 1709 moribus
936 1648 1160 1722 mallet,
1190 1649 1560 1725 anquireret,
1593 1650 1799 1726 quoad
1829 1650 1930 1709 vel
1959 1649 2180 1726 eapitis

221 1734 327 1795 vei
366 1732 669 1809 pecuniae
718 1731 1053 1793 iudicasset
1088 1732 1350 1807 privato.
1428 1740 1554 1795 tum
1597 1732 1996 1807 Sempronius
2039 1748 2178 1807 per·

226 1816 556 1880 duellionis
596 1832 669 1877 se
708 1815 979 1877 iudicare
1009 1815 1112 1876 Cn.
1140 1815 1356 1877 Fulvio
1386 1816 1567 1893 dixit,
1607 1816 1893 1892 diemque
1921 1815 2190 1877 comitiis

222 1899 305 1963 ab
346 1900 410 1961 C.
442 1898 763 1976 calpurnio
806 1906 1090 1976 praetore
1129 1900 1298 1961 urbis
1340 1900 1506 1976 petit.
1578 1900 1724 1961 inde
1765 1900 1886 1963 alia
1913 1914 2062 1975 spes
2099 1897 2188 1959 ab

222 2000 335 2045 reo
376 1990 667 2061 temptata
704 1990 829 2057 est,
874 1984 929 2045 si
970 1984 1195 2045 adesse
1234 1984 1301 2045 in
1337 1983 1564 2048 iudicio
1607 1984 1676 2060 Ω.
1703 1982 1953 2045 Fulvius
1993 1984 2190 2043 frater

222 2076 460 2147 posset,
489 2066 721 2129 florens
745 2073 871 2129 tum
900 2076 960 2129 et
988 2069 1151 2129 sama
1174 2084 1381 2129 rerum
1407 2076 1717 2145 gestarum
1746 2074 1807 2130 et
1834 2067 2184 2145 propinqua

224 2168 344 2229 spe
372 2151 622 2229 Capuae
638 2152 1012 2229 potiundae.
1076 2152 1141 2212 id
1168 2168 1308 2213 cum
1335 2168 1450 2227 per
1487 2152 1717 2213 litteras
1757 2152 2180 2214 miserabiliter

224 2250 339 2315 pro
371 2236 572 2297 fratris
600 2237 802 2313 capite
830 2236 1091 2313 scriptas
1124 2236 1382 2311 petisset
1407 2235 1678 2311 Fulvius,
1723 2243 2187 2311 negassentque

221 2326 433 2399 patres
462 2336 499 2381 e
524 2336 595 2380 re
619 2319 866 2397 publiea
894 2336 1041 2381 esse
1065 2318 1320 2381 abscedi
1349 2336 1387 2379 a
1416 2319 1642 2396 Capua,
1687 2327 2014 2396 postquam
2043 2317 2188 2379 dies

225 2404 609 2465 comitiorum
626 2403 856 2477 aderat,
890 2403 1259 2464 Cn.Fulvius
1281 2401 1990 2479 exsulatum'l'arquinios
2015 2401 2178 2463 abiit.

223 2487 291 2551 id
322 2488 379 2548 ei
408 2488 633 2549 iustum
660 2487 941 2549 exsilium
970 2502 1115 2549 esse
1140 2486 1324 2547 scivit
1348 2486 1545 2563 plebs.

394 2572 499 2634 lv.
540 2574 703 2633 Inter
728 2572 883 2633 haec
910 2571 1005 2632 vis
1036 2570 1233 2633 omnis
1262 2570 1408 2630 belli
1439 2585 1620 2631 versa
1643 2570 1707 2631 in
1735 2569 2005 2646 Capuam
2035 2575 2188 2627 erat.
2255 2569 2264 2581 ’

226 2655 626 2717 obsidebatur
662 2664 867 2716 tamen
908 2656 1109 2717 acrius
1152 2672 1336 2731 quam
1387 2652 1884 2731 oppugnabatur3
1924 2667 2044 2713 nee
2079 2657 2188 2711 aut

225 2740 453 2801 tamem
472 2741 735 2801 tolerare
754 2738 1005 2801 servitia
1025 2756 1099 2801 ac
1122 2739 1300 2816 plebs
1323 2746 1622 2815 poterant,
1651 2744 1758 2799 aut
1775 2736 2010 2815 mittere
2029 2751 2186 2797 nun·

224 2821 349 2886 tios
376 2823 455 2883 ad
484 2823 885 2884 Hannibalem
911 2838 1025 2899 per
1052 2822 1370 2885 custodias
1397 2830 1519 2885 tam
1548 2829 1732 2883 artas.
1777 2820 2060 2881 inventus
2087 2826 2188 2879 est

224 2906 518 2983 Numida,
584 2908 689 2984 qui
730 2906 1003 2983 acceptis
1046 2906 1259 2969 litteris
1274 2953 1292 2981 ,
1356 2922 1682 2969 evasurum
1727 2921 1798 2966 se
1839 2903 2180 2980 professuS,

223 2996 571 3068 praestaret
609 2991 1003 3067 promissum.
1066 3006 1181 3067 per
1218 2990 1424 3051 media
1457 2990 1736 3051 Romana
1774 2995 1980 3049 eastra
2003 2993 2184 3048 noete

225 3090 523 3151 egressus
566 3092 743 3152 spem
783 3072 1065 3137 accendit
1103 3074 1459 3151 CampaniS,
1515 3074 1661 3133 dum
1695 3071 1929 3148 aliquid
1965 3069 2184 3131 virium

227 3166 616 3235 superesset,
660 3159 738 3219 ab
779 3158 947 3219 omni
975 3166 1149 3233 parte
1191 3157 1570 3233 eruptionem
1611 3153 1961 3231 temptandi.
2025 3160 2188 3213 cete-

228 3258 365 3303 rum
404 3244 467 3303 in
506 3240 709 3303 multis
752 3240 1185 3304 certaminibus
1225 3240 1536 3318 equestria
1561 3238 1800 3315 proelia
1825 3239 2013 3297 fenne
2042 3250 2184 3312 pro·

226 3342 419 3404 spera
456 3325 789 3400 faciebant,
833 3327 1077 3403 pedites
1118 3324 1582 3401 superabantur.
1645 3321 1762 3383 sed
1798 3334 2186 3395 nequaquam

225 3420 354 3473 tam
392 3412 615 3471 laetum
654 3410 903 3471 vincere
948 3426 1131 3487 quam
1168 3408 1342 3469 triste
1380 3406 1543 3469 vinci
1583 3406 1708 3466 ulla
1733 3410 1906 3481 parte
1947 3409 2080 3465 erat
2105 3401 2183 3462 ab

228 3494 497 3557 obsesso
525 3501 587 3555 et
614 3510 811 3571 prope
842 3499 1193 3571 expugnato
1224 3491 1424 3553 hoste.
1464 3489 1610 3551 inita
1627 3490 1874 3553 taudem
1894 3486 2050 3549 ratio
2073 3491 2192 3550 est.
