2550 3959
358 202 486 266 268
644 204 876 264 LIBER
903 204 1172 264 XXVIII.
1221 201 1386 264 CAP.
1417 211 1505 264 41.
1529 209 1617 262 42.
1655 207 1730 274 [a.
1755 205 1828 259 U.
1851 223 1899 260 c.
1923 203 2053 272 547]

361 356 463 416 nia
493 355 700 433 polius
732 370 916 432 quam
936 355 1112 415 Italia
1137 354 1302 413 bello
1334 351 1590 414 liberata
1615 348 1914 428 gloriatus
1937 351 2145 415 meris.
2177 369 2327 416 non-

362 442 505 509 dum
548 440 601 500 is
632 447 733 501 est
754 437 1088 512 Hannibal,
1134 451 1319 514 quem
1361 450 1486 496 non
1515 436 1712 511 magis
1745 435 2020 498 timuisse
2049 436 2332 500 videatur

362 538 545 601 quam
576 523 1027 598 contempsisse
1058 519 1163 598 qui
1194 519 1360 581 aliud
1386 520 1614 580 bellum
1641 519 1938 581 maluerit.
1977 519 2128 597 quin
2149 520 2332 598 igitur

362 607 441 668 ad
468 609 591 669 hoc
631 606 1004 682 accingeris,
1047 617 1164 665 nec
1205 613 1317 680 per
1347 603 1502 666 istos
1537 603 1916 682 circumitus,
1959 609 2057 679 ut,
2100 620 2240 668 cum
2266 607 2329 666 in

359 691 629 754 Africam
657 689 991 762 traieceris,
1022 693 1378 750 secuturum
1404 694 1466 748 te
1493 687 1638 749 illuc
1657 648 2060 748 Hannibalem
2087 703 2326 766 speres,

359 777 567 852 potius
611 789 797 849 quam
826 779 996 835 recto
1026 772 1170 832 hinc
1197 771 1442 844 itinere,
1473 771 1578 831 ubi
1605 771 1908 832 Hannibal
1937 778 2063 847 est,
2091 787 2172 834 eo
2199 773 2326 834 bel·

359 859 484 919 lum
511 856 819 918 intendis?
856 857 1165 932 egregiam
1194 855 1374 916 istam
1401 856 1668 931 palmam
1695 854 1840 916 belli
1868 854 2079 916 Punici.
2106 858 2324 932 patrati

360 943 549 1018 petisa
576 975 663 986 --
702 937 825 1002 hoc
875 947 937 1001 et
975 945 1193 1002 natura
1235 940 1407 1016 prius
1449 943 1575 1014 est,
1620 944 1726 998 tua
1768 953 1907 1000 cum
1953 939 2324 1016 defenderiS,

358 1025 558 1086 aliena
600 1026 689 1086 ire
729 1031 1182 1101 oppugnatum:
1242 1035 1367 1099 pax
1407 1029 1550 1084 ante
1588 1023 1650 1082 in
1677 1022 1852 1084 Italia
1890 1036 2074 1100 quam
2101 1024 2324 1085 bellum

359 1109 419 1168 in
448 1109 660 1170 Africa
700 1108 809 1183 sit,
865 1115 925 1170 et
964 1106 1146 1169 nobis
1198 1107 1372 1182 prius
1415 1105 1680 1168 decedat
1715 1105 1896 1168 timor
1937 1120 2122 1184 quam
2157 1109 2316 1170 ultro

358 1193 493 1254 aliis
535 1193 845 1254 inferatur.
887 1191 973 1252 'si
1002 1199 1332 1268 utrumque
1372 1197 1478 1252 tuo'
1521 1189 1710 1252 ductu
1751 1190 2161 1266 auspicioque
2190 1192 2319 1253 fieri

359 1283 593 1353 potest,
644 1275 987 1337 Hannibale
1028 1274 1127 1336 hic
1166 1275 1330 1337 victo
1375 1275 1496 1335 illic
1539 1273 1962 1350 Carthaginem
2003 1289 2295 1352 expugna

356 1361 411 1420 si
439 1363 809 1432 alterautra
845 1359 1107 1422 victoria
1147 1359 1329 1420 novis
1373 1357 1732 1420 consulibus
1772 1359 2181 1435 relinquenda
2209 1367 2321 1435 est,

357 1445 527 1521 prior
554 1459 692 1506 cum
718 1444 915 1505 maior
944 1443 1312 1519 clariorque,
1357 1447 1485 1503 tum
1515 1457 1706 1502 causa
1733 1443 1914 1504 etiam
1942 1443 2322 1517 insequentis

358 1528 556 1590 fuerit.
624 1543 765 1586 nam
797 1542 959 1589 nunc
993 1525 1271 1604 quidem,
1318 1533 1750 1602 praeterquam
1777 1526 1951 1603 quod
1977 1527 2125 1588 etin
2153 1527 2321 1594 itania

358 1619 420 1672 et
455 1611 518 1671 in
546 1611 760 1672 Africa
800 1611 961 1672 dnos
1002 1610 1288 1672 diversos
1331 1609 1640 1671 exercitus
1669 1610 1836 1670 alere
1863 1610 2170 1672 aerarium
2197 1628 2320 1674 non

358 1701 596 1772 potest3
637 1701 1070 1771 praeterquam
1100 1695 1291 1772 quod,
1331 1695 1500 1754 unde
1534 1695 1774 1755 classes
1807 1699 2114 1770 tueamur,
2155 1697 2324 1756 unde

359 1779 799 1840 commeatibus
852 1779 1235 1840 sufficiamus
1277 1777 1682 1854 praebendis,
1734 1777 1883 1838 nihil
1926 1777 2152 1856 reliqui
2194 1786 2322 1852 θεῖς

359 1863 549 1938 quid?
591 1862 847 1940 periculi
879 1863 1128 1924 tandem
1159 1867 1452 1939 quantum
1481 1861 1764 1937 adeatur,
1811 1877 1996 1938 quem
2025 1863 2218 1922 fallit?
2257 1863 2322 1924 P.

355 1947 625 2007 Licinius
655 1947 715 2006 in
747 1946 938 2022 Italia,
966 1945 1029 2005 P.
1064 1946 1273 2022 Scipio
1303 1944 1530 2007 bellurn
1557 1945 1620 2005 in
1647 1945 1861 2006 Africa
1886 1952 2086 2020 geret=
2133 1946 2326 2022 quid?

356 2031 410 2090 si
432 2063 517 2076 —·
539 2031 711 2106 quod
750 2045 965 2091 omnes
1008 2029 1106 2090 dei
1149 2045 1330 2091 omen
1373 2034 1652 2090 avertant
1680 2035 1742 2090 et
1774 2028 1982 2090 dicere
2011 2029 2194 2091 etiam
2220 2046 2315 2092 re·

354 2113 641 2173 formidat
662 2113 921 2188 animm,
956 2111 1070 2172 sed
1094 2123 1255 2190 quae
1276 2113 1636 2174 acciderunt
1657 2112 1940 2174 accidere
1963 2120 2321 2190 possunt-

355 2203 415 2258 et
452 2197 651 2258 victor
689 2195 992 2258 Hannibal
1024 2195 1113 2258 ire
1152 2199 1234 2258 ad
1272 2197 1491 2257 urbem
1533 2204 1777 2273 perget,
1819 2203 1946 2257 tum
1987 2199 2235 2258 demum
2265 2205 2323 2259 te

356 2281 673 2342 consulem
714 2296 794 2341 ex
810 2280 1063 2356 Africa,
1114 2281 1271 2342 sicut
1302 2281 1368 2356 Q.
1398 2280 1680 2340 Fulvium
1707 2297 1745 2341 a
1775 2281 2012 2357 Capua,
2043 2296 2320 2343 arcesse-

354 2371 538 2426 mus?
582 2365 729 2442 quid
774 2367 945 2440 quod
983 2363 1047 2424 in
1075 2365 1288 2425 Africa
1330 2378 1582 2440 quoque
1607 2363 1776 2431 Mars
1808 2365 2149 2425 commanis
2181 2365 2324 2426 belli

354 2450 511 2511 erit?
552 2449 773 2510 domus
807 2448 915 2511 tibi
944 2455 1066 2524 tua,
1112 2453 1289 2526 pater
1318 2455 1704 2523 patruusque
1731 2448 1890 2509 intra
1916 2448 2160 2524 triginta
2187 2448 2322 2509 dies

356 2549 494 2594 cum
534 2533 909 2594 exercitibus
954 2533 1122 2593 caesi
1166 2533 1536 2595 documento
1583 2532 1732 2607 sint,
1782 2531 1890 2592 ubi
1936 2547 2049 2608 per
2089 2531 2324 2609 aliquot

354 2632 549 2678 annos
600 2617 882 2677 maximis
924 2614 1113 2677 rebus
1153 2623 1318 2678 terra
1358 2615 1639 2693 marique
1675 2614 1968 2692 gerendis
2013 2616 2318 2691 amplissi-

321 2746 325 2750 .
353 2715 517 2761 mum
546 2715 771 2762 nomen
800 2699 970 2777 apud
1000 2705 1245 2761 exteras
1276 2706 1493 2775 gentes
1520 2699 1738 2776 ’populi
1757 2700 2018 2762 Romani
2045 2707 2319 2761 vestrae-

356 2799 477 2860 que
506 2784 768 2845 l'amiliac
796 2785 1091 2845 fecerunt.
1153 2783 1288 2844 dies
1319 2799 1418 2843 me
1447 2782 1719 2858 deficiat,
1762 2783 1815 2844 si
1843 2798 2028 2860 reges
2057 2783 2316 2860 impera-

357 2877 645 2943 toresque
702 2873 931 2928 temere
978 2867 1041 2926 in
1090 2866 1361 2928 hostium
1413 2872 1640 2928 terram
1691 2872 2124 2943 transgressos
2181 2882 2320 2928 cum

352 2950 633 3010 maximis
674 2951 953 3013 cladibus
984 2950 1114 3011 suis
1144 2950 1651 3028 exercituumque
1679 2966 1930 3012 suorum
1959 2965 2322 3012 enumerare

351 3033 549 3094 velim.
614 3033 1058 3109 AthenienseS,
1109 3034 1593 3111 prudentissima
1643 3035 1886 3110 civitas,
1937 3035 2100 3095 bello
2153 3035 2320 3098 domi

349 3116 593 3194 relicto,
644 3123 899 3179 auctore
949 3134 1151 3195 aeque
1189 3118 1452 3196 impigro
1495 3134 1568 3180 ac
1607 3118 1797 3181 nobili
1838 3119 2059 3180 iuvene
2096 3133 2322 3194 magna

353 3201 557 3262 classe
596 3201 660 3262 in
688 3201 958 3262 Siciliam
997 3203 1315 3278 tramissa,
1357 3217 1485 3262 una
1525 3215 1734 3279 pugna
1762 3202 1964 3263 navali
1994 3200 2317 3264 florentem

348 3297 479 3345 rem
500 3285 810 3364 publicam
832 3299 1009 3348 suam
1032 3287 1091 3347 in
1116 3293 1480 3363 perpetuum
1495 3285 1896 3348 adnixa-unte
1917 3285 2194 3346 -XLIL
2211 3301 2318 3346 ex-

350 3375 523 3428 terna
572 3377 634 3430 et
670 3367 851 3432 nimis
893 3371 1145 3447 antiqua
1184 3376 1434 3447 repeto:
1499 3369 1711 3430 Africa
1751 3370 1970 3431 eadem
1995 3369 2120 3430 ista
2147 3375 2210 3431 et
2233 3367 2316 3428 M.

349 3449 588 3525 aulius,
632 3454 873 3530 insigne
902 3453 1225 3532 utriusque
1256 3454 1538 3515 fortunae
1565 3454 1944 3530 exemplum,
1987 3453 2169 3514 nobis
2202 3452 2315 3513 do-
