2550 3959
389 240 475 305 28
698 241 930 303 Lama
956 242 1169 301 xxiv.
1215 240 1383 301 CAP.
1406 249 1492 303 26.
1518 247 1605 301 2⁷.
1650 236 2039 318 [auam]

387 412 462 458 se
489 412 570 457 ex
605 396 880 457 sacrario
911 394 1369 471 proripuerunt,
1411 399 1506 467 ut,
1546 392 1602 453 si
1630 390 1923 467 effugium
1951 391 2258 467 patuisset
2282 392 2345 453 ln

388 480 718 555 publicum,
748 479 1104 555 impleturae
1130 478 1345 539 urbem
1372 478 1631 537 tumultu
1658 474 1897 535 fuerint.
1937 481 2345 552 tumquoque

387 562 555 624 haud
593 578 818 637 magno
861 562 1102 623 aedium
1138 562 1339 636 spatio
1368 561 1524 621 inter
1552 559 1791 619 medios
1821 565 1909 620 tot
1936 564 2207 620 armatos
2236 560 2342 621 ali·

387 647 672 723 quotiens
700 646 936 721 integro
967 658 1244 720 corpore
1260 650 1621 717 evaserunt,
1663 641 2139 717 tenentibusque
2155 687 2172 716 ,
2204 658 2342 703 cum

388 737 479 791 tot
506 745 581 791 ae
608 737 732 790 tam
756 728 999 789 validae
1027 728 1391 790 eluctandae
1417 743 1636 787 manus
1666 733 1895 799 essent,
1925 741 2071 787 sese
2099 726 2341 801 eripue-

384 820 544 875 runt.
581 812 828 875 tandem
854 811 1211 873 vulneribus
1241 812 1577 885 consectae,
1609 826 1748 871 cum
1770 809 1975 871 omnia
1992 810 2342 885 replessent

385 895 702 972 sanguine,
734 896 1050 957 exanimes
1079 902 1461 956 corruerunt.
1514 894 1890 970 caedemque
1920 908 2031 969 per
2058 909 2131 953 se
2157 895 2339 954 mise·

382 981 635 1041 rabilem
660 979 1164 1041 miserabiliorem
1193 995 1379 1039 casus
1411 978 1570 1052 fecit,
1602 979 1773 1053 quod
1798 979 1983 1053 paulo
2016 984 2159 1054 post
2184 994 2337 1037 nun-

383 1065 504 1124 tius
545 1064 741 1136 venit,
784 1064 1030 1124 mutatis
1069 1069 1323 1139 repente
1352 1061 1432 1122 ad
1459 1062 1943 1123 misericordiam
1969 1061 2216 1136 animiS‚
2258 1077 2338 1121 ne

383 1148 887 1209 interficerentur.
953 1147 1044 1207 ira
1087 1146 1313 1207 deinde
1361 1162 1441 1207 ex
1488 1145 1907 1207 misericordia
1954 1152 2115 1217 orta,
2166 1145 2337 1220 quod

383 1232 540 1292 adeo
592 1230 940 1293 festinatum
987 1232 1068 1291 ad
1109 1230 1480 1307 supplicium
1520 1245 1725 1305 neque
1763 1232 1941 1292 locus
1984 1227 2333 1305 paenitendi

382 1322 488 1376 aut
509 1330 836 1389 regressus
869 1315 945 1375 ab
973 1314 1066 1374 ira
1091 1314 1341 1374 relictus
1370 1319 1569 1375 esset=
1614 1314 1821 1389 itaque
1850 1315 2109 1373 fremere
2136 1312 2335 1373 multi·

383 1400 528 1459 tudo
573 1404 636 1458 et
673 1398 733 1457 in
762 1400 968 1459 locum
995 1396 1427 1459 Andranodori
1459 1413 1532 1457 ac
1560 1395 1849 1465 Themisti
1872 1430 1958 1443 --
1984 1412 2127 1457 nam
2154 1396 2331 1457 ambo

383 1488 701 1558 praetores
746 1482 987 1542 fuerant
1009 1509 1095 1521 -
1123 1481 1369 1542 comitia
1407 1496 1699 1558 poscere,
1744 1497 1903 1557 quae
1944 1496 2337 1556 nequaquam

381 1580 460 1625 ex
501 1566 804 1625 sententia
843 1570 1191 1641 praetorum
1233 1566 1435 1627 sutura
1474 1570 1703 1626 essent.
1772 1566 2015 1625 XXVII.
2062 1564 2337 1626 statutus

383 1656 479 1709 cst
507 1648 764 1711 comitiis
808 1649 977 1719 dies;
1023 1665 1150 1723 quo
1182 1664 1299 1709 nec
1329 1648 1723 1724 opinantibus
1755 1648 2037 1711 omnibus
2066 1664 2227 1710 unus
2257 1662 2339 1707 ex

383 1733 590 1794 ultima
627 1733 811 1793 turba
835 1732 1158 1809 Epicyden
1187 1732 1548 1806 nominavit,
1585 1739 1713 1793 tum
1738 1732 1883 1794 inde
1912 1734 2071 1795 alius
2099 1732 2335 1807 Hippo—

383 1824 644 1886 cratem;
689 1816 1032 1877 crebriores
1075 1815 1301 1876 deinde
1329 1816 1447 1877 hae
1473 1832 1665 1877 voces
1696 1823 1757 1877 et
1784 1833 1923 1877 cum
1953 1816 2120 1877 haud
2149 1815 2337 1877 dubio

379 1899 654 1961 adsensu
681 1900 1076 1966 multitudinis
1108 1915 1268 1961 esse.
1315 1906 1377 1959 et
1402 1907 1533 1961 erat
1562 1901 1823 1961 confusa
1850 1900 2053 1961 contio
2079 1916 2201 1961 non
2222 1916 2333 1975 po-

379 1983 579 2057 pulari
620 1983 805 2044 modo
849 1983 965 2043 scd
1003 1983 1245 2044 militari
1275 1999 1529 2059 quoque
1560 1984 1762 2060 turba,
1804 2000 2026 2059 magna
2056 2000 2134 2043 ex
2161 1990 2337 2057 parte

383 2068 566 2126 etiam
608 2066 914 2142 perfugis,
957 2066 1060 2141 qui
1103 2066 1311 2127 omnia
1338 2082 1569 2127 novare
1598 2068 1953 2144 cupiebant,
1997 2067 2335 2143 permixtis.

381 2155 696 2224 praetores
747 2149 1134 2211 dissimulare
1185 2151 1412 2226 primo,
1466 2157 1528 2210 et
1576 2151 1931 2214 trahendam
1979 2168 2109 2212 rem
2159 2165 2333 2211 esse:

379 2240 689 2309 postremo
721 2232 864 2293 victi
893 2248 1205 2295 consensu
1227 2242 1289 2295 et
1317 2234 1677 2295 seditionem
1701 2241 2039 2296 metuentes
2063 2250 2332 2310 pronun-

377 2317 528 2378 tiant
566 2333 676 2378 eos
720 2324 1058 2392 praetores.
1121 2333 1237 2377 nec
1279 2318 1362 2379 illi
1404 2318 1599 2393 primo
1640 2319 1841 2379 statim
1882 2318 2071 2379 creati
2098 2318 2333 2378 nudare

380 2401 528 2476 quid
554 2402 794 2473 vellent,
829 2416 1201 2476 quamquam
1234 2416 1419 2477 aegre
1449 2400 1727 2463 ferebant
1748 2407 1811 2463 et
1830 2404 1909 2463 dc
1937 2402 2184 2481 indutiis
2204 2401 2331 2462 die-

379 2500 512 2545 rum
555 2484 769 2546 decem
809 2486 1045 2561 legatos
1089 2484 1218 2546 isse
1257 2486 1341 2546 ad
1368 2485 1487 2561 Ap.
1522 2485 1869 2559 Claudium,
1910 2492 1973 2546 et
1997 2484 2330 2560 impetratis

377 2569 470 2629 eis
521 2569 707 2645 alios,
766 2570 872 2645 qui
915 2570 996 2629 de
1043 2569 1297 2630 foedere
1348 2568 1599 2644 antiquo
1647 2569 2006 2630 renovando
2057 2576 2330 2644 agerent,

377 2653 626 2713 missos.
678 2653 757 2712 ad
785 2652 1190 2727 Murgantiam
1219 2658 1347 2712 tum
1376 2654 1640 2714 classem
1667 2654 1913 2714 navium
1940 2658 2182 2713 centum
2207 2651 2329 2713 Ro—

377 2750 594 2796 manus
643 2734 933 2809 habebat,
987 2750 1256 2810 quonam
1298 2734 1633 2797 evaderent
1670 2745 1873 2798 motus
1915 2751 1994 2797 ex
2034 2734 2331 2797 caedibus

377 2826 775 2897 tyrannorum
803 2817 921 2879 orti
949 2817 1311 2897 Syracusis,
1342 2835 1549 2895 quove
1577 2835 1689 2882 eos
1717 2827 1928 2895 ageret
1952 2835 2118 2881 nova
2144 2826 2331 2895 atque

377 2902 622 2963 insolita
649 2902 919 2975 libertae,
953 2902 1303 2978 opperiens.

543 2986 658 3047 Per
700 2984 956 3047 eosdem
1006 2985 1142 3047 dies
1193 3002 1333 3046 cum
1372 2986 1454 3047 ad
1492 2986 1845 3049 Marcellum
1882 2987 2227 3048 venientem
2270 2986 2329 3045 in

379 3067 644 3130 Siciliam
671 3069 854 3144 legati
884 3068 1264 3147 Syracusani
1295 3069 1469 3131 missi
1500 3071 1579 3132 ab
1606 3071 1814 3147 Appio
1844 3078 2071 3145 essent,
2107 3069 2330 3131 auditis

381 3151 846 3215 condicionibus
888 3153 1062 3228 pacis
1091 3152 1419 3215 Marcellus
1435 3200 1451 3226 ,
1497 3170 1691 3231 posse
1716 3170 1849 3215 rem
1876 3153 2207 3216 convenire
2234 3170 2329 3214 ra-

381 3243 508 3311 tus,
551 3244 612 3298 et
640 3235 776 3313 ipse
804 3239 1040 3311 legatos
1072 3236 1452 3316 SyracusaS‚
1496 3238 1601 3314 qui
1630 3254 1839 3299 coram
1868 3254 2008 3299 cum
2037 3238 2330 3313 praetori-

379 3320 493 3381 bus
537 3322 616 3381 de
643 3322 999 3383 renovando
1030 3322 1281 3383 foedere
1308 3328 1588 3397 agerent,
1630 3321 1811 3383 misit.
1873 3330 1935 3383 et
1962 3322 2081 3383 iam
2112 3321 2194 3381 ibi
2226 3336 2333 3381 ne-

379 3419 686 3480 quaquam
735 3404 951 3465 eadcm
993 3406 1171 3482 quies
1213 3421 1289 3467 ac
1331 3406 1735 3481 tranquillitas
1778 3413 1925 3465 erat.
1994 3404 2334 3480 Postquam

379 3486 661 3549 Punicam
729 3489 994 3549 classem
1049 3489 1401 3551 accessisse
1468 3487 1825 3568 Pachynum
1894 3489 2163 3549 adlatum
2218 3495 2333 3562 est,
