2550 3959
387 250 513 317 130
596 248 827 309 LtBER
854 247 1068 307 xxvi.
1114 244 1281 307 CAP.
1310 254 1402 309 25.
1445 251 1522 320 [a.
1547 250 1613 303 υ.
1638 268 1688 304 c.
1709 253 1832 309 541.
1866 250 2006 307 ..0.
2029 252 2156 318 au]

558 402 744 463 XXV.
787 399 1071 476 Philippo
1100 398 1461 459 Aetolorum
1489 397 1752 459 defectio
1780 396 1984 459 Pellae
2013 398 2358 459 hibernanti

386 488 596 551 adlata
622 493 735 547 est.
793 485 1016 560 itaque,
1050 481 1195 557 quia
1222 481 1420 557 primo
1455 496 1598 541 vere
1627 489 1900 543 moturus
1931 482 2265 544 exercitum
2294 484 2354 543 in

392 571 711 633 Graeciam
740 574 886 643 erat,
926 573 991 628 ut
1016 566 1260 642 Illyrios
1289 565 1702 641 finitimasque
1731 567 1822 626 eis
1851 565 2036 627 urbes
2069 568 2144 627 ab
2180 574 2356 643 tergo

394 662 559 717 metu
598 654 837 730 quietas
875 649 1242 711 Macedonia
1283 649 1562 726 haberet,
1608 650 2060 727 expeditionem
2096 649 2358 711 subitam

394 742 455 800 in
485 738 865 799 Oricinorum
905 732 1093 808 atque
1119 734 1600 810 Apolloniatium
1629 734 1784 793 fines
1815 735 1987 809 fecit,
2032 750 2358 811 egressos-

394 840 515 901 que
540 819 969 898 Apolloniatas
1000 832 1139 879 cum
1168 833 1390 893 magno
1424 825 1653 878 terrore
1696 834 1770 879 ac
1799 834 2033 894 pavore
2064 821 2361 895 compulit

391 908 549 967 intra
578 920 809 967 muros.
874 902 1129 963 vastatis
1159 902 1458 979 proximis
1487 902 1712 978 Illyrici
1741 902 1802 961 in
1831 902 2224 978 Pelagoniam
2253 918 2346 963 ea-

395 992 536 1053 dem
578 989 883 1050 celeritate
926 988 1104 1047 vertit
1141 987 1284 1058 iter;
1329 986 1472 1047 inde
1511 986 1938 1047 Dardanorum
1979 987 2188 1047 urbem
2219 985 2357 1047 Sin·

389 1078 553 1149 tiam,
598 1074 660 1135 in
686 1071 1109 1133 Macedoniam
1138 1071 1456 1131 transitum
1483 1070 1789 1131 Dardanis
1818 1071 2131 1146 facturam,
2172 1071 2356 1147 cepit.

390 1158 489 1221 his
518 1157 737 1235 raptim
767 1158 919 1219 actis
946 1170 1182 1217 memor
1201 1153 1462 1216 Aetolici
1493 1154 1800 1229 iunctique
1831 1170 1968 1215 cum
1996 1170 2072 1235 eo
2093 1156 2357 1217 Romani

392 1242 536 1305 belli
578 1258 689 1319 per
715 1240 1103 1317 Pelagoniam
1145 1247 1206 1301 et
1229 1240 1509 1318 Lyncum
1538 1244 1598 1298 et
1623 1238 1960 1301 Bottiaeam
2000 1240 2063 1300 in
2091 1239 2358 1300 Thessa-

393 1328 537 1389 liam
564 1325 913 1389 descenditz
956 1332 1123 1385 metu
1151 1324 1233 1384 ad
1258 1324 1486 1384 bellum
1517 1338 1728 1385 secum
1767 1324 2069 1384 adversus
2096 1323 2358 1385 Aetolos

394 1410 849 1489 capessendum
888 1409 1125 1469 incitari
1153 1422 1347 1485 posse
1375 1406 1654 1468 homines
1686 1406 1991 1468 credebat.
2055 1414 2118 1469 et
2141 1406 2358 1469 relicto

394 1498 474 1556 ad
503 1496 715 1556 fauces
742 1492 1098 1554 Thessaliae
1124 1492 1352 1553 Perseo
1395 1507 1532 1553 cum
1561 1498 1848 1567 quattuor
1871 1490 2117 1552 milibus
2159 1508 2356 1551 arma·

395 1588 591 1641 torum
631 1578 711 1639 ad
752 1577 1057 1638 arcendos
1088 1577 1257 1636 aditu
1282 1574 1567 1650 AetoloS,
1615 1576 1781 1652 ipse,
1825 1575 2186 1651 priusquam
2227 1593 2357 1637 ma·

391 1663 627 1725 ioribus
658 1668 1063 1738 occuparetur
1088 1661 1308 1735 rebuS,
1353 1660 1414 1721 in
1441 1660 1868 1722 Macedoniam
1897 1668 2082 1737 atque
2121 1661 2267 1721 inde
2296 1661 2357 1722 in

389 1747 707 1810 Thraciam
735 1744 1068 1808 exercitum
1096 1745 1180 1805 ad
1204 1744 1465 1805 Maedos
1495 1743 1684 1805 duxit.
1745 1746 2056 1805 incurrere
2097 1759 2173 1805 ea
2199 1760 2356 1821 gens

392 1833 453 1891 in
478 1831 905 1893 Macedoniam
934 1829 1117 1891 solita
1144 1836 1292 1905 erat,
1332 1826 1440 1890 ubi
1467 1844 1675 1904 regem
1703 1836 2070 1905 occupatum
2099 1836 2355 1889 externo

390 1917 553 1977 bello
596 1932 671 1978 ac
700 1915 834 1977 sine
865 1913 1175 1991 praesid10
1218 1928 1364 1974 esse
1391 1929 1646 1991 regnum
1687 1913 2007 1975 sensisset.
2069 1914 2152 1973 ad
2191 1913 2356 1974 fran-

388 2000 629 2075 gendos
658 2000 840 2075 igitur
859 2005 1105 2059 vastare
1130 2012 1316 2074 agros
1341 2006 1400 2059 et
1420 1999 1633 2058 urbem
1648 1998 2139 2075 Iamphorynam,
2171 2003 2356 2074 caput

390 2098 719 2159 arcemque
745 2081 1081 2157 Maedicae,
1121 2096 1484 2158 oppugnare
1513 2082 1735 2159 coepit.
1808 2079 2048 2158 Scopas
2078 2079 2181 2143 ubi
2210 2097 2353 2158 pro-

393 2168 613 2228 iectum
634 2166 694 2227 in
708 2166 1023 2227 Thraciam
1046 2181 1253 2242 regem
1286 2173 1773 2243 occupatumque
1803 2164 1884 2226 ibi
1906 2165 2068 2227 bello
2098 2164 2354 2239 audivit,

389 2256 622 2313 armata
651 2252 815 2311 omni
843 2251 1155 2312 iuventute
1180 2251 1543 2312 Aetolorum
1570 2249 1798 2311 bellum
1825 2249 2049 2312 inferre
2077 2254 2354 2311 Acarna·

392 2336 529 2397 niae
557 2342 751 2412 parat.
791 2336 1096 2396 adversus
1129 2335 1297 2409 quod
1328 2350 1398 2395 se
1418 2336 1814 2396 Acarnanum
1839 2350 1996 2413 gens
2027 2341 2088 2395 et
2113 2334 2354 2395 viribus

390 2419 682 2496 imparem
713 2425 772 2480 et
799 2419 920 2481 iam
950 2418 1255 2483 Oeniadas
1286 2419 1640 2497 Nasumque
1681 2420 1912 2479 amissa
1940 2434 2197 2479 cernens
2227 2419 2352 2479 Ro-

388 2519 697 2581 manaque
725 2504 980 2581 insuper
1006 2520 1178 2565 arma
1206 2504 1507 2579 ingruere,
1551 2503 1644 2563 ira
1670 2504 1865 2580 magis
1895 2503 2136 2565 instruit
2163 2520 2353 2580 quam

314 2644 319 2649 .
387 2588 645 2649 consilio
689 2589 936 2649 bellum.
1003 2587 1368 2663 coniugibus
1398 2587 1732 2664 liberisque
1774 2593 1834 2647 et
1867 2588 2213 2649 senioribus
2243 2604 2345 2649 su·

387 2688 499 2747 per
538 2672 859 2747 sexaginta
901 2688 1099 2733 annos
1143 2672 1201 2731 in
1243 2671 1653 2748 propinquam
1691 2671 1943 2749 Epirum
1983 2671 2222 2744 missiS,
2270 2672 2353 2733 ab

388 2755 736 2831 quindecim
778 2756 858 2815 ad
887 2756 1207 2831 sexaginta
1248 2772 1448 2816 annos
1479 2756 1798 2817 coniurant
1825 2756 1944 2817 nisi
1973 2756 2244 2817 victores
2276 2772 2353 2817 se

385 2855 509 2899 non
550 2839 889 2900 redituros=
935 2840 1039 2915 qui
1069 2840 1265 2900 victus
1297 2839 1430 2900 acie
1459 2840 1866 2917 excessisset,
1909 2856 2050 2917 eum
2083 2856 2162 2901 ne
2205 2840 2350 2917 quis

380 2922 537 2985 urbe
567 2929 727 2985 tecto
756 2938 973 2985 mensa
1003 2926 1129 2984 lare
1155 2924 1484 3000 reciperet,
1532 2925 1727 2986 diram
1767 2924 2255 2987 exsecrationem
2284 2924 2349 2983 in

384 3008 749 3082 populares,
798 3006 1265 3070 obtestationem
1299 3024 1482 3085 quam
1524 3009 1976 3071 sanctissimam
2018 3014 2352 3085 potuerunt

384 3091 687 3151 adversus
727 3090 1007 3167 hospites
1052 3098 1560 3169 composuerunt3
1608 3092 1963 3170 precatique
1991 3093 2172 3156 simul
2199 3092 2350 3169 Epi-

382 3181 551 3236 rotas
582 3180 737 3249 sunt,
770 3181 836 3237 ut
864 3176 967 3251 qui
996 3193 1247 3239 suorum
1276 3176 1337 3235 in
1368 3175 1502 3237 acie
1531 3175 1916 3247 cecidissent,
1956 3192 2067 3237 eos
2098 3190 2221 3237 uno
2257 3182 2348 3237 tu-

383 3259 545 3320 mulo
591 3264 1007 3335 contegerent,
1053 3260 1536 3337 adhiberentque
1576 3260 1838 3321 humatis
1880 3259 2144 3321 titulumz
2203 3259 2349 3319 “hic

380 3342 482 3403 siti
524 3351 670 3404 sunt
707 3344 1098 3419 Acarnanes,
1153 3344 1257 3420 qui
1311 3345 1613 3406 adversus
1654 3344 1778 3404 vim
1831 3350 2017 3420 atque
2064 3343 2350 3405 iniuriam

376 3424 741 3488 Aetolorum
785 3443 897 3503 pro
938 3426 1135 3503 patria
1184 3434 1530 3505 pugnantes
1567 3433 1820 3489 mortem
1867 3428 2350 3502 occubuerunt„.

380 3525 495 3589 per
522 3510 676 3572 haec
717 3509 979 3571 incitatis
1022 3510 1240 3573 animis
1285 3518 1486 3574 castra
1528 3511 1588 3572 in
1631 3511 1922 3573 extremis
1953 3512 2177 3573 finibus
2208 3514 2348 3575 suis

2522 3222 2528 3337 s

2520 3480 2526 3534 ἱ
