2550 3959
548 224 777 285 LIBER
803 224 1017 285 XXVI.
1063 226 1228 287 CAP.
1257 234 1348 289 37.
1374 235 1462 289 3⁸.
1508 235 1582 301 [a.
1609 237 1674 285 c.
1703 234 1832 301 21⁰]
2035 227 2160 293 143

193 378 352 440 adeo
382 392 459 439 se
487 381 767 457 spretos,
810 382 879 437 ut
904 376 1263 438 sedentibus
1306 378 1460 455 ipsis
1491 380 1570 439 ad
1599 380 1879 443 Romana
1915 381 2158 445 moenia

192 463 316 523 aria
356 470 537 540 porta
586 457 891 521 exercitus
934 458 1248 525 Romanus
1297 461 1359 521 in
1403 462 1762 539 Hispaniam
1810 465 2154 528 duceretur.

193 548 369 625 ipsae
399 559 653 620 quoque
672 542 1024 619 Hispaniae,
1058 561 1179 619 quo
1210 546 1472 621 propius
1503 563 1678 623 spem
1709 556 2000 609 venerant
2027 556 2154 611 tan·

192 632 273 691 tis
314 626 563 689 duobus
614 626 877 689 ducibus
918 628 1414 704 exercitibusque
1445 632 1646 691 caesis
1676 630 2041 695 debellatum
2071 633 2154 693 ibi

194 729 269 775 ac
299 712 518 790 pulsos
547 710 692 771 inde
720 711 1035 773 Romanos
1064 726 1237 785 esse,
1283 728 1358 774 eo
1388 715 1557 791 plus,
1597 714 1675 775 ab
1705 715 1773 775 L.
1801 714 2032 778 Marcio
2061 723 2153 777 tu-

192 796 518 859 multuario
563 795 721 857 duce
760 796 839 855 ad
869 810 1093 857 vanum
1130 804 1191 855 et
1229 794 1459 859 irritum
1491 798 1806 860 victoriam
1845 800 2154 863 redactam

194 897 357 955 esse,
389 877 827 955 indignationis
858 878 1251 955 praebebant.
1305 881 1389 941 ita
1416 890 1718 958 aequante
1748 884 1990 947 fortuna
2017 901 2152 946 sus·

192 981 394 1042 pensa
435 963 642 1026 omnia
680 964 985 1041 utrimque
1024 971 1198 1026 erant
1239 964 1475 1041 integra
1504 982 1651 1043 spe,
1697 966 1930 1044 integro
1969 976 2151 1043 metu,

191 1052 362 1111 velut
389 1049 493 1109 illo
522 1055 799 1124 tempore
826 1048 1087 1125 primum
1112 1048 1337 1109 bellum
1368 1050 1721 1125 inciperent.

360 1131 682 1193 XXXVIII.
726 1131 1127 1194 Hannibalem
1153 1139 1294 1193 ante
1317 1134 1520 1194 omnia
1547 1134 1825 1209 angebat,
1857 1136 2026 1211 quod
2042 1136 2152 1197 Ca·

193 1233 319 1298 pua
349 1215 720 1293 pertinacius
764 1223 1119 1293 oppugnata
1146 1216 1224 1277 ab
1253 1216 1546 1283 Romanis
1576 1234 1759 1293 quam
1789 1219 2047 1280 defensa
2071 1219 2150 1280 ab

190 1319 263 1363 se
284 1301 611 1361 multorum
622 1299 832 1360 Italiae
853 1301 1221 1376 populorum
1244 1302 1480 1362 animos
1511 1308 1828 1375 averterat,
1864 1318 2023 1376 quos
2045 1319 2150 1365 ne·

193 1400 317 1462 que
346 1400 561 1447 omnes
590 1390 798 1444 tenere
826 1382 1172 1460 praesidiis,
1204 1381 1322 1444 nisi
1349 1386 1528 1447 vellet
1555 1386 1616 1446 in
1645 1388 1862 1447 multas
1894 1402 2148 1463 parvas·

192 1485 315 1545 que
359 1474 567 1544 partes
608 1482 861 1543 carpere
903 1468 1267 1544 exercitum,
1314 1471 1485 1547 quod
1523 1470 1768 1531 minime
1798 1479 1920 1533 tum
1962 1487 2149 1547 expe·

192 1552 429 1623 diebat‚
474 1558 746 1629 poterat,
795 1566 909 1612 nec
938 1551 1219 1612 deductis
1252 1554 1578 1629 praesidiis
1610 1555 1743 1632 spei
1773 1554 2022 1617 liberam
2049 1557 2152 1616 vel

190 1636 525 1697 obnoxiam
552 1636 751 1699 timori
781 1636 1087 1697 sociorum
1115 1637 1461 1713 relinquere
1489 1639 1694 1699 fldem.
1759 1655 2058 1715 praeceps
2090 1640 2150 1699 in

188 1720 506 1781 avaritiam
537 1727 598 1781 ct
627 1720 1044 1781 crudelitatem
1072 1721 1311 1781 animus
1342 1722 1422 1781 ad
1452 1722 1777 1797 spolianda
1806 1740 1967 1797 quae
1995 1724 2148 1783 tueri

189 1804 513 1880 nequibat,
554 1811 622 1865 ut
658 1809 899 1865 vastata
938 1804 1100 1863 hosti
1142 1804 1656 1879 relinquerentur,
1693 1806 2020 1866 inelinavit.
2087 1807 2148 1867 id

192 1889 441 1951 foedum
468 1887 787 1948 consilium
818 1902 953 1949 eum
984 1888 1259 1964 incepto,
1305 1896 1426 1949 tum
1459 1888 1639 1949 etiam
1667 1891 1832 1951 exitu
1863 1890 1986 1950 l'uit.
2043 1905 2148 1950 ne-

192 1989 313 2049 que
344 1973 505 2032 enim
532 1971 781 2048 indigna
808 1972 1162 2048 patientium
1193 1974 1376 2034 modo
1420 1972 1916 2036 abalienabantur
1945 1973 2146 2047 animi,

190 2058 307 2119 sed
337 2063 677 2119 ceterorum
718 2054 929 2117 etiam=
972 2056 1201 2133 quippe
1229 2058 1309 2117 ad
1340 2058 1547 2133 plures
1589 2060 1936 2135 exemplum
1967 2075 2152 2135 quam

191 2144 480 2203 damnum
510 2139 867 2217 pertinebat.
912 2156 1024 2202 nec
1056 2141 1273 2201 consul
1299 2142 1614 2204 Romanus
1654 2144 2021 2219 temptandis
2051 2160 2140 2203 ur·

189 2224 403 2296 bibus,
448 2225 706 2285 sicunde
735 2240 883 2299 spes
912 2224 1119 2300 aliqua
1146 2240 1216 2285 se
1244 2226 1638 2298 ostendisset,
1679 2227 1907 2287 deerat.
1977 2225 2148 2287 Sala·

192 2310 335 2385 piae
366 2309 678 2385 principes
706 2315 881 2369 erant
905 2308 1133 2369 Dasius
1165 2315 1226 2369 et
1252 2309 1528 2370 Blattius.
1569 2310 1796 2371 Dasius
1825 2310 2148 2372 Hannibali

188 2392 456 2453 amicus=
500 2392 773 2468 BlattiuS‚
808 2398 1098 2467 quantum
1128 2408 1208 2452 ex
1237 2399 1362 2454 tuto
1389 2400 1639 2468 poterat,
1669 2410 1796 2454 rem
1811 2394 2150 2454 Romanam

192 2475 471 2551 fovebat,
514 2483 573 2538 et
603 2492 715 2553 per
743 2478 1019 2539 occultos
1049 2476 1295 2537 nuntios
1325 2492 1501 2552 spem
1531 2476 1893 2552 proditionis
1927 2478 2151 2537 iecerat

184 2560 505 2621 Marcello.
566 2562 682 2621 sed
710 2561 844 2621 sine
884 2562 1162 2623 adiutore
1190 2560 1379 2623 Dasio
1412 2575 1510 2620 res
1538 2560 1790 2635 transigi
1822 2575 1945 2621 non
1977 2566 2148 2635 pote·

188 2652 301 2706 rat.
369 2644 620 2705 multum
661 2660 735 2705 ac
763 2644 869 2706 diu
900 2651 1248 2720 cunctatus,
1295 2651 1356 2707 et
1387 2651 1508 2704 tum
1551 2660 1798 2721 quoque
1825 2644 2021 2720 magis
2062 2642 2149 2703 in-

189 2728 338 2805 opia
378 2729 618 2790 consilii
650 2728 905 2804 potioris
937 2744 1124 2803 quam,
1148 2744 1263 2804 spe
1304 2727 1560 2789 effectus
1589 2726 1840 2793 Dasium
1879 2727 2152 2804 appella·

190 2814 315 2872 bat.
382 2819 445 2873 at
484 2813 615 2886 ille,
659 2828 798 2873 cum
833 2811 905 2871 ab
933 2828 1001 2872 re
1030 2828 1320 2884 aversus,
1369 2819 1492 2872 tum
1535 2813 1772 2873 aemulo
1804 2816 2150 2889 potentatus

188 2895 493 2971 inimicuS,
516 2911 643 2957 rem
657 2895 979 2957 Hannibali
1003 2896 1214 2972 aperit.
1260 2896 1556 2957 arcessito
1579 2902 1838 2972 utroque
1852 2894 2150 2971 Hannibal

187 2996 331 3040 cum
374 2995 487 3057 pro
516 2978 798 3041 tribunali
832 2980 1133 3055 quaedam
1176 2987 1383 3055 ageret
1412 2996 1558 3040 mox
1588 2981 1666 3040 de
1693 2980 1912 3041 Blattio
1943 2981 2150 3056 cogni-

186 3073 384 3136 turuS,
410 3071 765 3139 starentque
790 3068 1091 3124 summoto
1119 3066 1351 3139 populo
1376 3070 1700 3125 accusator
1719 3072 1778 3125 et
1798 3079 1960 3134 reuS‚
1991 3062 2152 3125 Blat-

188 3151 313 3209 tius
346 3148 425 3209 de
457 3148 802 3223 proditione
830 3147 1080 3207 Dasium
1110 3148 1478 3223 appellabat.
1522 3147 1830 3208 enlmvero
1862 3147 1960 3206 ille
1991 3147 2155 3206 velut

184 3234 254 3293 in
284 3232 609 3293 manifesta
628 3248 696 3291 re
724 3232 1039 3305 exclamat,
1084 3230 1199 3291 sub
1230 3231 1424 3293 oeulis
1447 3230 1805 3293 Hannibalis
1835 3245 2044 3292 seeum
2074 3231 2154 3289 de

189 3314 543 3395 proditione
568 3316 687 3391 agi.
751 3313 1075 3376 Hannibali
1105 3321 1291 3390 atque
1321 3315 1412 3375 eis
1444 3314 1548 3391 qui
1577 3316 1846 3389 aderant,
1892 3330 2014 3391 quo
2046 3331 2153 3376 au-

188 3398 411 3463 dacior
437 3416 538 3461 res
569 3406 716 3473 erat,
746 3398 947 3459 minus
977 3397 1189 3459 similis
1220 3399 1351 3459 veri
1373 3398 1508 3459 visa
1534 3405 1647 3462 est.
1691 3398 2154 3460 aemulationem

182 3484 475 3563 profecto
519 3491 704 3561 atque
747 3482 956 3544 odium
998 3498 1171 3556 esse,
1218 3489 1277 3543 et
1318 3482 1382 3542 id
1410 3480 1635 3542 crimen
1678 3481 1921 3557 adferri,
1967 3482 2152 3561 quod.
