2550 3959
372 233 499 297 312
670 232 1133 293 mnan-xxm.
1183 231 1348 292 cAP.
1378 240 1465 293 30.
1496 240 1582 293 31.
1629 233 1700 307 [a.
1735 235 1802 287 o.
1833 254 1882 289 ο.
1913 237 2037 309 548]

370 401 671 463 prospere
699 391 872 445 actae
902 384 1198 447 convertit
1224 384 1308 444 ad
1327 383 1717 445 Masinissam
1743 384 2056 459 Numidas,
2099 384 2333 445 adflue-

368 472 639 546 bantque
680 469 953 545 undique
994 484 1073 529 ex
1114 468 1279 543 agris
1323 467 1600 543 vicisque
1626 476 1866 533 veteres
1895 468 2113 530 milites
2145 469 2338 531 Galae

370 562 431 615 et
454 553 792 614 invitabant
817 553 1099 613 iuvenem
1127 552 1209 612 ad
1227 551 1697 628 reciperandum
1719 558 2036 627 paternum
2055 567 2334 627 regnum.

369 654 623 700 numero
666 638 919 697 militum
958 637 1330 709 aliquantum
1362 636 1738 695 Mazaetulus
1787 637 2145 711 superabat:
2193 653 2336 696 nam

370 728 431 783 et
458 723 596 798 ipse
626 736 764 783 eum
806 720 1169 792 exercitum,
1214 736 1337 795 quo
1370 720 1708 795 Capussam
1734 720 1994 795 vicerat,
2039 728 2101 779 et
2127 735 2207 779 ex
2237 736 2332 779 re·

369 806 563 882 ceptis
595 812 740 881 post
781 804 1033 865 caedem
1060 803 1229 878 regis
1270 805 1505 879 aliquot
1531 802 1825 871 habebam
1865 812 1927 864 et
1955 819 2111 879 puer
2135 804 2331 863 Lacu·

369 905 576 950 mazes
606 888 683 949 ab
698 887 995 965 Syphace
1022 886 1249 949 auxilia
1276 888 1544 962 ingentia
1571 887 1931 949 adduxerat.
1975 887 2333 962 quindecim

368 974 532 1032 milia
558 972 831 1048 peditum
852 971 1214 1045 Mazaetulo,
1246 972 1462 1032 decem
1485 970 1652 1031 milia
1681 971 1944 1047 equitum
1975 977 2164 1044 erant,
2197 972 2332 1045 qui-

370 1057 483 1117 bus
514 1072 651 1118 cum
662 1055 991 1117 Masinissa
1014 1071 1403 1132 nequaquam
1423 1062 1655 1116 tantum
1679 1055 1951 1130 peditum
1979 1055 2332 1129 equitumve

365 1141 629 1202 habente
678 1140 811 1201 acie
861 1138 1155 1200 conflixit.
1233 1139 1380 1201 vicit
1415 1146 1616 1199 tamen
1665 1146 1728 1199 et
1764 1145 2034 1199 veterum
2077 1138 2333 1199 militum

368 1226 559 1286 virtus
591 1232 652 1285 et
680 1224 1005 1301 prudentia
1031 1223 1187 1284 inter
1199 1223 1477 1284 Romana
1499 1222 1797 1283 etPunica
1823 1237 1992 1283 arma
2019 1222 2333 1282 exercitati

367 1310 573 1369 ducise
614 1309 861 1383 regulus
890 1322 1028 1367 cum
1057 1313 1253 1367 tutore
1283 1314 1344 1367 et
1372 1308 1596 1382 exigua
1614 1307 2123 1367 Masaesuliorum
2143 1322 2333 1367 manu

368 1392 428 1452 in
459 1391 1015 1467 Carthaginiensem
1054 1406 1266 1467 agrum
1297 1390 1577 1465 perfugit.
1639 1390 1723 1451 ita
1747 1395 2106 1465 recuperato
2137 1405 2332 1464 regno

366 1483 620 1552 paterno
662 1476 1025 1550 Masinissa,
1080 1475 1223 1549 quia
1264 1475 1383 1535 sibi
1421 1475 1726 1535 adversus
1771 1473 2120 1551 Syphacem
2161 1473 2332 1535 haud

367 1562 551 1635 paulo
602 1560 893 1619 maiorem
926 1565 1159 1619 restare
1199 1558 1650 1619 dimicationem
1677 1558 1992 1629 cernebat,
2037 1557 2331 1633 optimum

366 1649 535 1704 ratus
564 1658 701 1703 cum
732 1644 915 1703 fratre
943 1643 1216 1718 patruele
1244 1642 1500 1717 gratiam
1525 1640 1943 1716 reconciliare,
1986 1641 2194 1701 missis
2227 1642 2333 1715 qui

367 1734 426 1785 et
454 1743 648 1803 puero
681 1743 857 1803 spem
890 1728 1188 1801 lacerent,
1230 1726 1288 1787 si
1319 1725 1379 1785 in
1412 1726 1595 1787 fidem
1623 1724 1990 1787 Masinissae
2017 1741 2162 1785 sese
2193 1740 2330 1801 per-

366 1811 651 1885 misisset,
682 1811 945 1873 futurum
974 1826 1113 1871 eum
1140 1811 1201 1870 in
1232 1810 1454 1870 eodem
1481 1810 1732 1883 honore,
1765 1826 1888 1886 quo
1917 1809 2086 1885 apud
2116 1809 2330 1869 Galam

368 1892 659 1958 Oesalces
703 1894 1012 1971 quondam
1056 1894 1299 1966 fuisset,
1345 1900 1408 1954 et
1437 1894 1541 1971 qui
1570 1893 1909 1957 Mazaetulo
1938 1899 2180 1969 praeter
2219 1894 2328 1953 im-

367 1979 701 2052 punitatem
730 1995 846 2039 sua
874 1978 1079 2039 omnia
1108 1994 1245 2038 cum
1273 1978 1400 2039 fide
1427 1978 1664 2041 restitui
1692 1978 2100 2053 sponderent,
2143 1975 2324 2037 ambo

366 2068 801 2137 praeoptantes
832 2061 1051 2123 exsilio
1082 2061 1389 2123 modicam
1419 2062 1584 2122 domi
1613 2063 1932 2137 fortunam,
1979 2060 2200 2133 omnia,
2246 2076 2328 2121 ne

362 2145 427 2204 id
469 2146 671 2218 fieret,
728 2144 1326 2221 Carthaginiensibus
1369 2146 1448 2207 de
1497 2145 1796 2207 industria
1839 2144 2192 2221 agentibus,
2249 2146 2328 2203 ad

364 2244 507 2289 sese
536 2228 841 2305 perduxit.

530 2313 740 2373 XXXI.
806 2311 1154 2374 Hasdrubal
1185 2321 1314 2374 tum
1345 2314 1526 2387 forte,
1571 2328 1708 2374 cum
1748 2312 1903 2373 haec
1943 2314 2329 2389 gerebantur,

366 2397 534 2473 apud
563 2395 915 2475 Syphacem
959 2404 1119 2468 erat;
1165 2397 1269 2473 qui
1308 2396 1634 2471 Numidae,
1677 2396 1846 2457 haud
1881 2412 2037 2457 sane
2073 2400 2330 2459 multum

364 2481 445 2542 ad
474 2496 544 2542 se
573 2480 878 2557 pertinere
908 2480 1197 2553 credenti,
1227 2485 1428 2542 utrum
1457 2496 1652 2556 penes
1680 2480 2062 2541 Lacumazen
2092 2497 2169 2541 an
2197 2481 2330 2541 Ma·

364 2564 654 2627 sinissam
680 2580 935 2639 regnum
947 2564 1384 2627 Maesuliorum
1413 2570 1595 2636 esset,
1631 2563 1756 2625 falli
1784 2580 1923 2625 eum
1951 2580 2328 2640 magnopere

364 2648 478 2720 ait,
524 2650 577 2708 si
604 2647 1001 2709 Masinissam
1038 2649 1273 2709 eisdem
1303 2654 1650 2709 contentum
1679 2649 1813 2709 fore
1843 2647 2064 2724 quibus
2095 2656 2329 2723 patrem

366 2730 575 2791 Galam
606 2738 709 2793 aut
729 2738 1008 2808 patruum
1036 2731 1171 2793 eius
1189 2730 1508 2792 Oesalcem
1536 2733 1776 2793 credatz
1819 2732 2005 2793 multo
2035 2732 2325 2792 maiorem

366 2816 633 2875 indolem
664 2816 725 2875 in
756 2831 831 2877 eo
872 2813 1056 2877 animi
1096 2814 1450 2892 ingeniique
1487 2831 1630 2877 esse
1659 2832 1840 2891 quam
1872 2816 1932 2875 in
1973 2816 2097 2877 ullo
2127 2817 2326 2891 gentis

364 2899 496 2960 eius
530 2914 821 2977 umquam
843 2900 1079 2960 fuisset.
1145 2915 1336 2975 saepe
1365 2899 1592 2960 eumin
1619 2899 1918 2975 Hispania
1955 2916 2131 2961 rarae
2175 2901 2318 2959 inter

366 2983 647 3045 homines
670 2984 908 3045 virtutis
932 2983 1243 3059 specimen
1272 2983 1524 3043 dedisse
1551 2984 1740 3045 sociis
1767 2984 1994 3059 pariter
2013 2984 2322 3045 hostibus·

370 3083 506 3143 que.
554 3073 615 3127 et
634 3066 986 3144 Syphacem
1016 3073 1078 3128 et
1106 3067 1652 3142 CarthaginienseS,
1691 3067 1808 3127 nisi
1839 3067 2132 3129 orientem
2159 3068 2326 3128 illum

367 3151 567 3227 ignem
598 3151 1078 3229 oppressissent,
1113 3150 1340 3226 ingenti
1363 3166 1508 3211 mox
1541 3151 1846 3225 incendio,
1877 3166 2014 3211 cum
2042 3152 2160 3212 iam
2193 3154 2325 3212 nul·

367 3237 485 3297 lam
516 3250 701 3313 opem
728 3237 889 3297 ferre
911 3243 1186 3313 possent,
1218 3250 1503 3297 arsuros=
1549 3236 1752 3297 adhuc
1777 3242 2024 3297 teneras
2050 3240 2114 3295 et
2142 3235 2325 3309 fragi-

364 3320 456 3381 lcs
492 3320 655 3381 vires
700 3321 831 3381 eius
862 3335 1033 3394 esse,
1078 3320 1330 3380 vixdum
1361 3321 1720 3381 coalescens
1751 3319 2015 3379 foventis
2049 3334 2326 3395 regnum.

364 3404 649 3465 instando
694 3404 1187 3479 stimulandoque
1231 3405 1558 3479 pervincit,
1596 3410 1664 3464 ut
1693 3403 2028 3477 exercitum
2057 3402 2138 3463 ad
2165 3402 2327 3463 fines

364 3488 795 3552 Maesuliorum
827 3490 1170 3565 admoveat,
1202 3495 1387 3563 atque
1415 3488 1476 3548 in
1507 3504 1672 3564 agro,
1704 3488 1782 3548 de
1813 3503 1935 3564 quo
1969 3502 2160 3561 saepe
2189 3501 2328 3547 cum
