2550 3959
554 201 786 263 LIBER
810 201 993 261 XXX.
1039 200 1206 261 GAP.
1239 208 1324 263 17.
1361 210 1442 264 18.
1487 208 1560 275 [a.
1593 208 1658 260 C.
1691 208 1818 275 203]
1847 258 1852 264 ,
2041 202 2170 267 339

210 352 788 430 Carthaginiensium
828 352 1166 426 exereitus,
1208 352 1516 413 devictum
1546 362 1605 415 et
1631 363 1874 431 captum
1903 356 2165 432 ingentis
2202 360 2207 363 ’

208 438 467 500 nominis
493 452 704 513 'regem
719 483 736 511 ,
776 436 1119 497 Numidiam
1144 451 1390 497 munem
1429 438 1678 513 egregia
1702 440 1960 501 victoria
1985 457 2167 519 pera<

206 534 433 600 gratam
448 568 467 596 ‚
508 520 756 583 tacitum
799 520 1111 581 continere
1149 520 1443 596 gaudium
1479 536 1607 582 non
1647 530 1964 600 poterant,
2018 525 2164 601 quin

208 605 573 668 clamen-ibus
615 604 961 681 quibusque
994 603 1133 664 aliis
1176 604 1497 666 multitudo
1541 608 1702 668 solet
1727 607 2015 667 laetitiam
2054 609 2166 668 im·

206 690 507 751 modicam
544 688 979 763 significarent.
1056 688 1262 763 itaque
1304 696 1556 765 praetor
1593 692 1900 767 extemplo
1955 691 2165 767 edixit,

206 775 289 835 uti
320 773 545 834 aeditui
574 773 765 833 aedes
787 784 1007 833 'sacras
1034 778 1165 831 tota
1190 772 1347 833 urbe
1373 774 1700 849 aperirent,
1746 775 2162 837 circumeundi

206 856 629 933 salutandique
669 856 825 917 deos
871 855 1219 931 agendique
1246 863 1453 930 grates
1481 872 1597 932 per
1623 864 1814 918 totum
1843 860 2004 919 diem
2050 876 2163 936 po-

209 942 349 1017 pulo
393 947 671 1017 potestas
714 940 906 999 fieret.
978 945 1231 1015 postero
1272 938 1376 1000 die
1415 942 1654 1015 legatos
1691 940 2062 1004 Masinissae
2101 944 2163 1003 in

203 1031 480 1086 senatum
508 1022 861 1084 introduxit.
926 1022 1205 1097 gratulati
1230 1022 1494 1099 primum
1524 1026 1762 1085 senatui
1791 1032 1949 1101 sunt,
1994 1027 2166 1103 quod

200 1107 263 1168 P.
278 1108 487 1183 Scipio
517 1121 819 1182 prospere
846 1120 948 1165 res
978 1106 1038 1165 in
1065 1107 1277 1167 Africa
1303 1108 1636 1183 gessisset3
1683 1109 1908 1169 deinde
1935 1111 2167 1184 gratias

203 1197 484 1267 egerunt,
530 1189 698 1266 quod
726 1189 1119 1250 Masinissa-m
1160 1206 1285 1250 non
1325 1191 1710 1267 appellasset
1734 1194 1922 1253 modo
1953 1209 2164 1270 regent

202 1277 315 1336 sed
342 1274 598 1335 fecisset
622 1273 1001 1334 restituendo
1030 1274 1093 1333 in
1115 1281 1438 1350 paternum
1464 1290 1739 1351 regnum,
1769 1276 1834 1336 in
1865 1292 1986 1351 quo
2017 1284 2157 1353 pos!

201 1358 553 1437 Syphacem
593 1356 929 1431 sublatum,
990 1357 1044 1417 si
1083 1357 1167 1419 ita
1207 1358 1486 1434 patribus
1529 1360 1732 1421 visum
1773 1368 1972 1436 esset,
2029 1360 2166 1421 sine

202 1450 363 1505 metu
392 1449 452 1503 et
480 1442 808 1503 certamine
826 1447 1004 1502 esset
1028 1447 1413 1517 regnaturus,
1445 1442 1588 1503 dein
1617 1444 2026 1505 collaudatum
2049 1461 2165 1521 pro

200 1528 483 1589 contione
510 1525 905 1602 amplissimis
935 1524 1300 1587 decorasset
1322 1528 1678 1599 honoribus;
1719 1528 1931 1603 quibus
1957 1544 2034 1589 ne
2060 1532 2164 1589 in-

198 1613 591 1687 timus-esset
614 1614 674 1670 et
700 1610 933 1670 dedisse
975 1623 1227 1684 operam
1254 1608 1649 1670 Masinissam
1681 1617 1741 1670 et
1767 1626 1955 1687 porro
1986 1612 2168 1674 datu·

197 1707 329 1755 rum
370 1708 534 1755 esse.
604 1698 811 1769 petere
848 1698 915 1767 ut
951 1692 1189 1767 regium
1226 1709 1452 1754 nomen
1495 1700 1825 1770 ceteraque
1854 1693 2165 1771 Scipionis

196 1778 497 1839 beneficia
534 1784 594 1837 et
632 1790 887 1837 munera
928 1782 1180 1837 senatus
1224 1777 1475 1837 decreto
1521 1777 1939 1838 confirmaret:
1981 1786 2045 1839 et
2083 1780 2164 1839 ad

197 1863 383 1937 haec,
426 1861 547 1923 nisi
574 1861 901 1921 molestum
930 1866 1127 1935 esset,
1172 1860 1322 1920 illud
1354 1876 1604 1937 quoque
1631 1867 1848 1937 petere
1875 1862 2164 1923 Masinis-

197 1963 346 2022 sam,
374 1952 442 2007 ut
466 1945 759 2007 Numidas
790 1943 1091 2019 captivos,
1127 1944 1232 2020 qui
1261 1945 1499 2006 Romae
1526 1945 1588 2005 in
1619 1945 1904 2006 custodia
1933 1954 2167 2020 essent,

196 2031 595 2091 remitterente
626 2028 689 2089 id
712 2026 830 2089 sibi
860 2028 1129 2104 amplum
1149 2029 1318 2104 apud
1341 2029 1676 2104 populares
1699 2030 1966 2091 futurum
1998 2046 2167 2093 esse.

194 2114 275 2174 ad
327 2130 403 2174 ea
441 2128 813 2190 responsum
852 2112 1101 2188 legatis=
1166 2126 1368 2173 rerum
1409 2120 1720 2189 gestarum
1761 2129 2063 2191 prospere
2101 2114 2168 2177 in

192 2194 406 2256 Africa
433 2211 815 2257 communem
844 2195 963 2255 sibi
985 2210 1123 2255 cum
1152 2210 1300 2270 rege
1325 2197 1794 2271 gratulationem
1822 2212 1996 2269 esse3
2023 2198 2164 2259 ‘Sei-

195 2278 441 2355 pionem
460 2286 626 2339 reete
648 2286 832 2354 atque
860 2276 1076 2339 ordine
1100 2277 1296 2338 videri
1315 2278 1562 2351 fecisse,
1597 2280 1765 2355 quod
1796 2294 1934 2341 eum
1955 2295 2166 2357 regem

193 2362 625 2439 appellaverit,
668 2368 731 2421 et
759 2359 1061 2437 quidquid
1103 2360 1268 2422 aliud
1297 2362 1540 2438 fecerit,
1586 2364 1754 2437 quod
1795 2364 1967 2423 cordi
2008 2366 2168 2425 ibret

192 2447 595 2523 Masinissae,
650 2446 716 2505 id
756 2450 965 2521 patres
1004 2445 1412 2520 comprobare
1453 2462 1528 2506 ae
1566 2447 1840 2507 laudare.
1915 2462 2166 2509 munera

195 2546 356 2608 quae
384 2529 567 2607 legati
594 2529 819 2589 ferrent
838 2529 987 2604 regi,
1020 2528 1426 2591 decreverunt
1454 2530 1670 2605 sagula
1695 2543 2006 2607 purpurea
2034 2532 2160 2593 duo

194 2631 334 2675 cum
363 2612 569 2676 fibulis
597 2612 859 2688 singulis
888 2618 949 2673 et
976 2613 1099 2673 lato
1130 2613 1310 2674 clavo
1339 2612 1580 2687 tunium,
1625 2628 1825 2689 equos
1859 2614 1981 2674 duo
2011 2614 2166 2691 pha·

192 2701 454 2774 leratos,
502 2697 650 2759 bina
676 2694 987 2771 equestria
1014 2712 1183 2757 arma
1212 2712 1352 2757 cum
1380 2696 1589 2758 loricis
1606 2742 1624 2773 ,
1663 2703 1730 2759 et
1769 2697 2166 2760 tabernacula

190 2783 637 2857 militaremque
662 2780 1125 2857 supellectilem,
1168 2782 1412 2857 qualem
1448 2780 1732 2859 praeberi
1759 2782 1999 2842 consuli
2027 2798 2165 2844 mos

191 2875 380 2930 esset.
443 2866 600 2927 haec
626 2864 757 2941 regi
788 2870 1034 2941 praetor
1058 2864 1296 2927 mittere
1322 2865 1552 2927 iussus.
1616 2865 1834 2942 legatis
1864 2865 1924 2925 in
1954 2865 2164 2943 singu·

190 2954 291 3013 los
322 2952 487 3013 dona
514 2966 595 3011 ne
632 2948 837 3010 utlnus
867 2949 1119 3035 quinum
1145 2948 1406 3024 milium,
1451 2948 1776 3011 comitibus
1816 2964 2028 3011 eorum
2051 2950 2166 3011 mi·

192 3036 340 3096 lium
366 3034 529 3097 aeris
544 3081 559 3109 ,
603 3040 667 3096 et
694 3033 1053 3095 vestimenta
1088 3031 1235 3094 bina
1261 3032 1480 3110 legatis
1496 3080 1512 3109 ,
1555 3034 1800 3109 sing-ula
1839 3034 2163 3097 comitibus

190 3118 597 3193 Numidisque
636 3118 742 3196 qui
782 3132 863 3179 ex
890 3115 1175 3178 custodia
1214 3117 1426 3179 emissi
1451 3118 1854 3179 redderentur
1878 3116 2009 3193 regi
2023 3140 2042 3174 ε
2081 3118 2164 3179 ad

190 3203 316 3265 hoc
343 3204 534 3264 aedes
561 3201 791 3265 liberae
817 3202 956 3263 loca
983 3200 1168 3261 lautia
1195 3201 1413 3277 legatis
1443 3202 1708 3263 decreta.

362 3285 579 3348 XVIII.
630 3286 863 3347 Eadem
902 3290 1167 3357 testate,
1216 3301 1340 3361 qua
1378 3286 1533 3347 haee
1568 3284 1816 3347 decreta
1843 3286 2077 3347 Romae
2103 3294 2165 3347 et

193 3370 257 3431 in
308 3369 525 3431 Africa
568 3375 745 3445 gesta
790 3376 964 3449 sunt„
1028 3368 1093 3428 P.
1146 3367 1504 3444 Quinctilius
1553 3368 1759 3431 Varus
1809 3375 2056 3445 praetor
2103 3376 2164 3431 et

190 3454 258 3517 Μ
309 3453 630 3517 cornelius
670 3454 1005 3530 proconsul
1044 3453 1106 3513 in
1150 3468 1302 3529 agro
1329 3451 1654 3517 Insubrum
1684 3454 1993 3517 Gallorum
2023 3469 2163 3515 cum

1641 3540 1756 3601 22*
