2550 3959
576 168 807 232 LIBER
833 169 1073 230 xxvn.
1117 169 1281 236 cAP.
1308 177 1396 234 47.
1427 179 1514 234 48.
1557 178 1632 247 [μ.
1663 177 1728 232 c.
1757 177 1881 246 ποτ]
2077 168 2205 234 215

246 340 433 400 gnum
456 328 635 384 canat
659 321 721 380 in
745 322 983 382 castris.
1026 339 1103 382 ea
1124 338 1261 384 cum
1291 322 1507 383 ordine
1536 323 1740 385 omnia
1768 328 1980 384 essent
1996 323 2206 398 relata,

248 413 451 468 castra
490 406 638 466 nihil
682 411 861 466 aucta
901 420 1169 466 errorem
1209 406 1532 466 faciebant.
1616 405 1762 466 bina
1801 411 2002 482 erant,
2048 405 2206 468 sicut

246 497 391 552 ante
418 489 745 550 adventum
775 488 1045 550 consulis
1076 490 1326 552 alterius
1356 491 1612 563 fuerant,
1651 505 1778 550 una
1799 489 1882 550 M.
1903 489 2081 564 Livii,
2117 489 2204 550 al·

246 583 381 636 tera
404 573 472 632 L.
500 572 727 644 Porcii;
782 573 1013 632 neutris
1046 573 1422 650 quicquam‚-
1451 589 1574 649 quo
1613 574 1792 634 latius
1833 573 2205 649 tenderetur,

246 657 331 718 ad
358 656 729 720 munimenta
752 655 1075 718 adiectum.
1133 657 1284 720 illud
1309 663 1578 718 veterem
1606 656 1826 716 ducem
1854 657 2204 718 adsuetum-

248 756 373 818 que
398 741 675 801 Romano
704 740 865 800 hosti
894 740 1099 813 movit,
1133 741 1300 819 quod
1328 740 1520 802 semel
1547 741 1608 800 in
1631 740 1956 818 praetoriis
1987 741 2204 801 castris

246 825 518 900 signum,
559 822 656 883 bis
698 823 758 882 in
788 823 1217 892 consularibus
1254 824 1603 885 referebant
1641 825 1960 889 cecinisse.
2035 825 2206 886 ambo

241 908 517 987 profecto
542 909 809 970 cannales
844 925 1001 984 esse,
1042 913 1106 968 et
1148 922 1416 984 quonam
1454 907 1639 968 modo
1682 908 1836 968 alter
1875 909 1953 968 ab
1981 908 2206 968 Hanni·

248 992 387 1052 bale
420 989 862 1068 abscessisset,
905 1006 1051 1052 cura
1090 991 1370 1068 angebat.
1436 991 1682 1050 minime
1707 991 1800 1064 id,
1847 992 2018 1070 quod
2059 998 2205 1066 erat,

246 1075 552 1150 suspicari
578 1080 834 1152 poterat,
884 1080 1087 1142 tantae
1111 1074 1202 1136 rei
1231 1074 1620 1134 frustratione
1646 1073 2046 1134 Hannibalem
2079 1075 2205 1135 elu-

246 1174 413 1234 sum,
453 1165 548 1231 ut,
606 1158 712 1220 ubi
754 1157 878 1218 dux
919 1157 1024 1219 ubi
1066 1159 1370 1222 exercitus
1411 1164 1608 1232 esset,
1662 1172 1800 1218 cum
1840 1173 1962 1234 quo
2006 1166 2207 1218 castra

246 1242 471 1303 collata
496 1240 791 1316 habuerit,
830 1241 1156 1318 ignoraret,-
1221 1242 1500 1318 profecto
1523 1240 1691 1305 haud
1711 1241 2008 1302 mediocri
2031 1241 2207 1304 clade

246 1323 635 1388 absterritum
662 1324 907 1402 insequi
934 1341 1061 1386 non
1090 1341 1330 1390 ausum.
1393 1340 1618 1400 magno
1649 1339 1841 1402 opere
1867 1323 2084 1400 vereri,
2128 1340 2207 1385 ne

248 1408 501 1485 perditis
528 1408 715 1470 rebus
744 1424 947 1478 serum
977 1408 1113 1486 ipse
1140 1409 1432 1474 auxilium
1459 1408 1748 1484 venisset,
1787 1407 2206 1482 Romanisque

246 1491 464 1552 eadem
493 1491 613 1554 iam
642 1493 883 1552 fortuna
908 1491 971 1552 in
998 1492 1170 1557 ltalia
1200 1508 1362 1569 quae
1389 1491 1450 1554 in
1470 1491 1768 1570 Hispania
1797 1498 1981 1553 esset.
2025 1491 2205 1552 inter-

248 1576 395 1636 dum
422 1575 654 1638 litteras
681 1591 831 1636 suas
860 1576 943 1650 ad
983 1591 1123 1638 eum
1150 1593 1272 1639 non
1303 1575 1664 1654 pervenisse
1693 1576 1974 1650 credere,
2024 1576 2206 1635 inter·
2295 1599 2297 1602 ⁴

247 1659 569 1736 ceptisque
591 1661 667 1721 iis
690 1661 1005 1720 consulem
1024 1660 1106 1721 ad
1129 1675 1275 1722 sese
1304 1660 1774 1736 opprimendum
1801 1659 2206 1719 accelerasse.

248 1744 343 1803 his
368 1741 589 1804 anxius
608 1743 771 1804 curis
796 1742 1113 1804 exstinctis
1136 1742 1378 1816 ignibus
1396 1741 1604 1818 vigilia
1623 1742 1822 1818 prima
1843 1741 1986 1803 dato
2009 1742 2206 1818 signe,

246 1833 313 1888 ut
339 1825 505 1888 taciti
526 1841 679 1888 vasa
701 1825 1073 1902 colligerent,
1105 1825 1284 1904 sig-na
1304 1825 1446 1886 ferri
1471 1825 1671 1886 iussit.
1716 1824 1778 1884 in
1799 1825 2208 1902 trepidatione

247 1916 312 1970 et
338 1917 634 1970 nocturno
664 1910 921 1971 tumultu
950 1908 1140 1972 duces
1170 1925 1392 1987 parum
1420 1909 1648 1973 intente
1675 1908 2014 1985 adservati,
2057 1910 2206 1970 alter

248 1993 307 2054 in
352 1993 669 2055 destinatis
709 1992 828 2054 iam
868 1999 1011 2054 ante
1050 1993 1251 2056 animo
1283 1993 1533 2056 latebris
1563 1984 1871 2066 subsedit,
1919 1994 2068 2054 alter
2096 2009 2208 2070 per

248 2078 411 2138 vada
438 2084 585 2138 nota
600 2076 938 2140 Metaurum
967 2077 1195 2140 flumen
1221 2078 1503 2138 tranavit.
1547 2077 1632 2139 ita
1652 2077 1961 2140 desertum
1989 2076 2065 2136 ab
2096 2077 2208 2142 du-

248 2162 425 2224 cibus
466 2177 681 2238 agmen
727 2162 922 2238 primo
962 2177 1079 2240 per
1116 2177 1304 2238 agros
1345 2163 1620 2239 palatum
1662 2161 1936 2239 fessique
1977 2161 2211 2238 aliquot

249 2259 469 2306 somno
510 2259 586 2305 ac
626 2244 849 2320 vigiliis
892 2251 1169 2316 sternunt
1207 2260 1473 2320 corpora
1513 2245 1749 2322 passim
1801 2252 1988 2322 atque
2027 2245 2210 2306 inire·

255 2328 499 2404 quentia
518 2328 872 2406 relinquunt
892 2330 1087 2404 signa.
1126 2328 1494 2404 Hasdrubal,
1525 2329 1670 2389 dum
1691 2329 1798 2389 lux
1817 2329 1981 2392 viam
2005 2336 2207 2392 osten·

249 2412 439 2487 deret,
468 2411 689 2473 lentius
712 2412 889 2490 signa
909 2415 1069 2475 ferre
1088 2411 1258 2474 iubet
1272 2435 1288 2468 ε
1320 2419 1381 2473 et
1397 2427 1511 2489 per
1531 2412 1795 2473 tortuosi
1817 2414 2012 2473 amnis
2035 2414 2209 2474 sinus

246 2495 581 2572 flexusque
610 2510 748 2558 cum
788 2512 1057 2558 errorem
1083 2497 1346 2558 volvens
1374 2494 1545 2556 haud
1569 2495 1823 2555 multum
1864 2490 2210 2570 processis-

244 2585 362 2654 set,
392 2579 496 2639 ubi
518 2579 713 2656 prima
742 2582 849 2642 lux
871 2582 1188 2644 transitum
1218 2586 1632 2658 opportunum
1659 2580 2050 2652 ostendisset,
2081 2584 2212 2639 erat

244 2662 630 2726 transiturus.
696 2665 809 2726 sed
839 2679 1005 2740 cum,
1052 2671 1344 2740 quantum
1383 2679 1552 2724 mare
1595 2661 1998 2735 abscedebat,
2041 2669 2210 2724 tanto

246 2746 566 2808 altioribus
610 2748 1033 2811 coercentibus
1074 2765 1317 2832 amnem
1354 2746 1508 2826 ripis
1537 2764 1662 2808 non
1702 2746 2006 2807 inveniret
2029 2746 2209 2821 vada,
2263 2787 2272 2797 „

248 2830 410 2892 diem
440 2831 694 2896 terendo
725 2832 990 2907 spatium
1022 2831 1191 2897 dedit
1216 2833 1300 2894 ad
1325 2830 1773 2908 insequendum
1801 2846 1946 2892 sese
1973 2829 2158 2892 hosti.

418 2913 681 2981 XLVII-I.
744 2915 903 2978 Nero
945 2915 1205 2992 primum
1246 2932 1388 2981 cum
1428 2917 1593 2976 omni
1629 2915 1904 2992 equitatu
1945 2913 2210 2987 advenit,

242 2997 499 3059 Porcius
543 2998 768 3065 deinde
808 2999 1141 3068 adsecutus
1182 3015 1322 3066 cum
1341 2997 1483 3068 ‚levi
1526 3008 1850 3062 armatura.
1929 2998 2032 3075 qui
2074 3013 2213 3060 cum

244 3082 483 3142 fessum
523 3098 741 3158 agmen
784 3090 1106 3160 carperent
1145 3085 1226 3144 ab
1266 3083 1433 3146 omni
1473 3090 1650 3160 parte
1685 3084 2212 3156 incursarentque,

243 3171 311 3225 et
335 3165 459 3226 iam
488 3168 720 3228 omisso
750 3167 983 3242 itinere,
1030 3168 1197 3242 quod
1228 3168 1409 3244 fugae
1440 3166 1637 3228 simile
1667 3173 1814 3241 erat,
1860 3171 2062 3224 castra
2087 3179 2212 3223 me-

242 3248 364 3309 tari
386 3249 631 3312 Poenus
660 3251 722 3312 in
753 3252 982 3312 tumulo
1006 3266 1195 3328 super
1214 3249 1485 3312 fluminis
1514 3251 1713 3326 ripam
1735 3249 1936 3322 vellet,
1965 3245 2217 3308 advenit

240 3332 457 3394 Livius
488 3333 761 3410 peditum
791 3333 1071 3396 omnibus
1096 3334 1294 3410 copiis
1325 3350 1450 3396 non
1478 3332 1708 3396 itineris
1737 3332 1943 3404 modo,
1990 3331 2107 3392 sed
2135 3329 2218 3390 ad

242 3418 699 3479 conserendum
750 3419 1058 3494 extemplo
1110 3417 1412 3494 proelium
1461 3415 1774 3476 instructis
1825 3415 2199 3492 armatisque
