2550 3959
574 226 801 295 LIBER
830 231 1043 295 XXVI.
1088 232 1251 294 CAP.
1281 241 1369 297 45.
1398 242 1484 299 46.
1531 242 1606 309 [a.
1636 241 1700 295 c.
1729 242 1855 311 210]
2069 236 2193 301 153

226 383 505 461 receptui
535 383 742 446 datum
783 391 911 455 est3
954 384 1124 461 quod
1152 401 1330 462 spem
1357 402 1482 447 non
1509 389 1854 464 praesentis
1884 388 2070 450 modo
2112 386 2193 451 ab

225 475 393 529 tanto
439 466 771 529 certamIne
812 484 888 529 ae
916 469 1129 531 labore
1160 469 1381 546 quietis
1427 468 1706 533 obsessis
1751 470 1865 533 sed
1905 472 2087 533 etiam
2127 472 2189 535 in

226 558 541 630 posterum
590 552 786 627 dedit,
828 552 1014 614 scalis
1059 559 1119 613 et
1146 568 1378 616 corona
1405 554 1544 631 capi
1583 554 1795 616 urbem
1823 572 1946 633 non
1976 572 2189 633 posse,

228 652 421 713 opera
445 642 507 696 et
530 635 801 697 difficilia
823 652 967 699 esse
991 644 1051 697 et
1069 644 1310 714 tempus
1328 638 1544 701 datura
1565 640 1647 701 ad
1669 638 1982 699 ferendam
2007 654 2192 717 opem

228 719 701 797 imperatoribus
731 720 882 781 suis.

268 860 273 865 .
395 804 521 864 Vix
561 803 731 879 prior
772 804 1059 875 tumultus
1110 805 1515 880 conticuerat,
1555 820 1692 869 cum
1722 804 1931 883 Scipio
1955 805 2052 867 'ab
2085 806 2190 867 de-

226 887 414 949 fessis
455 887 577 947 iam
609 887 1062 965 vulneratisque
1088 896 1371 951 recentes
1414 890 1810 965 integrosque
1837 889 1994 952 aIIos
2033 892 2191 952 acci—

226 986 377 1049 pere
401 971 605 1033 scalas
635 971 801 1033 iubet
828 978 890 1035 et
920 972 978 1031 vi
1006 972 1237 1033 maiore
1266 973 1520 1048 adgredi
1547 973 1778 1034 urbem.
1843 974 1999 1050 ipse,
2039 980 2108 1037 ut
2136 974 2194 1035 ei

226 1055 564 1118 nuntiatum
594 1062 689 1116 est
715 1062 955 1119 aestum
985 1056 1307 1133 decedere,
1353 1057 1521 1133 quod
1548 1072 1662 1133 per
1682 1058 2024 1133 piscatores
2046 1058 2190 1119 Tar-

224 1154 605 1200 raconenses
634 1155 796 1201 nunc
823 1139 1063 1201 levibus
1093 1140 1349 1214 cumbis,
1393 1155 1570 1216 nunc,
1619 1140 1724 1201 ubi
1765 1156 1876 1201 eae
1904 1141 2196 1217 siderent,

226 1222 409 1284 vadis
436 1229 809 1299 pervagatos
841 1232 1152 1301 stagnum,
1197 1231 1575 1301 compertum
1613 1223 1907 1301 habebat,
1955 1225 2194 1287 facilem

225 1306 495 1384 pedibus
544 1307 625 1367 ad
676 1324 915 1371 murum
952 1309 1272 1369 transitum
1317 1308 1480 1381 dari,
1535 1324 1610 1369 eo
1663 1323 1876 1369 secum
1926 1315 2195 1371 armatos

226 1390 597 1469 quingentos
628 1392 823 1453 duxit.
862 1392 1127 1455 medium
1161 1393 1352 1453 ferme
1381 1392 1502 1452 diei
1533 1398 1680 1466 erat,
1713 1400 1773 1454 et
1800 1392 1881 1452 ad
1907 1392 1990 1468 id,
2023 1392 2192 1469 quod

226 1491 340 1535 sua
370 1481 595 1552 sponte
636 1477 894 1537 cedente
935 1476 995 1535 in
1023 1492 1191 1537 mare
1234 1483 1412 1538 aestu
1440 1476 1788 1539 trahebatur
1814 1492 2007 1551 aqua,
2051 1490 2194 1537 acer

226 1558 407 1621 etiam
448 1561 803 1635 septemtrio
846 1568 1014 1622 ortus
1056 1560 1409 1623 inclinatum
1439 1567 1720 1636 stagnum
1765 1560 2014 1633 eodem,
2069 1575 2192 1637 quo

226 1648 439 1705 aestus
472 1643 732 1718 ferebat,
776 1649 839 1705 et
866 1645 1024 1706 adeo
1054 1644 1393 1705 nudaverat
1419 1646 1599 1719 vada,
1639 1649 1705 1704 ut
1734 1643 1876 1705 alibi
1906 1644 2196 1705 umbilico

226 1734 407 1787 tenus
436 1743 602 1803 aqua
633 1734 819 1801 esset,
852 1727 995 1788 alibi
1024 1744 1225 1804 genua
1252 1730 1359 1788 vix
1387 1733 1724 1805 superaret.
1792 1726 1913 1787 hoc
1943 1741 2092 1788 cura
2120 1742 2194 1787 ae

226 1810 465 1873 ratione
508 1818 890 1889 compertum
916 1812 977 1872 in
1009 1811 1356 1889 prodigium
1397 1827 1471 1873 ac
1500 1812 1654 1872 deos
1685 1817 1931 1871 vertens
1959 1808 2192 1887 Scipio,

227 1895 333 1969 qui
362 1894 444 1955 ad
470 1895 791 1958 transitum
805 1896 1101 1957 Romanis
1124 1911 1296 1957 mare
1321 1900 1629 1956 verterent
1659 1900 1718 1955 et
1745 1900 1964 1971 stagna
1991 1894 2190 1956 aufer-

224 1985 380 2053 rent,
424 1978 687 2055 viasque
717 1985 857 2040 ante
885 1995 1218 2055 numquam
1245 1979 1425 2041 initas
1454 1978 1718 2041 humano
1758 1978 2018 2055 vestigio
2047 1994 2192 2055 ape·

225 2061 448 2136 rirent,
492 2062 843 2140 Neptunum
870 2063 1122 2126 iubebat
1151 2064 1370 2125 ducem
1410 2063 1643 2126 itineris
1675 2063 1855 2139 sequi
1886 2078 1961 2124 ac
1989 2063 2193 2125 medio

226 2153 449 2222 stagno
488 2147 755 2207 evadere
782 2148 864 2208 ad
892 2146 1152 2209 moenia.
1222 2148 1430 2209 XLVI.
1477 2146 1551 2208 ab
1582 2153 1745 2208 terra
1773 2146 1992 2224 ingens
2019 2146 2194 2207 labor

228 2230 706 2293 succedentibus
750 2236 909 2303 erat,
957 2247 1075 2293 nec
1114 2231 1428 2293 altitudine
1468 2237 1701 2292 tantum
1742 2230 2048 2291 moenium
2083 2230 2192 2289 im-

224 2311 649 2390 pediebantur,
681 2315 797 2375 sed
822 2315 990 2391 quod
1017 2322 1233 2378 euntes
1264 2315 1347 2375 ad
1375 2314 1676 2391 ancipites
1703 2314 2008 2391 utrimque
2034 2312 2191 2374 ictus

224 2396 541 2459 subiectos
585 2396 893 2460 habebant
930 2398 1273 2473 RomanoS,
1343 2404 1408 2459 ut
1448 2399 1641 2458 latera
1688 2399 2014 2459 infestiora·
2049 2398 2192 2458 sub·

224 2479 509 2541 euntibus
554 2497 737 2559 quam
779 2482 1043 2543 adversa
1084 2498 1349 2559 corpora
1389 2488 1618 2543 essent.
1683 2487 1744 2541 at
1770 2488 1942 2557 parte
1970 2480 2029 2539 in
2073 2481 2194 2540 alia

225 2565 576 2641 quingentis
620 2571 679 2625 et
718 2580 832 2641 per
872 2573 1153 2641 stagnum
1194 2564 1390 2627 facilis
1430 2564 1720 2626 transitus
1764 2572 1823 2625 et
1861 2564 1922 2624 in
1951 2579 2192 2624 murum

223 2662 527 2709 ascensus
568 2648 713 2709 inde
754 2649 897 2711 suita
939 2666 1080 2711 nam
1109 2665 1311 2727 neque
1353 2664 1544 2727 opere
1583 2649 1886 2709 emunitus
1927 2653 2086 2723 erat,
2127 2654 2192 2710 ut

222 2729 331 2792 ubi
374 2732 570 2808 ipsius
616 2731 737 2793 loci
784 2748 859 2795 ac
901 2736 1099 2809 stagni
1139 2734 1454 2810 praesidio
1485 2732 1636 2795 satis
1680 2732 1974 2793 creditum
2001 2732 2189 2801 toret3

223 2828 342 2875 nec
375 2816 499 2877 ulla
537 2823 904 2877 armatorum
942 2817 1121 2880 statio
1167 2824 1267 2879 aut
1298 2816 1579 2879 custodia
1619 2814 1908 2893 opposita
1947 2812 2191 2875 intentis

224 2898 513 2962 omnibus
544 2899 624 2960 ad
653 2916 836 2977 opem
865 2916 941 2962 eo
972 2901 1304 2975 serendam,
1343 2901 1509 2961 unde
1537 2901 1876 2977 periculum
1905 2898 2190 2961 ostende-

220 2980 419 3044 batur.
480 2982 588 3044 ubi
617 2983 830 3045 urbem
861 2984 994 3045 sine
1024 2985 1353 3046 certamine
1383 2985 1718 3057 intravere,
1761 2989 2020 3060 pergunt
2045 2981 2192 3042 inde

223 3072 457 3141 quanto
480 3067 747 3127 maximo
772 3082 959 3129 cursu
981 3075 1262 3144 poterant
1283 3068 1365 3129 ad
1388 3085 1523 3130 eam
1545 3077 1801 3145 portam,
1829 3066 1992 3127 eirca
2006 3082 2190 3142 quam

220 3164 407 3220 omne
446 3156 820 3213 contractum
863 3157 1167 3212 certamen
1224 3157 1372 3211 erat.
1449 3151 1511 3212 in
1558 3151 1925 3228 quod-adeo
1981 3149 2190 3211 intenti

221 3231 495 3294 omnium
538 3249 661 3294 non
704 3233 889 3295 animi
930 3234 1129 3297 solum
1172 3235 1375 3311 fuere,
1421 3235 1536 3296 sed
1565 3234 1746 3295 etiarn
1777 3231 1937 3295 oculi
1979 3246 2190 3293 aures-

220 3330 347 3391 que
364 3316 766 3394 pugnantium
788 3317 1318 3395 spectantiumque
1347 3323 1410 3378 et
1437 3317 1886 3378 adhortantium
1909 3330 2190 3393 pugnan-

218 3406 335 3475 tes,
378 3406 445 3460 ut
472 3415 651 3463 nemo
684 3399 762 3461 ab
797 3407 969 3479 tergo
1002 3408 1141 3463 ante
1170 3400 1423 3463 sentiret
1453 3408 1693 3477 captam
1719 3400 1961 3475 urbem,
2008 3414 2190 3475 quam

217 3482 341 3545 tela
363 3482 426 3545 ln
460 3498 721 3546 aversos
750 3483 1107 3547 inciderunt.
1145 3484 1446 3563 utrimque
1473 3482 1797 3563 ancipitem
1817 3482 2058 3545 hostem
2080 3482 2157 3542 ha
2184 3516 2189 3523 -
