2550 3959
618 210 849 271 LIBER
874 210 1088 271 XXVI.
1128 212 1294 272 CAP.
1324 220 1414 275 39.
1459 220 1533 287 [a.
1557 218 1621 272 c,
1653 222 1778 289 21⁰]
2055 212 2182 280 145

206 360 430 425 animis
460 360 661 423 iustae
688 367 1127 423 concurrerunt
1156 362 1426 437 classes,
1473 364 1702 441 quippe
1733 380 1871 425 cum
1897 364 1959 425 in
1988 368 2179 431 maio-

210 447 297 509 ris
320 445 650 507 discrimen
672 444 782 518 rei,
816 461 997 521 quam
1024 445 1201 521 ipsae
1230 452 1419 520 erant,
1454 456 1822 523 pugnarent=
1851 443 2176 527 Tarentiniss

210 537 279 591 ut
299 536 665 605 recuperata
684 528 836 592 urbe
859 528 935 589 ab
949 529 1242 590 Romanis
1266 538 1412 607 post
1435 532 1829 594 centesimum
1849 548 2047 610 prope
2070 551 2178 595 an-

210 630 354 673 num
398 628 605 673 arcem
634 612 815 673 etiam
842 612 1195 688 liberarent,
1238 630 1354 689 spe
1384 624 1758 677 commeatus
1787 632 2037 694 quoque
2064 618 2177 679 ho-

212 697 445 771 stibus,
490 696 545 757 si
574 696 776 757 navali
806 697 1041 772 proelio
1071 698 1536 771 possessionem
1566 700 1749 761 maris
1779 700 2174 779 ademissent,

212 782 689 850 interclusuros3
719 780 993 852 Romani,
1027 786 1091 839 ut
1104 787 1338 841 retenta
1359 784 1762 857 possessione
1783 782 1942 845 arcis
1969 791 2174 846 osten·

214 866 435 925 derent
458 880 583 925 non
604 864 666 923 vi
697 879 771 925 ac
792 864 1031 938 virtute,
1060 865 1173 924 sed
1198 866 1547 941 proditione
1575 882 1650 927 ac
1673 868 1831 931 furto
1853 870 2176 931 Tarentum

210 949 529 1011 amissum.
573 946 780 1025 itaque
806 963 887 1009 ex
913 955 1173 1022 utraque
1204 957 1380 1025 parte
1407 950 1585 1025 signo
1699 957 1759 1013 to
1791 968 1928 1013 cum
1957 954 2174 1016 rostris

212 1031 701 1104 concurrissent,
745 1047 950 1107 neque
978 1038 1139 1091 retro
1171 1048 1392 1093 navem
1420 1034 1586 1095 inhib
1657 1041 1788 1111 ent,
1833 1052 1948 1097 nec
1976 1037 2176 1099 dirimi

210 1116 291 1177 ab
334 1131 407 1177 se
450 1116 692 1178 hostem
731 1120 1083 1192 paterentur
1119 1146 1207 1161 —-
1248 1132 1430 1191 quam
1462 1118 1598 1192 quis
1638 1118 1925 1194 indeptus
1953 1137 2175 1183 navem

214 1206 377 1275 erat,
422 1200 621 1260 ferrea
648 1199 869 1261 iniecta
900 1216 1212 1274 manu—,
1255 1200 1340 1260 ita
1368 1201 1772 1261 conserebant
1813 1218 1891 1263 ex
1923 1206 2166 1281 propin-

215 1300 343 1361 quo
376 1299 661 1360 pugnam,
706 1290 771 1343 ut
798 1299 921 1344 non
949 1282 1284 1345 missilibus
1313 1289 1560 1359 tantum,
1599 1286 1714 1346 sed
1741 1285 1966 1361 gladiis
1995 1290 2172 1349 etiam

214 1382 416 1443 prope
446 1368 675 1429 collato.
698 1368 861 1444 pede
888 1374 1201 1443 gereretur
1228 1383 1352 1428 res.
1395 1383 1620 1444 prorae
1649 1368 1804 1429 inter
1831 1385 1902 1431 se
1931 1370 2176 1436 iunctae

212 1449 575 1527 haerebant,
620 1466 864 1528 puppes
904 1452 1104 1512 alieno
1144 1451 1400 1527 remigio
1444 1451 2027 1529 circumagebantur.
2093 1457 2176 1517 ita

212 1536 277 1595 in
318 1540 453 1596 arto
482 1533 741 1611 stipatae
782 1543 955 1596 erant
982 1550 1205 1611 naves,
1248 1541 1317 1597 ut
1341 1535 1448 1596 vix
1489 1538 1674 1599 ullum
1704 1539 1890 1598 telum
1929 1539 1992 1600 in
2021 1540 2174 1601 mari

212 1635 440 1681 vanum
470 1619 887 1691 intercideret3
934 1618 1233 1679 frontibus
1256 1620 1423 1680 velut
1443 1619 1766 1696 pedestres
1797 1623 1966 1684 acies
1996 1640 2174 1700 urge-

210 1702 377 1777 bant,
408 1704 785 1779 perviaeque
807 1718 1001 1764 naves
1022 1702 1432 1779 pugnantibus
1457 1711 1647 1765 erant.
1691 1704 1950 1781 insignis
1971 1713 2175 1769 tamen

211 1786 371 1847 inter
412 1794 649 1849 ceteras
693 1804 899 1863 pugna
937 1787 1049 1847 fuit
1089 1788 1374 1859 duarum,
1439 1803 1598 1863 quae
1637 1789 1872 1864 primae
1912 1792 2174 1865 agminis

212 1878 651 1933 concurrerant
692 1872 846 1932 inter
882 1886 975 1933 se.
1050 1871 1112 1931 in
1152 1871 1432 1931 Romana
1479 1886 1639 1933 nave
1683 1873 2174 1954 ipse-Quinctius

213 1963 375 2030 erat,
418 1954 483 2016 in
509 1953 833 2017 Tarentina
858 1956 1007 2017 Nico
1023 2000 1039 2029 ‚
1084 1955 1183 2015 cui
1209 1954 1466 2017 Perconi
1496 1955 1606 2019 suit
1633 1972 1973 2032 cognomen
1989 2005 2003 2032 ,
2050 1976 2172 2026 non

211 2037 461 2116 publico
502 2040 687 2101 modo
730 2040 842 2100 sed
886 2038 1124 2115 privato
1164 2040 1348 2100 etiam
1387 2040 1532 2102 odio
1575 2042 1808 2102 invisus
1859 2050 2046 2119 atque
2085 2043 2174 2105 in-

212 2124 410 2190 restas
439 2124 753 2200 Romanis,
798 2122 968 2199 quod
999 2124 1131 2183 eius
1158 2124 1442 2187 factionis
1471 2133 1619 2201 erat,
1667 2142 1826 2202 quae
1852 2126 2174 2189 Tarentum

214 2207 541 2269 Hannibali
591 2206 965 2284 prodiderat.
1043 2206 1143 2267 hic
1182 2207 1526 2282 Quinctium
1573 2210 1752 2270 simul
1802 2220 2175 2287 pugnantem

212 2280 679 2368 hortantemque
722 2306 873 2353 suos
914 2291 1223 2353 incautum
1262 2291 1441 2352 hasta
1479 2292 1805 2369 transfigit,
1849 2301 2036 2371 atque
2075 2297 2176 2365 ille

212 2392 519 2455 praeceps
550 2391 689 2437 cum
718 2375 901 2435 armis
932 2374 1195 2452 procidit
1234 2382 1374 2435 ante
1403 2392 1668 2451 proram.
1736 2378 1932 2438 victor
1951 2380 2175 2441 Taren-

210 2460 378 2521 tinus
401 2460 463 2520 in
477 2459 775 2523 turbatam
797 2458 955 2520 duce
976 2459 1205 2520 amisso
1228 2474 1451 2519 navem
1473 2459 1728 2536 impigre
1747 2466 2174 2537 transgressus

212 2560 355 2605 cum
385 2544 827 2607 summovisset
849 2543 1062 2604 hostes
1078 2588 1095 2619 ,
1139 2549 1200 2604 et
1225 2558 1415 2619 prora
1441 2542 1564 2603 iam
1587 2544 2046 2606 Tarentinorum
2075 2561 2172 2607 es·

213 2634 342 2702 set,
388 2628 646 2705 puppim
674 2628 833 2688 male
864 2626 1212 2703 conglobati
1253 2633 1564 2689 tuerentur
1589 2628 1880 2703 Romani,
1922 2636 2176 2707 repente

211 2720 279 2774 et
315 2712 437 2772 alia
478 2729 515 2774 a
544 2727 755 2789 puppe
784 2711 1045 2773 triremis
1072 2710 1337 2773 hostium
1377 2710 1677 2787 apparuit.
1745 2712 1829 2772 ita
1867 2712 1929 2773 in
1969 2714 2173 2775 medio

211 2796 627 2857 circumventa
637 2796 915 2857 Romana
941 2795 1119 2857 navis
1148 2794 1400 2871 capitur.
1445 2794 1586 2855 hinc
1615 2795 1834 2856 ceteris
1864 2804 2060 2858 terror
2085 2798 2174 2857 in·

210 2880 431 2957 iectus,
460 2880 547 2941 uti
568 2879 936 2958 praetoriam
959 2894 1179 2941 navem
1206 2885 1444 2955 captam
1473 2878 1714 2950 videre;
1751 2880 2176 2957 fugientesque

209 2966 455 3042 passim
476 2964 631 3025 aliae
652 2963 713 3024 in
735 2965 857 3025 alto
883 2978 1139 3038 mersae,
1170 2962 1328 3023 aliae
1350 2961 1410 3023 in
1433 2970 1655 3023 terram
1675 2964 1860 3025 remis
1884 2966 2176 3042 abreptae

210 3063 362 3109 mox
391 3048 666 3126 praedae
695 3050 865 3109 fuere
890 3046 1172 3109 Thurinis
1200 3046 1782 3123 Metapontinisque.
1849 3065 1928 3109 ex
1956 3065 2188 3111 onera·-

206 3131 341 3209 riis,
388 3148 549 3209 quae
578 3148 718 3194 cum
747 3136 1087 3192 commeatu
1116 3130 1546 3206 sequebantur,
1591 3147 1940 3209 perpaucae
1971 3133 2032 3192 in
2062 3149 2174 3208 po·

208 3222 496 3278 testatem
534 3215 799 3278 hostium
842 3229 1101 3290 venere,
1141 3215 1300 3274 aliae
1343 3214 1434 3274 ad.
1464 3216 1730 3277 incertos
1771 3223 1991 3276 ventos
2031 3215 2186 3287 hinc

210 3310 399 3378 atque
438 3301 603 3363 illinc
644 3300 897 3377 obliqua
935 3298 1372 3359 transferentes
1415 3298 1554 3359 vela
1591 3298 1654 3359 in
1697 3300 1881 3359 altum
1924 3308 2189 3361 evectae·⁴

210 3391 377 3447 sunt.
442 3385 845 3461 Nequaquam
882 3382 1018 3460 pari
1059 3383 1300 3443 fortuna
1327 3396 1440 3457 per
1476 3396 1588 3441 eos
1631 3382 1765 3443 dies
1792 3384 2032 3444 Tarenti
2071 3399 2180 3445 res

209 3475 411 3546 gesta.
492 3484 634 3552 nam
683 3468 779 3529 ad·
816 3474 1099 3543 quattuor
1143 3464 1309 3527 milia
1357 3464 1684 3527 hominum
1749 3467 2187 3531 frumentatum

301 3568 355 3611 τ.
402 3566 525 3611 uvt
570 3568 721 3611 mas
766 3552 864 3610 111.
1700 3559 1767 3612 ιο
