2550 3959
347 222 473 285 284
667 222 899 284 LIBER
926 224 1133 284 XXIX.
1179 223 1346 283 CAP-
1377 232 1428 283 4.
1460 232 1514 283 5.
1561 228 1635 295 [a.
1665 227 1734 279 U.
1768 244 1816 284 o.
1849 227 1972 293 547]

348 379 569 451 longae
606 390 830 450 naveS,
890 390 1004 435 sex
1046 375 1209 435 milia
1249 374 1553 450 peditum,
1595 374 1923 449 octingenti
1967 375 2207 450 equites
2251 385 2312 435 et

348 465 585 536 septem
615 458 955 535 elephanti,
992 458 1073 519 ad
1101 458 1221 518 hoc
1254 474 1478 533 magna
1502 458 1766 533 pecunia
1793 458 1874 518 ad
1905 459 2313 520 conducenda

348 544 593 619 auxilia,
624 542 847 619 quibus
875 543 1067 603 fretus
1099 542 1357 619 propius
1385 542 1600 602 urbem
1611 542 1949 603 Romanam
1977 542 2312 604 exercitum

348 628 704 688 admoveret
730 626 1348 701 coniungeretque-se
1367 625 1710 687 Hannibali.
1771 626 1926 687 haec
1948 626 2312 711 Carthagine

349 710 645 788 parabant
686 708 1135 787 agitabantque.
1196 710 1280 771 ad
1307 709 1578 771 Laelium
1607 710 1874 786 praedas
1918 710 2200 785 ingentes
2229 727 2310 771 ex

349 810 497 871 agro
538 793 751 855 inermi
776 808 851 853 ac
880 793 1049 853 nudo
1082 793 1407 870 praesidiis
1437 800 1718 870 agentem
1741 793 2103 871 Masinissa,
2149 795 2312 856 fama

348 881 660 941 Romanae
686 877 909 939 classis
940 877 1177 939 excitus
1191 925 1210 953 ,
1254 894 1394 941 cum
1424 877 1729 955 equitibus
1761 878 1974 955 paucis
2004 878 2190 939 venit.
2253 879 2310 939 is

348 962 617 1038 segniter
643 976 771 1022 rem
800 962 899 1037 agi
926 961 1005 1023 ab
1034 960 1328 1038 Scipione
1356 968 1642 1038 questus,
1687 963 1858 1037 quod
1886 969 2012 1023 tum
2040 978 2165 1023 non
2203 980 2310 1024 ex-

348 1046 597 1107 ercitum
626 1046 748 1106 iarn
775 1046 835 1105 in
852 1046 1121 1107 Africam
1148 1046 1510 1122 traiecisset,
1539 1046 1840 1123 perculsis
1857 1046 2308 1123 Carumginien-

349 1131 549 1203 sibus,
610 1129 901 1207 Syphace
939 1130 1233 1207 impedito
1274 1129 1543 1191 finitimis
1585 1130 1794 1205 bellis,
1853 1146 2036 1207 quem
2079 1138 2310 1194 certum

348 1214 605 1287 habere,
651 1214 706 1275 si
735 1215 999 1291 spatium
1038 1215 1121 1275 ad
1146 1231 1290 1290 sua,
1331 1222 1399 1276 ut
1438 1216 1613 1289 velit,
1659 1216 2087 1292 componenda
2114 1216 2308 1290 detur,

351 1298 497 1359 nihil
538 1299 781 1359 sincera
822 1298 947 1361 fide
990 1315 1129 1360 cum
1168 1298 1466 1361 Romanis
1509 1306 1804 1361 acturum.
1867 1299 2210 1362 hortaretur
2251 1306 2310 1361 et

348 1382 683 1444 stimularet
711 1381 1093 1460 Scipionem,
1134 1400 1210 1445 ne
1242 1389 1542 1445 cessaret:
1588 1399 1677 1459 se,
1719 1399 2089 1460 quamquam
2116 1400 2308 1461 regno

348 1468 563 1545 pulsus
605 1474 803 1539 esset,
845 1482 983 1529 cum
1009 1468 1177 1529 haud
1214 1468 1678 1529 contemnendis
1718 1467 1918 1543 copiis
1961 1468 2309 1529 adfuturum

349 1552 617 1628 peditum
646 1550 1060 1627 equitumque.
1103 1566 1219 1612 nec
1246 1551 1367 1627 ipsi
1387 1550 1598 1611 Laelio
1626 1551 1989 1613 morandum
2019 1551 2081 1613 in
2099 1551 2310 1612 Africa

348 1650 521 1696 essex
564 1636 828 1696 classem
858 1634 1109 1695 credere
1136 1637 1476 1711 profectam
1516 1651 1554 1695 a
1583 1635 1974 1712 Carthagine,
2018 1651 2155 1697 cum
2187 1652 2304 1711 qua

348 1721 603 1779 ahsente
632 1718 922 1795 Scipione
950 1736 1075 1780 non
1100 1720 1251 1780 satis
1280 1725 1644 1781 tutumesse
1671 1720 1954 1781 contrahi
1983 1726 2308 1781 certamen.

351 1803 420 1864 V.
478 1802 555 1861 ab
599 1803 719 1865 hoc
758 1819 1045 1865 sermone
1084 1803 1342 1865 dimisso
1371 1802 1732 1880 Masinissa,
1772 1802 2017 1865 Laelius
2054 1810 2308 1880 postero

346 1888 441 1949 die
474 1898 667 1951 naves
698 1888 934 1965 praeda
962 1895 1216 1951 onustas
1246 1889 1326 1951 ab
1352 1888 1639 1965 Hippone
1667 1888 1872 1964 solvit,
1899 1896 2308 1964 revectusque

349 1970 406 2029 ln
439 1970 707 2031 Siciliam
734 1972 1021 2032 mandata
1046 1972 1415 2034 Masinissae
1444 1971 1716 2048 Scipioni
1746 1972 2056 2047 exposuit.

522 2054 771 2115 Eisdem
803 2055 993 2115 ferme
1022 2056 1243 2117 diebus
1270 2072 1464 2117 naves
1480 2101 1497 2131 ,
1542 2072 1702 2131 quae
1730 2055 1807 2116 ab
1837 2056 2200 2131 carthagine
2227 2056 2304 2117 ad

346 2138 667 2213 Magonem
708 2138 937 2199 missae
974 2146 1173 2214 erant,
1238 2139 1396 2201 inter
1431 2138 1857 2217 Albingaunos
1897 2139 2152 2216 Ligures
2191 2140 2304 2199 Ge-

347 2237 649 2298 nuamque
678 2230 1092 2285 accesserunt.
1138 2223 1197 2284 in
1226 2223 1303 2284 iis
1330 2222 1484 2285 locis
1512 2230 1638 2285 tum
1670 2224 1824 2285 forte
1849 2224 2032 2300 Mago
2062 2222 2307 2285 tenebat

345 2306 637 2378 classem3
672 2307 777 2383 qui
799 2308 1146 2384 legatorum·
1156 2307 1380 2369 auditis
1400 2307 1607 2369 verbis
1635 2306 1965 2370 iubentium
1997 2308 2306 2370 exercitus

346 2406 529 2465 quam
570 2392 871 2453 maximos
913 2408 1304 2470 comparare,
1349 2394 1656 2469 extemplo
1688 2392 1998 2454 Gallorum
2038 2399 2100 2453 et
2123 2391 2305 2468 Ligu-

344 2490 473 2535 rum
521 2508 608 2521 --
656 2492 925 2553 namque
970 2478 1290 2555 utriusque
1337 2477 1538 2553 gentis
1589 2476 1805 2552 ingens
1855 2476 1938 2538 ibi
1987 2476 2304 2538 multitudo

344 2566 475 2619 erat
513 2569 601 2605 —·-·-
630 2560 952 2622 concilium
980 2562 1220 2624 habuit=
1263 2567 1327 2623 et
1353 2562 1609 2622 missum
1638 2577 1709 2622 se
1739 2562 1818 2621 ad
1848 2576 1961 2623 eos
1988 2560 2306 2623 vindican-

342 2644 459 2703 dos
500 2644 563 2704 in
600 2644 939 2706 libertatem
984 2646 1097 2721 ait,
1152 2651 1242 2721 et,
1285 2651 1350 2706 ut
1387 2646 1510 2721 ipsi
1552 2652 1831 2720 cernant,
1877 2643 2024 2705 mitti
2067 2643 2186 2704 sibi
2226 2644 2304 2704 ab

343 2729 526 2789 domo
559 2728 898 2805 praesidia=
943 2730 1059 2790 sed
1089 2729 1333 2805 quantis
1359 2729 1627 2803 viribuS,
1675 2735 1905 2804 quanto
1945 2729 2214 2789 exercitu
2243 2728 2306 2789 id

344 2811 567 2874 bellum
595 2818 869 2889 geratur,
908 2814 971 2873 in
1002 2830 1217 2874 eorum
1245 2819 1550 2890 potestate
1564 2828 1740 2873 esse.
1809 2813 1968 2875 duos
1998 2812 2308 2874 exercitus

344 2895 672 2971 Romanos,
715 2913 904 2958 unum
932 2898 994 2957 in
1022 2898 1235 2972 Gallia,
1280 2898 1538 2959 alterum
1565 2896 1626 2957 in
1654 2896 1894 2957 Etruria
1921 2910 2085 2957 esse.
2151 2897 2304 2959 satis

340 2980 499 3041 scire
528 2980 634 3057 Sp.
663 2981 1008 3041 Lucretium
1047 2995 1119 3041 se
1158 2996 1298 3042 cum
1340 2981 1422 3041 Μ.
1463 2980 1638 3041 Livio
1681 2979 2040 3041 iuncturam.
2117 2980 2308 3041 multa

342 3062 505 3123 milia
542 3064 837 3123 armanda
876 3080 1051 3140 esse,
1085 3072 1154 3127 ut
1180 3064 1426 3126 duobus
1457 3063 1718 3127 ducibus
1751 3064 1994 3125 duobus
2027 3064 2304 3125 exerciti-

339 3146 453 3208 bus
481 3146 776 3209 Romanis
818 3149 1151 3209 resistatur.
1216 3149 1375 3209 Galli
1417 3164 1716 3211 summam
1755 3148 1838 3209 ad
1879 3146 1944 3208 id
1987 3164 2164 3209 suam
2193 3163 2302 3208 vo·

338 3229 627 3301 imitatem
668 3246 813 3293 esse
854 3231 1092 3293 dicere2
1135 3234 1249 3293 sed
1279 3248 1416 3294 cum
1442 3249 1566 3295 una
1597 3238 1801 3293 castra
1828 3233 2108 3295 Romana
2150 3232 2308 3293 intra

339 3314 521 3391 lines,
568 3316 759 3377 altera
798 3315 860 3377 in
888 3316 1141 3377 finitima
1166 3324 1329 3378 terra
1354 3317 1596 3379 Etruria
1620 3330 1820 3393 prope
1861 3316 1923 3377 in
1967 3322 2308 3392 conspectu

336 3396 628 3473 habeant,
672 3400 727 3460 si
754 3401 956 3476 palam
999 3400 1106 3461 flat
1144 3400 1392 3462 auxiliis
1421 3400 1704 3462 adiutum
1731 3400 1810 3461 ab
1840 3416 1986 3463 sese
2013 3400 2306 3475 Poenum,

338 3484 646 3559 extemplo
688 3484 947 3545 infestos
986 3485 1291 3561 utrimque
1333 3484 1642 3547 exercitus
1671 3484 1734 3547 in
1763 3501 1977 3561 agrum
2005 3500 2185 3547 suum
2216 3484 2306 3545 in·
