2550 3959
352 228 483 292 248
676 229 911 290 LIBER
937 228 1207 290 XXVIII.
1252 228 1417 286 CAP.
1445 236 1534 289 24.
1579 235 1651 302 [a.
1684 233 1752 287 U.
1781 257 1832 291 ο.
1857 235 1980 302 546]

347 381 709 460 depopulati
740 385 897 442 sunt.
940 380 1135 441 civilis
1166 380 1324 440 alius
1347 379 1516 440 furor
1543 380 1604 438 in
1635 380 1852 440 castris
1881 381 1961 440 ad
1977 379 2325 446 Sucronem

353 474 541 530 ortuS.
605 473 745 527 octo
776 463 859 526 ibi
889 465 1051 525 milia
1080 463 1332 524 militum
1363 469 1564 535 erant,
1607 465 1984 538 praesidium
2009 465 2318 543 gentibus,

352 566 511 628 quae
542 549 632 611 cis
664 550 955 611 Hiberum
980 549 1267 620 incolunt,
1301 547 1672 623 impositum.
1745 555 1946 610 motae
1975 556 2180 610 autem
2207 566 2318 614 eo·

346 652 483 696 rum
522 641 760 695 mentes
788 639 932 693 sunt
958 647 1081 693 non
1110 638 1235 693 tum
1276 632 1566 708 primum,
1611 647 1744 693 cum
1777 633 1858 694 de
1886 632 2010 693 vita
2048 633 2318 709 impera-

347 720 497 780 toris
524 733 806 779 rumores
834 715 1002 777 dubii
1042 715 1228 777 adlati
1254 723 1429 788 sunt,
1477 715 1594 777 sed
1633 715 1752 776 iam
1795 724 1938 778 ante
1963 718 2206 780 licentia
2233 735 2318 780 ex

348 803 598 876 diutino,
642 809 708 862 nt
735 801 821 876 fit,
852 799 978 861 otio
1009 801 1286 874 collecta,
1317 807 1379 860 et
1407 815 1530 860 non
1561 799 1730 876 nihil,
1777 803 1950 876 quod
1975 801 2038 862 in
2067 802 2316 864 hostico

348 887 545 947 laxius
584 892 762 961 rapto
794 885 989 946 suetis
1019 885 1237 945 vivere
1258 884 1523 944 artiores
1559 884 1620 944 in
1650 900 1808 961 pace
1836 901 1938 946 res
1981 893 2170 947 erant.
2235 901 2316 948 ac

344 970 539 1047 primo
580 984 901 1031 sermones
930 975 1163 1030 tantum
1204 969 1426 1029 occulti
1455 967 1847 1029 serebantur:
1894 970 1949 1031 si
1977 969 2208 1032 bellum
2245 971 2314 1032 in

344 1054 663 1130 provincia
692 1060 877 1128 esset,
909 1051 1059 1129 quid
1087 1068 1231 1114 sese
1259 1053 1418 1113 inter
1447 1059 1700 1128 pacatos
1732 1053 1978 1114 facere?
2017 1054 2072 1115 si
2103 1054 2314 1116 debel-

342 1139 528 1199 latum
550 1138 671 1198 iam
694 1144 755 1199 et
767 1137 1048 1199 coniecta
1060 1137 1381 1214 provincia
1402 1144 1586 1211 esset,
1613 1153 1722 1198 cur
1742 1136 1806 1196 in
1817 1137 2052 1199 Italiam
2068 1155 2193 1200 non
2215 1155 2312 1200 re·-

343 1223 526 1282 vehi?
588 1221 923 1297 flagitatum
966 1237 1215 1298 quoque
1254 1221 1625 1296 stipendium
1665 1222 1990 1297 procacius
2021 1239 2206 1297 quam
2231 1237 2314 1286 ex

341 1322 512 1368 more
538 1314 598 1366 et
622 1306 927 1366 modestia
952 1305 1194 1366 militari
1224 1312 1370 1378 erat,
1409 1311 1470 1364 et
1497 1304 1574 1365 ab
1605 1305 1964 1369 custodibus
1993 1307 2224 1380 probra
2247 1307 2314 1370 iu

341 1392 784 1451 circumeuntes
805 1387 1047 1465 vigilias
1068 1389 1347 1453 tribunos
1369 1389 1544 1464 iacta,
1570 1395 1635 1450 et
1651 1397 1836 1450 noctu
1859 1390 2106 1465 quidam
2132 1407 2311 1466 prae-

344 1475 548 1535 datum
571 1475 632 1534 in
649 1490 861 1550 agrum
885 1474 1045 1534 circa
1059 1480 1340 1549 pacatum
1367 1473 1588 1544 ierant3
1613 1481 1924 1548 posi-remo
1949 1475 2214 1536 interdiu
2235 1490 2313 1536 ac

341 1560 659 1634 propalam
680 1558 816 1619 sine
841 1563 1185 1618 commeatu
1206 1557 1283 1617 ab
1311 1556 1502 1632 signis
1526 1556 1791 1617 abibant.
1833 1557 2037 1620 omnia
2057 1558 2314 1620 libidine

342 1657 417 1702 ac
458 1642 701 1702 licentia
741 1641 1025 1716 militum,
1068 1640 1216 1701 nihil
1245 1640 1515 1703 instituto
1559 1649 1664 1702 aut
1688 1641 2014 1719 disciplina
2042 1642 2311 1718 militiae,

340 1733 445 1787 aut
472 1726 733 1803 imperio
776 1742 1020 1800 eorum,
1068 1725 1172 1802 qui
1200 1732 1544 1803 praeerant,
1586 1725 1926 1801 gerebatur.
1994 1728 2193 1788 forma
2218 1733 2310 1786 ta-

338 1825 477 1870 men
518 1811 934 1872 Romanorum
978 1817 1317 1870 castrorum
1359 1809 1680 1870 constabat
1717 1827 1842 1871 una
1885 1826 1958 1871 ea
1987 1827 2088 1883 re,
2137 1810 2312 1886 quod

338 1895 647 1970 tribunoS,
693 1911 773 1955 ex
804 1894 1168 1970 contagione
1197 1895 1418 1954 furoris
1447 1893 1613 1954 haud
1655 1901 1942 1972 expertes
1985 1893 2312 1957 seditionis

339 1979 828 2054 defectionisque
867 1979 981 2038 rati
1025 1979 1185 2052 fore,
1228 1986 1291 2038 et
1317 1978 1452 2038 iura
1476 1978 1740 2040 reddere
1783 1978 1844 2039 in
1874 1979 2194 2055 principiis
2224 1978 2310 2040 si·

337 2062 591 2134 nebant,
637 2068 697 2123 et
725 2061 967 2137 signum
992 2061 1071 2121 ab
1100 2062 1193 2122 eis
1220 2062 1537 2136 petebant,
1585 2062 1730 2123 etin
1763 2063 2086 2124 stationem
2113 2079 2189 2124 ac
2218 2062 2309 2122 vi-

336 2145 515 2219 gilias
544 2146 607 2205 in
638 2145 916 2207 ordinem
945 2145 1143 2218 ibant3
1188 2152 1249 2205 et
1273 2151 1344 2206 ut
1368 2145 1493 2206 vim
1520 2145 1758 2222 imperii
1787 2148 2180 2222 abstulerant,
2223 2148 2314 2210 ita

337 2229 609 2304 speciem
635 2229 799 2289 dicto
818 2229 1178 2305 parentium,
1207 2230 1368 2291 ultro
1389 2228 1507 2291 sibi
1536 2231 1926 2306 imperantes,
1957 2230 2310 2294 servabant.

336 2313 537 2388 erupit
579 2313 806 2374 deinde
836 2313 1089 2387 seditiO,
1132 2321 1463 2390 postquam
1489 2314 1942 2390 reprehendere
1983 2321 2168 2391 atque
2197 2315 2310 2376 irn-

337 2395 603 2472 probare
629 2397 909 2459 tribunos
940 2413 1014 2460 ea
1035 2413 1195 2473 quae
1216 2398 1450 2474 fierent,
1495 2405 1556 2458 et
1583 2399 1791 2460 conari
1821 2398 2065 2460 obviam
2091 2399 2202 2474 ire,
2243 2406 2310 2462 et

339 2481 662 2558 propalam
690 2481 959 2544 abnuere
989 2482 1213 2543 furoris
1243 2497 1455 2543 eorum
1487 2499 1556 2542 se
1585 2483 1822 2544 staturos
1851 2482 2061 2544 socios
2091 2499 2310 2544 sense-

336 2571 495 2624 runt.
559 2565 783 2640 fugatis
827 2567 1035 2642 itaque
1075 2583 1111 2626 e
1152 2565 1468 2642 principiis
1511 2582 1584 2626 ac
1611 2569 1756 2642 post
1795 2567 1980 2644 paulo
2021 2584 2058 2628 e
2086 2568 2309 2628 eastris

336 2647 617 2724 tribuniS,
646 2650 727 2710 ad
754 2649 1066 2726 principes
1098 2648 1440 2724 seditionis,
1483 2651 1802 2727 gregarios
1829 2651 2068 2724 milites,
2113 2651 2178 2712 C.
2199 2652 2308 2712 Al-

336 2730 502 2792 bium
544 2731 830 2794 Calenum
871 2741 931 2794 et
974 2734 1036 2794 C.
1077 2735 1314 2794 Atrium
1355 2733 1679 2808 Umbrum,
1725 2735 1992 2796 delatum
2037 2735 2310 2796 omnium

337 2831 647 2876 consensu
688 2818 1007 2892 imperium
1048 2824 1161 2878 est.
1226 2817 1332 2892 qui
1360 2833 1754 2894 nequaquam
1785 2819 2121 2880 tribuniciis
2153 2835 2306 2880 con·-

337 2900 481 2958 tenti
512 2902 882 2962 ornamentis
914 2901 1177 2977 insignia
1204 2901 1386 2961 etiam
1414 2901 1634 2964 summi
1663 2902 1923 2979 imperii,
1964 2904 2168 2964 fasces
2199 2919 2304 2964 se-

337 2994 671 3059 curesque,
726 2991 1043 3046 attrectare
1084 2985 1251 3056 ausi;
1310 3000 1514 3061 neque
1555 2986 1724 3047 venit
1763 2988 1826 3047 in
1866 2995 2128 3048 mentem
2170 2987 2306 3048 suls

336 3066 523 3142 tergis
564 3067 823 3142 suisque
870 3067 1209 3129 cervicibus
1250 3069 1459 3145 virgas
1504 3069 1640 3131 illas
1681 3087 2059 3147 securesque
2107 3070 2305 3132 immi-

337 3165 513 3226 nere,
560 3167 715 3226 quas
745 3152 825 3212 ad
854 3161 1078 3214 metum
1116 3153 1372 3214 aliorum
1401 3155 1798 3230 praeferrent.
1861 3172 2026 3218 mors
2059 3155 2304 3231 Scipio-

335 3234 433 3294 nis
467 3235 625 3296 falso
658 3237 888 3298 credita
930 3237 1300 3299 occaecabat
1329 3239 1596 3314 animos,
1643 3238 1762 3298 sub
1789 3238 1966 3302 cuius
1993 3239 2304 3313 vulgatam

336 3331 482 3378 mox
537 3321 759 3381 famam
800 3336 921 3382 non
981 3320 1336 3383 dubitabant
1385 3329 1573 3383 totam
1611 3323 1970 3400 Hispaniam
2024 3339 2306 3384 arsuram

339 3399 533 3472 bello;
578 3403 638 3464 in
682 3421 761 3466 eo
788 3407 1045 3467 tumultu
1074 3412 1137 3467 et
1164 3404 1354 3468 sociis
1382 3405 1680 3482 pecunias
1717 3407 2000 3483 imperari
2029 3415 2091 3468 et
2119 3405 2304 3483 diripi

340 3487 718 3564 propinquas
757 3498 942 3550 urbes
984 3505 1210 3572 possm
1256 3497 1319 3550 et
1355 3490 1628 3551 turbatis
1652 3489 1871 3574 rebus,
1919 3507 2058 3553 cum
2095 3491 2306 3552 omnia
