2550 3959
390 246 515 311 100
780 246 1009 309 LIBER
1030 246 1215 307 XXV.
1244 246 1410 308 CAP.
1437 256 1523 309 40.
1555 253 1631 323 [a.
1658 252 1728 309 U.
1751 268 1801 306 e.
1824 254 1952 321 5401

384 402 465 464 ita
494 407 867 479 pervagatus
899 407 994 462 est
1021 399 1289 462 hostium
1315 416 1521 477 agree,
1551 401 1643 463 ita
1663 402 1872 463 socios
1897 403 1975 462 ad
1997 403 2358 469 retinendos

386 486 444 545 in
476 483 600 546 fide
630 485 871 546 animos
904 500 1115 547 eorum
1142 485 1522 560 serendoque
1546 485 1605 543 in
1631 491 1908 563 tempore
1933 487 2156 563 cuique
2179 490 2356 550 auxi-

384 570 529 647 lium
558 567 701 643 adit,
734 576 801 629 ut
830 568 1001 629 brevi
1032 574 1307 645 tempore
1335 573 1523 630 totam
1541 568 1821 641 ,Siciliam
1851 570 2131 646 impleret
2157 574 2356 635 nomi·
2415 616 2424 624 -

381 654 477 715 nis
510 653 637 726 sui,
684 667 799 714 nec
830 668 981 729 spes
1011 653 1133 713 alia
1157 653 1354 714 maior
1380 654 1550 729 apud
1577 653 2074 715 faventesrebus
2106 654 2357 719 Cartha-

382 736 749 815 giniensium
806 742 992 798 esset.
1064 738 1271 813 itaque
1319 737 1540 800 inclusi
1591 738 1672 797 ad
1727 744 1969 814 tempus
2025 739 2356 802 moenibus

382 820 699 897 Agrigenti
729 820 857 881 dux
884 820 1131 883 Poenus
1160 820 1723 899 Syracusanusque
1753 838 1876 883 non
1907 822 2165 885 consilio
2193 824 2358 887 Mut-

382 904 527 967 tinis
572 920 754 980 quarn
797 904 1021 967 fiducia
1049 905 1271 985 magis,
1289 906 1426 967 ausi
1455 904 1666 981 egredi
1695 912 1872 967 extra
1899 920 2107 967 muros
2138 908 2221 968 ad
2246 908 2356 969 Hi·

383 1003 613 1050 meram
654 1004 893 1049 amnem
936 995 1279 1066 posuerunt
1317 994 1535 1052 castra.
1609 990 1780 1065 quod
1807 990 1913 1051 ubi
1942 992 2243 1067 perlatum
2270 990 2356 1054 ad

380 1072 735 1135 Marcellum
762 1082 885 1147 est,
931 1074 1239 1149 extemplo
1270 1074 1485 1151 copias
1514 1073 1732 1149 movit,
1775 1081 1836 1135 et
1862 1074 1940 1135 ab
1968 1075 2148 1136 hoste
2177 1081 2354 1152 quat-

380 1164 522 1219 tuor
550 1157 741 1218 ferme
768 1157 998 1219 milium
1028 1156 1346 1223 intervallo
1377 1158 1676 1233 consedit,
1715 1158 1864 1234 quid
1891 1164 2146 1235 agerent
2173 1175 2354 1236 para·

382 1246 625 1318 rentve‚
664 1249 1153 1317 exspectaturus.
1224 1243 1342 1303 sed
1385 1242 1618 1303 nullum
1655 1258 1860 1319 neque
1902 1244 2106 1305 locum
2145 1259 2356 1321 neque

382 1332 627 1401 tempus
654 1326 1023 1388 cunctationi
1050 1326 1388 1388 consiliove
1409 1326 1582 1387 dedit
1592 1325 1898 1401 MuttineS‚
1927 1334 2354 1404 transgressus

385 1426 627 1471 amnem
668 1426 740 1470 ac
771 1410 1138 1471 stationibus
1170 1410 1437 1471 hostium
1467 1426 1608 1471 cum
1637 1410 1866 1486 ingenti
1895 1417 2127 1473 terrore
2156 1426 2230 1472 ac
2259 1419 2354 1474 tu-

384 1496 577 1555 multu
601 1494 902 1555 invectus.
961 1500 1211 1570 postero
1244 1494 1347 1555 die
1376 1509 1575 1571 prope
1601 1494 1763 1556 iusto
1793 1496 2030 1572 proelio
2061 1496 2358 1571 compulit

384 1577 599 1639 hostes
643 1577 801 1639 intra
827 1577 1218 1639 munimenta.
1287 1578 1430 1639 inde
1459 1586 1788 1640 revocatus
1819 1580 2122 1641 seditione
2147 1579 2353 1641 Numi-

385 1663 599 1724 darum
640 1662 702 1722 in
745 1663 962 1724 castris
1006 1664 1194 1735 facta,
1240 1678 1380 1723 cum
1421 1664 1671 1723 trecenti
1701 1664 1892 1724 ferme
1923 1680 2136 1726 eorum
2163 1664 2354 1725 Hera-

386 1749 579 1808 cleam
604 1745 875 1807 Minoam
905 1746 1394 1821 concessissent,
1428 1748 1512 1808 ad
1536 1746 1906 1823 mitigandos
1934 1749 2350 1810 revocandos·

388 1846 511 1907 que
532 1847 644 1892 eos
658 1832 971 1907 profectus
994 1847 1217 1907 magno
1243 1846 1435 1907 opere
1457 1832 1774 1893 monuisse
1796 1832 1989 1893 duces
2013 1832 2249 1908 dicitur,
2274 1848 2356 1893 ne

387 1916 641 1977 absente
668 1930 741 1975 se
772 1931 909 1975 cum
937 1916 1119 1977 hoste
1146 1931 1366 1977 manus
1396 1922 1810 1978 consererent.
1863 1915 1928 1976 id
1956 1916 2136 1978 ambo
2167 1931 2356 1993 aegre

387 1999 559 2075 passi
600 2000 823 2073 duceS,
866 2002 1063 2075 magis
1093 2000 1344 2075 Hanno,
1387 2000 1508 2061 iam
1548 2007 1689 2060 ante
1717 2000 1936 2061 anxius
1965 2001 2162 2076 gloria
2188 2000 2353 2061 eius=

385 2082 701 2146 Muttinem
730 2082 848 2143 sibi
877 2084 1129 2144 modum
1157 2083 1394 2158 facere,
1441 2084 1812 2159 degenerem
1841 2086 2060 2146 Afrum
2090 2076 2376 2161 impera-¹

387 2168 501 2229 tori
546 2166 1021 2242 Carthaginiensi
1066 2167 1257 2228 misso
1301 2167 1378 2228 ab
1423 2175 1642 2229 senatu
1679 2170 2073 2244 populoque!
2116 2170 2172 2231 is
2214 2184 2354 2245 per-

388 2251 540 2329 pulit
560 2256 943 2313 cunctantem
965 2251 1310 2329 Epicyden,
1341 2258 1408 2314 ut
1430 2253 1801 2328 transgressi
1823 2252 2052 2313 flumen
2076 2253 2137 2313 in
2159 2253 2357 2313 aciem

388 2336 655 2397 exirent=
686 2352 827 2395 nam
850 2335 905 2395 si
918 2336 1235 2397 Muttinem
1259 2335 1705 2411 opperirentur,
1731 2344 1794 2397 et
1813 2338 2092 2405 secunda
2111 2351 2358 2413 pugnae

390 2422 638 2487 fortuna
694 2420 1035 2494 evenisset,
1096 2420 1262 2481 haud
1320 2420 1506 2481 dubie
1559 2420 1836 2482 Muttinis
1891 2420 2148 2497 gloriam
2202 2421 2356 2482 fore.

386 2504 536 2565 XLI.
581 2505 892 2565 enimvero
936 2504 1251 2580 indignum
1289 2512 1460 2565 ratus
1485 2502 1816 2567 Marcellus
1847 2520 1947 2579 se,
1997 2506 2102 2581 qui
2129 2504 2358 2565 Hanni-

392 2588 591 2649 balem
630 2589 962 2650 subnixum
998 2589 1258 2650 victoria
1301 2589 1607 2650 Cannensi
1647 2590 1726 2649 ab
1765 2589 1920 2651 Nola
1959 2589 2356 2667 reppulisset,

389 2672 487 2733 his
516 2678 680 2734 terra
706 2672 986 2747 marique
1014 2672 1193 2733 victis
1224 2673 1304 2732 ab
1332 2688 1403 2733 se
1430 2672 1711 2733 hostibus
1741 2676 1982 2747 cedere,
2015 2690 2186 2750 arma
2213 2690 2358 2750 pro·

389 2771 539 2834 pere
569 2771 793 2833 capere
820 2755 1039 2816 milites
1070 2763 1131 2817 et
1158 2756 1362 2818 efferri
1390 2756 1569 2833 signa
1597 2758 1780 2820 iubet.
1820 2758 2154 2821 instruente
2183 2774 2358 2819 exer·

391 2841 574 2901 citum
616 2842 829 2901 decem
871 2839 1086 2901 effusis
1130 2841 1310 2915 equis
1351 2842 1645 2903 advolant
1671 2858 1751 2903 cx
1779 2842 2048 2905 hostium
2077 2842 2210 2903 acie
2239 2843 2359 2903 Nu—

296 2969 309 2982 .
392 2924 622 3000 midae,
664 2922 1013 2984 nuntiantes
1055 2927 1392 3001 populares
1433 2942 1617 3001 suos,
1660 2927 1920 3002 primum
1951 2942 2028 2987 ea
2057 2926 2364 2988 seditione

391 3015 594 3068 motos
610 3054 625 3081 ,
672 3023 795 3083 qua
834 3010 1089 3068 trecenti
1128 3025 1209 3069 ex
1252 3024 1506 3071 numero
1549 3026 1666 3071 suo
1711 3011 2132 3072 concesserint
2169 3011 2362 3071 Hera·

394 3093 604 3166 clema,
635 3090 777 3152 dein
810 3092 981 3167 quod
1013 3094 1390 3168 praefectum
1419 3110 1597 3156 suurn
1622 3095 1706 3154 ab
1735 3094 2216 3157 obtrectantibus
2247 3096 2360 3155 du-

394 3176 570 3237 cibus
612 3175 846 3252 gloriae
888 3175 1021 3236 eius
1063 3178 1177 3238 sub
1208 3178 1406 3254 ipsam
1437 3178 1786 3239 certaminis
1815 3180 1978 3239 diem
2011 3178 2362 3254 ablegatum

392 3260 669 3333 videant,
714 3260 1033 3337 quieturos
1062 3262 1122 3321 in
1155 3277 1376 3337 pugna.
1451 3278 1606 3337 gens
1637 3262 1824 3321 fallax
1854 3261 2145 3337 promissi
2174 3263 2362 3323 iidem

395 3344 711 3420 praestitit.
777 3344 986 3420 itaque
1024 3354 1085 3407 et
1110 3344 1402 3406 Romanis
1441 3346 1634 3406 crevit
1661 3347 1900 3407 animus
1930 3347 2142 3408 nuntio
2175 3347 2364 3409 celeri

396 3444 507 3504 per
552 3428 799 3489 ordines
851 3428 1075 3504 misso,
1125 3428 1480 3491 destitutum
1529 3430 1608 3489 ab
1651 3429 1856 3505 equite
1907 3430 2146 3490 hostem
2197 3445 2362 3505 esse,

397 3528 578 3587 quem
618 3510 883 3573 maxime
924 3510 1275 3573 timuerant=
1321 3522 1384 3576 et
1421 3513 1610 3575 territi
1641 3514 1882 3590 hostes,
1925 3520 2362 3590 praeterquam
