2550 3959
662 206 896 267 LIBER
921 206 1108 267 XXV.
1155 206 1323 267 CAP.
1354 216 1406 271 7.
1452 214 1524 281 [a.
1551 216 1613 268 C.
1636 218 1761 283 212}
2109 212 2193 274 59

225 373 377 419 esse
405 358 591 419 dixit=
643 357 885 417 senatui
913 358 1282 432 scripturum
1309 374 1399 432 se,
1431 359 1757 435 omniaque
1784 360 1866 421 do
1891 364 2194 426 sententia

227 450 474 520 patrum
500 443 804 503 facturum
831 455 994 501 esse.
1039 456 1151 501 eae
1178 442 1413 502 litterae
1434 444 1515 501 ad
1542 459 1742 504 novos
1768 446 2058 507 consules
2082 448 2192 509 ad-

223 528 390 585 latae
432 540 507 585 ac
545 540 661 599 per
702 540 814 585 eos
852 525 915 585 in
955 532 1176 587 senatu
1210 524 1501 586 recitatae
1528 534 1702 597 sunt;
1744 531 2191 605 consultusque

226 610 307 669 de
334 610 414 669 iis
442 608 658 669 litteris
688 608 774 668 ita
793 607 1064 668 decrevit
1083 615 1354 684 senatuS,
1386 608 1691 687 militibus,
1722 610 1826 687 qui
1846 612 1928 672 ad
1951 613 2190 675 Cannas

227 692 674 754 commilitones
707 706 856 752 suos
887 699 1232 766 pugnantes
1261 693 1699 769 deseruissent,
1738 703 2015 757 senatum
2046 696 2193 758 nihil

225 776 444 837 videre
489 792 600 836 cur
637 790 741 835 res
769 775 1018 851 publica
1047 776 1478 838 committenda
1505 785 1688 839 esset.
1744 778 1799 839 si
1826 778 1908 839 M.
1941 780 2191 842 Claudio

225 859 592 936 proconsuli
619 859 793 919 aliter
819 860 1145 935 videretur,
1176 861 1409 922 faceret
1436 862 1605 936 quod
1627 877 1663 922 e
1682 878 1749 924 re
1774 862 2019 938 publica
2040 865 2191 926 fide·

225 959 350 1019 que
378 959 496 1005 sua
524 944 788 1016 duceret,
819 943 966 1024 dum
993 959 1072 1002 ne
1101 944 1240 1019 quis
1267 960 1481 1006 eorum
1508 960 1759 1007 munere
1780 956 2040 1023 vacaret,
2072 963 2194 1011 neu

223 1028 394 1089 dono
439 1026 680 1087 militari
719 1027 955 1088 virtutis
998 1042 1146 1102 ergo
1190 1027 1551 1104 donaretur,
1600 1029 1808 1092 neuin
1836 1031 2069 1093 Italiam
2096 1049 2194 1093 re·

223 1118 595 1188 portaretur,
626 1110 826 1172 donec
854 1109 1051 1171 hostis
1081 1111 1144 1170 in
1173 1120 1335 1171 terra
1360 1112 1534 1172 ltalia
1560 1119 1746 1174 esset.

399 1193 653 1255 Comitia
680 1193 903 1255 deinde
931 1210 969 1253 a
995 1203 1279 1269 praetore
1308 1196 1543 1257 urbano
1574 1196 1654 1256 de
1675 1205 1925 1259 senatus
1948 1205 2193 1261 senten-

224 1280 310 1339 tia
337 1277 634 1355 plebique
663 1278 822 1339 scitu
848 1284 993 1338 sunt
1019 1277 1244 1353 habita,
1274 1278 1499 1353 quibus
1522 1278 1709 1339 creati
1732 1287 1879 1342 sunt
1894 1280 2193 1357 quinque·

224 1362 343 1423 viri
382 1362 576 1423 muris
613 1369 674 1422 et
715 1360 982 1423 turribus
1022 1361 1409 1437 reficiendis,
1453 1369 1514 1423 et
1550 1363 1848 1425 triumviri
1886 1363 2041 1438 bini,
2086 1365 2191 1427 uni

226 1446 428 1507 sacris
452 1445 890 1519 conquirendis
914 1446 1222 1522 donisque
1245 1447 1696 1522 persignandis,
1719 1447 1893 1509 alteri
1912 1448 2193 1510 reficien-

223 1529 326 1590 dis
355 1529 616 1591 aedibus
645 1529 951 1591 Fortunae
981 1535 1042 1589 et
1067 1529 1279 1593 matris
1308 1530 1577 1592 Matutae
1602 1530 1760 1592 intra
1786 1538 2028 1607 portam
2050 1533 2192 1593 Car·

224 1614 584 1688 mentalem,
633 1612 748 1674 sed
790 1619 853 1673 et
888 1613 1038 1689 Spei
1077 1623 1252 1675 extra
1292 1622 1560 1691 portam,
1606 1631 1769 1690 quae
1794 1616 1999 1691 priore
2026 1633 2191 1677 anno

223 1696 514 1759 incendio
585 1705 987 1772 consumptae
1053 1700 1310 1759 ruerant.
1367 1732 1441 1743 -
1492 1700 1913 1774 Tempestates
1972 1700 2193 1761 foedae

224 1782 436 1842 fuere:
499 1780 562 1841 in
609 1780 852 1843 Albano
903 1789 1110 1842 monte
1156 1781 1413 1843 biduum
1459 1782 1836 1843 continenter
1884 1782 2191 1857 lapidibus

223 1865 440 1941 pluvit.
479 1872 641 1925 tacta
668 1865 747 1924 de
775 1866 948 1926 caelo
976 1866 1181 1941 multa,
1213 1867 1375 1927 duae
1403 1867 1465 1926 in
1497 1866 1795 1940 Capitolio
1824 1866 2035 1939 aedes,
2063 1868 2193 1927 val-

223 1952 350 2012 lum
379 1949 444 2010 in
473 1948 691 2009 castris
713 1950 916 2011 multis
940 1949 1094 2011 locis
1118 1966 1313 2025 supra
1334 1949 1713 2026 Suessulam,
1744 1957 1807 2011 et
1828 1949 1951 2011 duo
1978 1948 2193 2024 vigiles

222 2032 574 2094 exanimati.
644 2049 854 2094 murus
905 2041 1230 2110 turresque
1282 2035 1586 2109 quaedam
1630 2034 1830 2095 Cumis
1870 2050 1997 2097 non
2040 2034 2196 2095 ictae

223 2116 414 2180 modo
457 2116 810 2179 fulminibus
851 2118 966 2179 sed
1007 2118 1188 2179 etiam
1229 2119 1555 2179 decussae.
1619 2119 1813 2180 Reate
1854 2135 2075 2179 saxum
2102 2117 2193 2178 in·

223 2216 380 2277 gens
410 2200 616 2262 visum
641 2201 908 2276 volitare,
939 2204 1035 2263 sol
1056 2202 1281 2263 rubere
1302 2202 1484 2265 solito
1506 2202 1702 2277 magis
1724 2203 2194 2278 sanguineoque

227 2284 465 2346 similis.
503 2283 722 2346 horum
751 2286 1172 2362 prodigiorum
1197 2302 1392 2347 causa
1419 2286 1580 2347 diem
1608 2303 1799 2347 unum
1824 2285 2193 2362 supplicatio

225 2370 372 2439 suit3
421 2374 482 2427 et
521 2380 636 2444 per
677 2368 909 2445 aliquot
949 2369 1082 2430 dies
1123 2372 1415 2432 consules
1454 2371 1643 2431 rebus
1685 2369 1907 2431 divinis
1939 2385 2195 2446 operam

225 2452 567 2523 dederunt;
614 2460 675 2513 et
700 2468 814 2528 per
841 2454 1096 2514 eosdem
1125 2454 1260 2514 dies
1290 2469 1537 2515 sacrum
1565 2454 1951 2514 novemdiale
1980 2453 2107 2513 ruit.

399 2536 551 2597 Cum
575 2537 1037 2599 Tarentinorum
1072 2537 1335 2598 defectio
1363 2538 1485 2597 iam
1512 2538 1619 2597 diu
1647 2544 1708 2596 et
1734 2536 1794 2595 in
1825 2552 1941 2611 spe
1966 2536 2192 2595 Hanni-

227 2620 355 2680 bati
395 2628 456 2681 et
493 2620 556 2679 in
597 2620 956 2696 suspicione
981 2621 1279 2683 Romanis
1322 2628 1521 2692 esset,
1566 2636 1757 2680 causa
1784 2621 1940 2682 forte
1969 2618 2194 2679 extrin-

227 2699 420 2764 secu‘s
449 2705 850 2766 maturandae
877 2704 1010 2765 eius
1040 2705 1381 2765 intervenit.
1430 2704 1673 2765 Phileas
1699 2704 2061 2764 Tarentinus
2090 2704 2197 2764 diu

229 2788 356 2847 iam
383 2803 498 2866 per
528 2788 802 2863 speciem
828 2788 1150 2863 legationis
1172 2790 1407 2849 Romae
1434 2804 1575 2849 cum
1603 2795 1788 2861 esset,
1820 2788 1915 2849 vir
1940 2786 2196 2862 inquieti

229 2871 422 2931 animi
449 2880 511 2933 et
537 2872 782 2933 minime
823 2872 1040 2947 otium,
1082 2889 1206 2949 qno
1248 2881 1377 2934 tum
1406 2872 1637 2933 diutino
1668 2886 2000 2934 senescere
2028 2870 2194 2931 vide-

231 2956 435 3030 batur,
466 2954 770 3031 patientiS‚
803 2956 1034 3017 aditum
1053 2956 1172 3017 sibi
1196 2957 1275 3017 ad
1298 2956 1549 3018 obsides
1570 2955 1927 3019 Tarentinos
1958 2963 2020 3033 et
2038 2954 2195 3016 Thu-

227 3038 408 3100 rinos
449 3038 698 3101 invenit.
765 3039 1265 3102 custodiebantur
1305 3041 1367 3101 in
1410 3041 1562 3102 atrio
1597 3040 1921 3102 Libertatis
1963 3040 2199 3099 minore

232 3138 417 3198 cura,
461 3122 608 3199 quia
645 3139 762 3184 nec
789 3124 942 3199 ipsis
972 3140 1088 3185 nec
1118 3124 1463 3186 civitatibus
1493 3141 1707 3187 eorum
1736 3124 1948 3185 fallere
1975 3125 2195 3183 Roma·

229 3222 354 3267 nos
405 3207 794 3281 expediebat.
858 3207 976 3270 hos
1019 3208 1249 3269 crebris
1294 3209 1618 3285 colloquiis
1660 3208 2021 3269 sollicitatos
2064 3220 2194 3265 cor·

228 3290 434 3364 ruptis
463 3290 724 3351 aedituis
753 3291 1000 3354 duobus
1031 3309 1170 3353 cum
1198 3293 1410 3367 primis
1439 3292 1706 3354 tenebris
1738 3290 2022 3353 custodia
2050 3288 2201 3350 edu·

231 3374 469 3450 xisset,
511 3374 650 3449 ipse
690 3390 898 3436 comes
941 3376 1162 3437 occulti
1203 3376 1435 3437 itineris
1478 3378 1677 3437 factus
1706 3374 1994 3451 profugit.
2063 3375 2201 3433 luce

231 3458 436 3536 prima
477 3460 726 3535 vulgatu
763 3475 877 3535 per
917 3460 1129 3521 urbem
1167 3461 1313 3536 fuga
1353 3468 1476 3537 est,
1518 3460 1817 3536 missique
1846 3459 1951 3536 qui
1980 3472 2202 3535 seque·
