2550 3959
554 250 785 312 LIBER
810 250 998 312 XXV.
1046 250 1213 312 CAP.
1242 262 1332 314 21.
1361 259 1450 315 22.
1493 260 1569 329 [a.
1594 260 1658 312 c.
1681 258 1810 329 212]
2063 252 2142 323 77

181 416 426 465 ccssmn
466 400 532 461 in
572 399 767 481 aciem
807 406 933 477 est,
975 400 1288 462 instruitur
1326 403 1465 479 ipsa
1507 404 1674 465 acies
1716 406 1797 466 ad
1835 406 2143 469 libidinem

182 486 433 549 militum
478 485 635 547 forte
674 484 1162 561 procurrentium
1204 488 1791 564 consistentiumque
1838 505 1960 566 quo
2003 493 2142 554 loco

182 571 456 651 ipsorum
485 568 726 629 tulisset
752 568 1010 642 animuS,
1056 569 1281 629 deinde
1311 586 1423 646 per
1451 571 1760 633 libidinem
1791 581 1897 637 aut
1922 582 2144 637 metum

182 654 595 717 deserentium
633 655 855 715 locum.
924 653 1121 730 prima
1160 654 1322 731 legio
1355 662 1414 715 et
1443 656 1690 719 sinistra
1731 658 1918 718 alain
1947 660 2144 736 primo

182 740 547 813 instructae,
590 743 670 807 ct,
691 737 750 797 in
785 738 1223 813 longitudinem
1254 749 1540 815 porrecta
1581 741 1767 802 acies.
1833 744 2144 805 clamanti-

180 823 291 885 bus
312 821 578 884 tribunis
606 820 753 882 nihil
783 822 1087 882 introrsus
1104 822 1348 884 roboris
1375 840 1450 885 ac
1472 825 1690 887 virium
1718 842 1879 903 esse,
1911 835 1971 888 et
1995 844 2142 904 qua·

181 923 445 984 cumque
474 906 772 985 impetum
796 906 1050 966 fecisset
1076 906 1292 983 hostiS‚
1331 916 1751 986 perrupturos,
1798 911 1945 971 nihil
1977 914 2148 989 quod

182 992 449 1053 salutare
480 997 650 1052 esset
676 1006 801 1049 non
824 991 1011 1050 modo
1041 990 1122 1050 ad
1150 990 1415 1052 animum
1447 994 1560 1053 sed
1589 1009 1668 1055 ne
1697 995 1779 1055 ad
1808 1011 1989 1057 aures
2014 998 2146 1074 qui-

182 1078 318 1136 dem
364 1074 740 1136 admittebat.
800 1080 860 1135 et
897 1073 1201 1135 Hannibal
1239 1074 1720 1154 haudquaquam
1759 1079 1973 1141 similis
2017 1081 2142 1142 dux

179 1174 381 1236 neque
411 1159 593 1220 simili
623 1158 893 1225 exercitu
922 1174 1125 1235 neque
1150 1159 1235 1221 ita
1260 1159 1558 1223 instructo
1597 1162 1826 1223 aderat.
1888 1180 2034 1240 ergo
2065 1181 2143 1225 ne

178 1246 510 1305 clamorem
542 1243 791 1323 quidem
820 1249 1005 1319 atque
1032 1244 1326 1319 impetum
1355 1245 1616 1321 primum
1646 1262 1858 1307 eorum
1887 1250 2143 1310 Romani

178 1328 546 1390 sustinuere.
602 1328 748 1402 dux,
771 1328 1022 1389 stultitia
1042 1335 1105 1389 et
1121 1328 1457 1390 temeritate
1475 1330 1763 1392 Centenio
1784 1348 1917 1408 par,
1942 1332 2144 1393 animo

176 1414 662 1489 haudquaquam
693 1412 1166 1488 comparanduS,
1196 1412 1301 1473 ubi
1330 1429 1459 1474 rem
1489 1415 1833 1475 inclinatam
1861 1432 1934 1477 ac
1961 1418 2145 1495 trepi-

179 1497 385 1559 dantis
415 1511 567 1558 suos
595 1496 781 1569 videt,
814 1513 977 1571 equo
1008 1503 1254 1573 arrepto
1281 1513 1418 1558 cum
1447 1499 1724 1560 ducentis
1754 1500 1944 1560 ferme
1974 1501 2146 1577 equi-

179 1582 337 1643 tibus
385 1578 627 1657 effugit:
686 1588 890 1641 cetera
932 1596 970 1641 a
1012 1581 1211 1643 fronte
1250 1582 1463 1658 pulsa,
1521 1601 1561 1644 a
1587 1590 1758 1660 tergo
1805 1592 1990 1661 atque
2030 1586 2142 1647 alis

180 1667 600 1727 circumventa
627 1664 795 1725 acies
824 1681 898 1727 eo
930 1682 1133 1741 usque
1164 1671 1260 1725 est
1288 1681 1489 1741 caesa,
1520 1674 1589 1731 ut
1616 1684 1695 1728 ex
1724 1668 2144 1745 duodeviginti

174 1751 421 1813 milibus
460 1749 775 1815 hominum
804 1750 927 1811 duo
957 1750 1124 1811 milia
1158 1750 1325 1809 haud
1361 1752 1621 1827 amplius
1652 1753 1976 1813 evaserint.
2044 1769 2143 1813 ca-

176 1836 318 1898 stris
336 1834 564 1914 ¹hostes
595 1835 769 1910 potiti
796 1840 957 1895 sunt.

342 1918 528 1979 XXII.
559 1918 691 1980 Hae
715 1919 923 1981 clades
949 1935 1137 1995 super
1156 1920 1339 1979 aliam
1363 1918 1480 1977 alia
1491 1918 1749 1979 Romam
1775 1937 1910 1981 cum
1935 1928 2142 1982 essent

176 2003 505 2077 nuntiatae,
547 2003 763 2078 ingens
797 2002 1045 2079 quidem
1074 2010 1135 2063 et
1166 2004 1364 2065 luctus
1394 2010 1455 2063 et
1483 2019 1683 2080 pavor
1709 2004 2012 2066 civitatem
2042 2020 2141 2065 ce-

177 2088 298 2163 pit=
357 2087 474 2147 sed
500 2093 734 2162 tamen,
780 2088 924 2163 quia
952 2088 1271 2163 consules,
1316 2086 1421 2149 ubi
1450 2104 1687 2149 summa
1715 2105 1914 2151 rerum
1959 2096 2143 2163 esset,

176 2168 259 2231 ad
287 2170 353 2231 id
382 2173 658 2233 locorum
687 2186 990 2248 prospere
1016 2188 1147 2232 rem
1172 2181 1482 2249 gererent,
1526 2173 1729 2234 minus
1756 2174 1834 2235 iis
1863 2173 2142 2235 cladibus

177 2254 740 2317 commovebantur.
784 2256 1020 2331 legatos
1044 2256 1125 2316 ad
1150 2257 1440 2317 consules
1461 2257 1700 2318 mittunt
1722 2258 1784 2317 C.
1799 2257 2144 2319 Laetorium

174 2338 257 2399 M.
284 2340 610 2415 Metilium,
657 2339 763 2417 qui
792 2342 1164 2415 nuntiarent,
1208 2349 1275 2401 ut
1297 2341 1593 2417 reliquias
1623 2342 1884 2405 duorum
1913 2342 2145 2402 exerci-

174 2432 345 2485 tuum
377 2440 515 2485 cum
545 2441 693 2485 cura
721 2425 1076 2499 colligerent
1106 2424 1443 2501 darentque
1473 2442 1742 2501 operam,
1773 2442 1852 2486 nc
1882 2443 1993 2503 per
2021 2442 2144 2486 me-

178 2516 305 2568 tum
344 2524 419 2567 ac
463 2508 955 2585 desperationem
994 2508 1159 2571 hosti
1191 2524 1263 2569 se
1304 2509 1629 2584 dederent,
1683 2509 1748 2569 id
1790 2510 1960 2585 quod
2004 2515 2148 2586 post

179 2592 567 2654 Cannensem
607 2593 943 2655 accidisset
980 2593 1251 2667 cladem,
1296 2600 1360 2653 et
1382 2600 1450 2654 ut
1479 2593 1829 2653 desertores
1861 2592 1942 2653 de
1972 2608 2146 2653 exer·

178 2674 625 2737 citu‘volonum
670 2678 1119 2752 conquirerent.
1186 2677 1350 2737 idem
1377 2676 1604 2755 negotii
1631 2676 1695 2737 P.
1729 2676 2009 2738 Cornelio
2040 2677 2146 2737 da-

177 2768 319 2836 tum,
364 2761 464 2820 cui
492 2768 554 2822 et
582 2762 841 2822 dilectus
870 2763 1197 2823 mandatus
1226 2769 1387 2836 erat,
1426 2763 1606 2839 isque
1637 2778 1750 2838 per
1777 2762 1912 2823 fora
1939 2761 2146 2822 conci·

178 2844 533 2921 liabulaque
562 2841 767 2919 edixit,
813 2853 880 2905 ut
908 2846 1279 2921 conquisitio
1310 2846 1603 2908 volonum
1638 2847 1829 2922 fieret,
1868 2846 2035 2922 iique
2066 2846 2146 2907 ad

178 2929 355 3005 signa
382 2929 837 2999 reducerentur.
902 2930 1058 2990 haec
1088 2932 1295 2991 omnia
1322 2930 1728 2993 intentissima
1758 2946 1906 2991 cura
1935 2936 2088 2991 acta.

343 3015 468 3091 Ap.
513 3014 803 3075 Claudius
858 3015 1076 3074 consul
1115 3014 1187 3074 D.
1231 3013 1404 3075 Iunio
1449 3016 1530 3076 ad
1584 3016 1810 3077 ostium
1845 3016 2145 3089 Vulturni,

175 3096 254 3157 M.
294 3098 555 3159 Aurelio
601 3097 775 3159 Cotta
813 3098 1079 3159 Puteolis
1121 3100 1509 3177 praeposite,
1571 3100 1706 3176 qui,
1757 3108 1825 3161 ut
1865 3115 2146 3175 quaeque

176 3197 371 3242 naves
415 3198 496 3242 ex
522 3182 761 3243 Etruria
801 3199 872 3243 ac
916 3182 1199 3244 Sardinia
1238 3184 1684 3259 accessissent,
1730 3184 2038 3259 extemplo
2084 3182 2144 3240 in

175 3273 381 3325 castra
420 3266 726 3326 mitterent
768 3267 1159 3343 frumentum,
1216 3268 1353 3344 ipse
1395 3268 1475 3327 ad
1507 3266 1779 3343 Capuam
1819 3283 2144 3343 regressus

174 3349 239 3423 Q.
272 3350 557 3410 Fulvium
587 3351 885 3427 collegam
913 3352 1145 3412 invenit
1172 3350 1448 3425 Casilini,
1495 3351 1699 3411 omnia
1726 3351 1870 3412 inde
1899 3362 2144 3429 portan—

172 3442 291 3493 tem
324 3434 679 3494 molientem
710 3436 790 3495 ad
822 3436 1299 3512 oppugnandam
1331 3437 1618 3512 Capuam.
1661 3442 1786 3497 tum
1817 3435 1996 3496 ambo
2029 3436 2144 3495 cir-

170 3519 615 3580 cumsederunt
646 3520 872 3596 urbem,
916 3527 976 3581 et
1006 3519 1323 3580 Claudium
1351 3520 1656 3579 Neronem
1684 3526 2028 3595 praetorem
2067 3518 2143 3578 ab
