2550 3959
559 201 791 261 LIBER
818 201 1028 260 XXIX.
1072 202 1236 261 CAP.
1265 210 1353 263 36.
1384 210 1471 265 37.
1517 209 1588 275 [a.
1623 209 1684 261 c.
1711 210 1836 276 204]
2049 202 2176 265 319

221 352 459 415 consini
508 352 855 429 duplicatae
900 352 1098 425 vires,
1158 352 1364 412 Poeno
1413 367 1632 412 recens
1675 354 1928 413 victoria
1978 353 2176 415 animo

219 445 401 497 esset.
466 437 527 495 in
558 436 813 512 primam
842 436 1036 497 aciem
1064 451 1215 500 suas
1254 436 1534 511 legiones
1561 434 1961 513 Sempronius
2001 438 2176 499 indu-

216 522 331 593 xit;
376 522 437 581 in
466 520 762 581 subsidiis
804 521 1045 580 locatae
1068 518 1132 578 P.
1160 520 1376 581 Licinii
1413 520 1707 595 legiones.
1768 521 1983 582 consul
2013 522 2175 597 prin-

218 604 378 682 cipio
407 620 658 681 pugnae
683 602 1215 665 aedeortunae
1245 603 1639 681 primigeniae
1667 605 1854 679 vovit,
1886 606 1940 665 si
1969 619 2043 665 eo
2077 606 2178 665 die

216 690 436 749 hostes
456 688 745 759 fudisset,
790 702 1175 765 composque
1218 688 1353 749 eius
1382 688 1507 748 voti
1537 687 1688 749 ruit.
1729 689 1847 750 susi
1887 689 2176 765 acrugati

216 772 435 847 Poeni,
480 788 669 848 snpra
698 778 985 849 quattuor
1010 771 1177 831 milia
1204 778 1570 833 armatorum
1605 788 1806 849 caesa,
1855 775 2036 849 paulo
2066 774 2174 833 mi·

214 873 329 918 nus
358 856 611 918 trecenti
652 856 779 917 vivi
806 856 1001 932 capti,
1040 861 1103 915 ct
1142 857 1286 931 equi
1318 856 1748 931 quadraginta,
1793 866 1854 919 et
1891 858 2174 917 undecim

215 940 495 1002 militaria
520 940 713 1017 signa.
783 939 1108 1016 perculsus
1136 940 1404 999 adverso
1437 940 1672 1015 proelio
1699 940 2001 1001 Hannibal
2031 940 2173 1001 Cro-

217 1032 419 1086 tonem
460 1024 793 1085 exercitum
834 1022 1097 1083 reduxit.
1160 1022 1395 1083 Eodem
1436 1029 1712 1099 tempore
1744 1022 1824 1083 Μ.
1860 1024 2174 1086 Cornelius

214 1108 431 1170 consul
456 1107 519 1167 in
548 1108 738 1170 altera
766 1113 941 1183 parte
955 1107 1161 1167 Italiae
1190 1123 1314 1168 non
1345 1114 1467 1168 tam
1495 1108 1680 1169 armis
1711 1124 1892 1183 quam
1922 1108 2174 1169 iudicio-

212 1209 345 1254 rum
373 1198 606 1252 terrore
632 1191 932 1252 Etruriam
962 1192 1259 1263 continet,
1307 1198 1494 1253 totam
1522 1192 1713 1251 ferme
1741 1192 1822 1251 ad
1851 1192 2173 1269 Magonem

212 1293 285 1338 ac
313 1291 425 1352 per
452 1291 589 1335 eum
617 1275 699 1335 ad
720 1291 895 1352 spem
922 1275 1194 1336 novandi
1215 1290 1318 1335 res
1343 1292 1604 1336 versam.
1645 1292 1752 1337 eas
1779 1276 2174 1352 quaestiones

212 1376 289 1421 ex
332 1366 585 1421 senatus
624 1361 903 1421 consulto
948 1360 1193 1419 minime
1234 1359 1554 1420 ambitiose
1593 1359 1834 1431 habuit3
1879 1360 2173 1437 multique

213 1444 449 1505 nobiles
472 1444 733 1519 Etrusci,
774 1444 878 1519 qui
906 1450 1011 1503 aut
1036 1443 1157 1520 ipsi
1186 1444 1380 1504 ierant
1409 1450 1512 1505 aut
1537 1444 1829 1507 miserant
1855 1444 1934 1506 ad
1963 1444 2172 1520 Mago-

212 1542 351 1589 nem
380 1528 459 1589 de
489 1528 855 1603 populorum
884 1544 1136 1590 suorum
1169 1528 1541 1605 desectione,
1587 1529 1782 1605 primo
1813 1536 2172 1605 praesentes

210 1619 381 1673 erant
424 1612 840 1673 condemnatis
892 1618 1111 1689 postea
1152 1612 1527 1673 conscientia
1568 1612 1809 1673 sibimet
1849 1612 1968 1689 ipsi
2011 1615 2142 1674 exsi

210 1696 355 1756 lium
386 1694 867 1771 consciscentes»,
896 1711 1033 1756 cum
1064 1696 1352 1756 absentes
1384 1696 1650 1757 damnati
1681 1704 1906 1771 essent,
1950 1710 2170 1771 corpo—

208 1780 377 1842 ribus
420 1780 745 1842 subtractis
799 1779 965 1841 bona
1002 1786 1233 1841 tantum
1248 1826 1263 1853 ,
1325 1796 1484 1855 quae
1527 1779 1820 1856 publicari
1875 1786 2168 1856 poterant,

207 1864 587 1941 pigneranda
616 1880 857 1941 poenae
886 1862 1277 1941 praebebant.

378 1948 675 2009 XXXVII.
759 1948 915 2010 Dum
963 1948 1119 2009 haec
1168 1948 1456 2009 consules
1506 1947 1768 2009 diversis
1819 1947 2168 2023 regionibus

208 2026 421 2109 agunt,
468 2048 761 2094 censores
802 2033 1039 2094 interim
1064 2032 1299 2094 Romae
1325 2032 1406 2093 Μ.
1436 2032 1644 2095 Livius
1685 2040 1745 2093 et
1785 2031 1848 2093 C.
1881 2032 2168 2093 Claudius

208 2124 487 2177 senatum
524 2117 951 2179 recitaverunt.
1018 2118 1308 2195 princeps
1352 2116 1567 2177 iterum
1607 2118 1802 2179 lectus
1845 2116 1914 2191 Q.
1943 2116 2168 2177 Fabius

204 2200 531 2261 Maximus.
584 2200 775 2261 notati
806 2207 1057 2276 septem,
1092 2216 1273 2261 nemo
1301 2206 1505 2261 tamen
1535 2201 1639 2277 qui
1667 2202 1822 2261 sella
1851 2201 2042 2261 curuli
2071 2216 2166 2260 se-

208 2283 423 2343 disset.
488 2289 843 2345 sartatecta
868 2284 1089 2344 acriter
1117 2291 1177 2344 et
1206 2300 1342 2345 cum
1373 2300 1608 2345 summa
1637 2285 1760 2345 fide
1801 2290 2134 2361 exegerunt

206 2367 369 2426 viam
398 2382 434 2427 e
462 2367 599 2428 foro
613 2365 881 2428 Bovario
914 2375 975 2428 ct
1001 2366 1083 2428 ad
1109 2368 1374 2427 Veneris
1405 2368 1567 2428 circa
1596 2368 1766 2429 foros
1796 2367 2078 2444 publicos
2109 2375 2170 2428 et

204 2450 425 2511 aedem
466 2449 676 2511 matris
716 2465 976 2526 magnae
1014 2448 1076 2509 in
1116 2450 1344 2511 Palatio
1394 2450 1736 2511 faciendam
1789 2452 2163 2514 locaverunt.

202 2534 467 2609 vectigal
496 2533 679 2595 etiam
708 2548 936 2595 novum
964 2550 1045 2595 ex
1074 2534 1298 2595 salaria
1327 2548 1572 2594 annona
1601 2540 1959 2596 statuerunt.
2025 2550 2166 2595 sex-

203 2624 369 2679 tante
397 2618 489 2678 sal
519 2624 579 2678 et
605 2618 841 2679 Romae
868 2625 930 2678 et
957 2632 1069 2694 per
1094 2623 1283 2679 totam
1311 2617 1542 2679 Italiam
1573 2624 1720 2679 erat.
1765 2618 2000 2680 Romae
2029 2634 2164 2694 pre-

202 2697 287 2763 tio
330 2701 581 2778 eodem,
638 2699 829 2777 pluris
870 2702 933 2763 in
976 2701 1127 2763 foris
1168 2708 1231 2763 et
1269 2699 1720 2774 conciliabulis,
1760 2709 1821 2762 et
1861 2702 1981 2762 alio
2025 2702 2167 2761 alibi

202 2786 399 2862 pretio
442 2785 861 2862 praebendum
901 2786 1273 2847 locaverunt.
1353 2785 1416 2846 id
1461 2784 1722 2860 vectigal
1764 2792 2167 2845 commentum

201 2872 461 2933 alterum
502 2886 583 2931 ex
626 2869 990 2931 censoribus
1031 2870 1182 2931 satis
1226 2869 1586 2945 credebant,
1654 2868 1886 2945 populo
1928 2868 2163 2941 iratum,

204 2956 375 3029 quod
417 2956 626 3030 iniquo
656 2953 883 3015 iudicio
914 2954 1223 3030 quondam
1254 2954 1576 3014 damnatus
1607 2958 1802 3025 esset3
1849 2958 1910 3013 et
1937 2952 1997 3011 in
2030 2967 2166 3027 pre-

204 3038 287 3097 tio
318 3038 467 3099 salis
498 3039 761 3099 maxime
792 3046 1075 3099 oneratas
1101 3037 1312 3110 tribuS,
1347 3052 1600 3113 quarum
1629 3052 1818 3113 opera
1843 3037 2164 3097 damnatus

201 3127 333 3182 erat
374 3123 723 3183 credebant.
786 3122 932 3183 inde
962 3122 1267 3184 Salinator
1294 3120 1466 3182 Livio
1508 3120 1760 3182 inditum
1803 3135 2162 3197 cognomen.

199 3206 458 3277 lustrum
488 3206 799 3267 conditum
827 3207 1055 3281 serius,
1103 3206 1249 3283 quia
1276 3222 1388 3281 per
1417 3206 1766 3282 provincias
1810 3205 2162 3266 dimiserunt

200 3304 527 3364 censores,
566 3295 635 3350 ut
661 3288 883 3351 civium
908 3291 1321 3353 Romanorum
1351 3290 1412 3351 in
1455 3288 1853 3361 exercitibus,
1901 3295 2160 3363 quantus

198 3371 431 3449 ubique
458 3379 661 3447 essct,
683 3374 1009 3436 referretur
1036 3390 1344 3436 numerus.
1411 3389 1597 3435 censa
1627 3388 1766 3434 cum
1793 3371 1870 3433 iis
1901 3374 2156 3433 ducenta

201 3456 417 3519 decem
447 3465 732 3535 quattuor
758 3458 924 3519 milia
949 3458 1280 3520 hominum.
1325 3457 1596 3519 condidit
1623 3459 1877 3518 lustrum
1908 3456 1968 3517 C.
1987 3456 2134 3517 Clau
