2550 3959
380 235 506 302 244
660 237 890 298 LlssER
917 235 1184 296 xxvlll.
1230 236 1396 296 CAP.
1427 245 1514 298 20.
1543 244 1631 297 21.
1681 235 1846 313 [av.
1873 259 1920 294 c.
1946 241 2070 314 546]

262 439 267 445 .
385 391 507 452 alta
532 387 865 465 tegebatur,
898 403 1099 464 neque
1130 401 1320 462 opere
1348 386 1470 446 ullo
1493 387 1781 446 munitam
1809 392 1871 446 et
1899 385 1976 446 ab
2005 387 2326 448 defensori

384 475 501 537 bus
530 487 809 534 vacuam.
875 473 1099 532 levium
1136 485 1463 546 corporum
1493 469 1772 530 homines
1801 477 1864 529 et
1897 470 2087 531 multa
2115 474 2354 532 exerci-

388 558 617 619 tatione
639 556 974 634 pernicium
998 556 1211 615 clavos
1234 569 1447 614 secum
1471 555 1705 615 ferreos
1733 560 2069 630 portantes,
2094 571 2219 632 qua
2241 573 2357 632 per

388 642 787 717 inaequaliter
824 640 1149 698 eminentia
1188 639 1359 714 rupis
1403 643 1712 720 poterant,
1759 639 2081 699 scandunt.
2154 639 2356 701 sicubi

386 727 567 787 nimis
599 725 853 785 arduum
880 731 943 784 et
972 724 1109 782 leve
1140 737 1358 782 saxum
1403 721 1792 794 occurrebat,
1839 723 2052 784 clavos
2081 739 2196 800 per
2223 739 2356 784 mo·

392 811 531 870 dica
560 807 879 869 intervalla
906 807 1163 882 figentes
1196 821 1334 866 cum
1361 806 1530 867 velut
1557 806 1787 880 gradus
1815 805 2128 881 fecissent,
2173 808 2356 886 primi

390 899 723 968 sequentes
764 889 1150 960 extrahentes
1193 905 1407 966 manu,
1465 891 1760 966 postremi
1801 890 2196 952 sublevantes
2239 907 2356 952 eos

392 977 497 1054 qui
537 976 859 1053 praeirent,
900 976 963 1035 in
1002 989 1304 1036 summum
1345 974 1640 1035 evadunt:
1683 974 1829 1034 inde
1857 973 2191 1036 decurrunt
2215 990 2356 1035 cum

390 1063 658 1129 clamore
684 1059 746 1120 in
774 1059 987 1120 urbem
1016 1061 1135 1120 iam
1164 1065 1404 1134 captam
1434 1058 1512 1118 ab
1532 1059 1856 1122 Romanis..
1907 1064 2035 1119 tum
2064 1074 2216 1120 vero
2246 1075 2354 1136 ap-

390 1145 595 1223 paruit
624 1145 701 1204 ab
731 1144 823 1204 ira
856 1150 916 1204 et
943 1143 1019 1203 ab
1053 1144 1197 1204 odio
1240 1141 1452 1203 urbem
1496 1149 1910 1220 oppugnatam
1939 1157 2101 1203 esse.
2172 1158 2356 1203 nemo

394 1228 678 1306 capiendi
708 1228 906 1302 vivos,
952 1243 1131 1288 nemo
1154 1226 1500 1304 patentibus
1531 1227 1613 1287 ad
1641 1226 2046 1302 direptionem
2073 1225 2358 1287 omnibus

394 1315 667 1390 praedae
690 1327 926 1372 memor
954 1319 1078 1373 est=
1122 1310 1426 1372 trucidant
1453 1310 1716 1370 inermes
1747 1309 1915 1370 iuxta
1945 1317 2131 1385 atque
2157 1325 2356 1370 arma-

394 1406 511 1472 toS‚
544 1394 800 1456 feminas
830 1396 1059 1471 pariter
1084 1411 1158 1455 ae
1182 1395 1388 1464 viros3
1419 1410 1619 1469 usque
1647 1395 1728 1454 ad
1756 1392 2073 1454 infantium
2101 1395 2358 1454 caedem

394 1483 486 1542 ira
512 1480 781 1541 crudelis
812 1480 1106 1555 pervenit.
1170 1479 1374 1554 ignem
1401 1477 1626 1538 deinde
1655 1478 1831 1538 tectIs
1861 1477 2130 1552 iniciunt,
2161 1492 2236 1538 ac
2265 1477 2360 1538 di-

393 1572 575 1625 ruunt
596 1579 756 1638 quae
784 1563 1068 1624 incendio
1100 1561 1338 1623 absumi
1367 1568 1708 1637 nequeumt
1740 1562 1897 1630 adeo
1919 1560 2181 1638 vestigia
2205 1577 2362 1637 quo-

398 1664 518 1724 que
547 1647 715 1708 urbis
744 1647 1138 1722 exstinguere
1166 1661 1240 1706 ac
1268 1645 1479 1706 delere
1507 1645 1861 1706 memoriam
1889 1644 2157 1706 hostium
2179 1645 2362 1706 sedis

396 1731 571 1794 cordi
600 1738 712 1792 est.
804 1733 811 1739 ’

565 1815 955 1876 Castulonem
999 1815 1142 1875 inde
1184 1813 1395 1890 Scipio
1439 1813 1772 1873 exercitum
1803 1813 1999 1890 ducit,
2039 1826 2225 1889 quam
2259 1827 2362 1874 ur-

398 1899 540 1963 bem
582 1915 706 1960 non
736 1899 995 1974 Hispani
1034 1899 1221 1960 modo
1268 1912 1614 1968 convenae,
1661 1897 1778 1956 sed
1806 1895 2015 1959 Punici
2043 1896 2226 1958 etiam
2254 1912 2360 1956 ex·

398 1983 621 2044 ercitus
653 1999 732 2042 ex
756 1983 1057 2058 dissipata
1079 1982 1313 2057 passim
1342 1982 1485 2056 ruga
1512 1980 1810 2056 reliquiae
1838 1981 2204 2044 tutabantur.
2248 1980 2364 2041 sed

399 2068 726 2127 adventum
755 2065 1064 2141 Scipionis
1106 2071 1511 2140 praevenerat
1537 2065 1698 2124 fama
1737 2064 1932 2126 cladis
1961 2063 2364 2140 Iliturgitano-

400 2165 562 2224 rum,
606 2158 927 2223 terrorque
956 2149 1181 2210 deinde
1210 2163 1286 2208 ac
1314 2149 1666 2225 desperatio
1707 2148 2049 2220 invaserat3
2093 2154 2155 2208 et
2180 2147 2242 2208 in
2274 2147 2365 2208 di—

401 2234 601 2295 versis
646 2233 853 2293 causis
890 2247 1031 2292 cum
1075 2232 1193 2293 sibi
1236 2232 1502 2308 quisque
1545 2233 1894 2293 consultum
1937 2232 2074 2293 sine
2114 2231 2366 2293 alterius

402 2325 692 2394 respectu
718 2317 918 2392 vellet,
962 2317 1161 2392 primo
1190 2317 1374 2378 tacita
1404 2316 1697 2392 suspicio,
1745 2316 1971 2377 deinde
1999 2323 2210 2392 aperta
2226 2315 2366 2376 ‘dis-

404 2401 617 2463 cordia
650 2402 1070 2462 secessionem
1099 2401 1253 2461 inter
1281 2400 1812 2476 Carthaginienses
1843 2409 2026 2476 atque
2051 2400 2368 2476 Hispanos

404 2485 567 2546 fecit.
609 2485 707 2547 his
732 2485 1105 2546 Cerdubelus
1128 2487 1447 2562 propalam
1479 2485 1808 2546 deditionis
1838 2491 2076 2545 aneton
2107 2482 2368 2544 Himilco

402 2569 648 2631 Punicis
690 2569 1087 2630 auxiliaribus
1123 2575 1436 2646 praeerat3
1483 2583 1642 2643 quos
1684 2567 2026 2644 urbemque
2055 2569 2214 2628 clam
2241 2567 2371 2628 fide

406 2661 665 2728 accepta
706 2653 1083 2714 Cerdubelus
1122 2655 1404 2714 Romano
1457 2653 1681 2728 prodit.
1755 2652 1960 2714 mitior
1994 2667 2075 2712 ea
2112 2649 2373 2712 victoria

413 2737 553 2797 fuit:
613 2752 731 2798 nec
766 2737 1123 2797 tantundem
1164 2751 1368 2797 noxae
1409 2737 1748 2797 admissum
1787 2743 1947 2812 erat,
1992 2743 2054 2796 et
2092 2734 2368 2811 aliquan—

406 2826 533 2882 tum
560 2821 691 2881 irae
718 2821 970 2881 lenierat
996 2821 1340 2882 voluntaria
1369 2819 1617 2882 deditio.

573 2905 727 2964 XXI.
785 2904 1052 2964 Marcius
1079 2904 1227 2964 inde
1256 2907 1314 2964 in
1345 2904 1664 2978 barbaros,
1709 2905 1763 2966 si
1793 2903 1900 2980 qui
1928 2904 2202 2964 nondum
2231 2919 2372 2980 per·

410 2987 620 3047 domiti
668 2994 873 3059 erant,
916 2987 1032 3048 sub
1073 2988 1170 3048 ius
1211 2988 1644 3065 dicionemque
1682 2988 2058 3064 redigendos
2107 2987 2372 3048 missusz

410 3068 621 3146 Scipio
644 3070 1065 3146 Carthaginem
1094 3071 1177 3132 ad
1200 3081 1346 3134 vota
1375 3073 1676 3134 solvenda
1706 3073 1841 3133 deis
1871 3087 2218 3146 munusque
2245 3072 2372 3147 gla-

410 3153 752 3230 diatorium,
785 3155 954 3229 quod
985 3157 1197 3217 mortis
1228 3171 1421 3217 causa
1449 3157 1641 3232 patris
1669 3156 1995 3233 patruique
2023 3163 2372 3232 paraverat,

410 3238 721 3300 edendum
748 3239 946 3300 rediit.
1010 3240 1414 3316 gladiatorum
1445 3241 1864 3317 spectaculum
1894 3240 2007 3301 ruit
2031 3255 2156 3301 non
2187 3255 2270 3301 ex
2295 3254 2374 3299 eo

411 3335 637 3396 genere
663 3323 995 3398 hominum,
1026 3339 1105 3384 ex
1137 3339 1260 3400 quo
1285 3325 1522 3385 lanistis
1551 3339 1911 3402 comparare
1931 3339 2072 3384 mos
2094 3331 2216 3400 vest,
2245 3337 2375 3384 ser-

412 3418 625 3466 vorum
644 3407 827 3481 quive
847 3409 1125 3468 venalem
1148 3409 1509 3482 sanguinem
1532 3408 1788 3470 habent=
1811 3408 2154 3470 voluntaria
2174 3407 2378 3468 omnis

415 3492 477 3549 et
513 3492 773 3564 gratuita
812 3505 1004 3568 opera
1033 3492 1432 3568 pugnantium
1463 3492 1590 3552 mit.
1658 3507 1798 3554 nam
1837 3492 1938 3554 alii
1967 3492 2143 3554 missi
2171 3492 2251 3552 ab
2279 3507 2372 3552 re·
