2550 3959
634 220 867 281 maun
892 220 1055 281 xxx
1120 220 1285 278 CAP.
1313 230 1400 283 23.
1433 230 1512 282 24.
1563 230 1634 296 [a.
1668 230 1732 284 c.
1761 228 1890 298 203}
2109 224 2239 287 345

266 376 555 452 citusque
584 380 969 449 spectantes3
1002 374 1225 433 deinde
1250 374 1532 448 quamvis
1565 376 1894 438 recentium
1916 377 2236 441 foederum

269 465 332 521 et
372 459 626 520 deorum
667 458 933 518 omnium
967 458 1191 519 oblitos
1220 457 1447 518 bellum
1473 464 1779 533 gesturos.
1842 475 1919 520 eo
1949 463 2143 538 magis
2170 465 2236 524 in

266 543 519 603 Laevini
570 542 929 602 sententiam
980 542 1347 603 discessum.
1445 542 1624 617 legati
1673 559 1832 621 pace
1887 545 2112 609 infecta
2160 563 2238 607 ac

271 638 468 703 prope
494 626 627 687 sine
661 642 966 701 responsu
996 625 1253 687 dimissi.

436 710 650 770 XXIV.
710 710 830 771 Per
857 724 967 773 eos
998 711 1134 771 dies
1164 708 1269 770 Cn.
1305 708 1604 772 Servilius
1634 713 1881 787 consul,
1923 712 2090 775 haud
2122 706 2230 775 clu·

266 793 406 856 blus
436 796 581 871 quin
612 800 869 871 pacatae
896 796 1105 855 ltaliae
1136 808 1330 871 penes
1361 808 1433 857 se
1461 794 1656 869 gloria
1683 802 1870 875 esset,
1903 798 2072 859 velut
2099 799 2232 875 pul-

268 892 408 940 sum
434 878 511 939 ab
542 894 613 939 se
638 877 1041 939 Hannibalem
1070 892 1458 955 persequens
1485 879 1544 939 in
1577 878 1864 955 Siciliam,
1911 881 2054 942 inde
2084 890 2144 942 et
2171 881 2234 941 in

264 964 534 1025 Africam
575 962 970 1038 transiturus,
1010 962 1263 1023 traiecit.
1330 963 1502 1036 quod
1527 962 1632 1023 ubi
1659 964 1896 1027 Romae
1925 966 2233 1042 vulgatum

266 1054 390 1122 est,
437 1047 633 1122 primo
674 1052 1041 1107 censuerant
1068 1054 1309 1123 patres,
1351 1053 1423 1108 ut
1464 1054 1715 1123 praetor
1750 1047 2049 1110 scriberet
2088 1066 2234 1110 con-

266 1131 401 1205 suli,
432 1137 711 1191 senatum
740 1144 1005 1207 acquum
1027 1146 1284 1192 censere
1312 1131 1371 1190 in
1385 1131 1616 1191 Italiam
1638 1132 1861 1192 reverti
1889 1148 2056 1204 eum;
2091 1133 2235 1194 dein

266 1230 402 1274 cum
434 1220 681 1289 praetor
706 1222 1050 1289 spreturum
1080 1231 1218 1276 eum
1246 1215 1478 1275 litteras
1509 1232 1656 1277 suas
1685 1216 1932 1293 diceret,
1977 1217 2239 1278 dictator

264 1297 346 1358 ad
365 1296 428 1357 id
452 1296 655 1373 ipsum
680 1306 925 1359 creatus
937 1298 1005 1359 P.
1023 1298 1332 1375 Sulpicius
1377 1314 1492 1376 pro
1529 1299 1664 1360 iure
1703 1300 1955 1361 maioris
1995 1300 2232 1378 imperii

266 1384 585 1443 consulem
612 1381 674 1441 in
702 1382 937 1444 Italiam
963 1382 1299 1445 revocavit.
1342 1382 1642 1459 reliquum
1671 1384 1814 1445 anni
1845 1400 1982 1445 cum
1993 1380 2074 1444 M.
2095 1384 2234 1449 Ser-

263 1467 412 1527 vilio
440 1466 733 1541 magistro
764 1467 1033 1542 equitum
1062 1464 1510 1528 circumeundis
1535 1467 1744 1529 Italiae
1770 1468 2042 1543 urbibus,
2075 1484 2239 1545 quae

263 1550 426 1611 bello
466 1551 768 1611 alienatae*
809 1552 1075 1627 fuerant,
1116 1551 1582 1628 noscendisque
1623 1552 1998 1628 singularum
2028 1553 2230 1613 causis

266 1634 667 1711 consumpsit.

431 1717 551 1779 Per
596 1717 961 1779 indutiarum
999 1724 1241 1817 tempus
1293 1726 1356 1779 et
1404 1735 1484 1781 ex
1525 1717 1813 1781 Sardinia
1858 1720 1937 1781 ab
1977 1720 2238 1782 Lentulo

266 1808 551 1878 praetore
590 1809 833 1863 centum
872 1802 1190 1863 onerariae
1229 1819 1424 1864 naves
1469 1818 1605 1864 cum
1649 1810 1992 1866 commeatu
2022 1802 2235 1880 viginti

262 1893 663 1948 rostratarum
684 1885 996 1963 praesidio
1020 1895 1081 1948 et
1101 1887 1179 1947 ab
1202 1887 1383 1949 hoste
1411 1893 1473 1948 et
1499 1886 1577 1948 ab
1599 1888 2062 1964 tempestatibus
2083 1889 2236 1949 mari

266 1978 393 2033 tuto
421 1971 484 2031 in
512 1971 786 2032 Africam
812 1972 1297 2033 transmiserunt.
1355 1971 1461 2031 Cn.
1494 1970 1744 2033 Octavio
1777 1973 2056 2034 ducentis
2089 1988 2234 2033 one·

262 2055 440 2117 rariis
468 2055 718 2131 triginta
740 2056 942 2131 longis
971 2055 1233 2117 navibus
1262 2072 1344 2117 ex
1372 2055 1580 2117 Sicilia
1615 2056 1914 2118 traicienti
1962 2073 2084 2118 non
2128 2074 2231 2117 ea-

265 2141 406 2200 dem
436 2140 678 2202 l'ortuna
706 2140 833 2199 suit.
898 2140 961 2199 in
990 2146 1391 2217 conspectum
1420 2141 1611 2202 ferme
1637 2142 1887 2202 Africae
1928 2156 2240 2218 prospero

264 2239 453 2284 cursu
491 2229 735 2282 vectum
778 2223 974 2297 primo
1016 2224 1290 2284 destituit
1335 2231 1587 2298 ventuS,
1643 2224 1868 2286 deinde
1913 2241 2129 2285 versus
2173 2226 2239 2285 in

264 2306 538 2367 Africum
565 2304 833 2367 turbavit
874 2320 949 2365 ac
976 2306 1212 2383 passim
1242 2320 1438 2366 naves
1481 2306 1739 2368 disiecit.
1805 2306 1941 2384 ipse
1971 2324 2108 2368 cum
2136 2325 2236 2369 ro-

266 2389 473 2453 stratis
495 2404 609 2465 per
636 2389 941 2451 adversos
965 2388 1189 2451 fluctus
1214 2389 1440 2465 ingenti
1465 2390 1760 2465 remigum
1783 2391 1995 2453 labore
2024 2392 2238 2453 enisus

264 2473 571 2551 Apollinis
615 2473 1098 2551 promunturium
1137 2473 1360 2535 tenuit:
1423 2474 1739 2533 onerariae
1781 2491 1927 2552 pars
1969 2476 2238 2536 maxima

264 2560 348 2620 ad
375 2558 772 2633 Aegimurum
796 2556 1113 2618 -insula
1138 2573 1215 2619 ea
1244 2558 1446 2619 sinum
1474 2558 1554 2618 ab
1581 2558 1703 2618 alto
1733 2558 1973 2635 claudit,
2021 2559 2081 2618 in
2112 2575 2240 2635 quo

266 2644 385 2706 sita
412 2641 713 2718 Carthago
756 2648 881 2717 est,
924 2642 1166 2718 triginta
1210 2642 1398 2702 ferme
1427 2640 1591 2707 milia
1619 2642 1696 2702 ab
1735 2642 1890 2703 urbe
1915 2674 2031 2715 --,
2077 2644 2238 2704 aliae

267 2728 568 2789 adversus
617 2726 829 2787 urbem
878 2726 1078 2802 ipsam
1128 2727 1210 2787 ad
1250 2724 1494 2786 Calidas
1536 2727 1750 2802 Aquas
1793 2727 2033 2787 delatae
2074 2734 2239 2787 sunt.

268 2811 473 2875 omnia
500 2810 563 2871 in
594 2816 932 2886 conspectu
956 2809 1335 2886 Carthaginis
1365 2816 1554 2869 erant.
1597 2810 1804 2886 itaque
1826 2826 1906 2871 ex
1930 2816 2056 2871 tota
2083 2810 2237 2871 urbe

267 2899 327 2959 in
352 2897 549 2957 forum
579 2908 949 2957 concursum
977 2900 1101 2955 ests
1130 2894 1523 2971 magistratus
1547 2902 1828 2956 senatum
1851 2910 2092 2970 vocare,
2125 2910 2235 2971 po·

270 2982 451 3058 pulus
482 2980 543 3041 in
577 2980 783 3041 curiae
811 2978 1117 3040 vestibulo
1149 2978 1426 3053 fremere,
1471 2992 1550 3039 ne
1577 2984 1746 3040 tanta
1774 2993 1852 3039 ex
1883 2978 2076 3039 oculis
2107 2995 2235 3040 ma-

268 3064 573 3138 nibusque
606 3064 985 3126 amitteretur
1013 3063 1266 3139 praeda.
1341 3076 1479 3122 cum
1508 3062 1758 3139 quidam
1787 3056 1961 3139 pacis
1992 3063 2241 3139 petitae

272 3148 371 3209 alii
400 3147 767 3209 indutiarum
791 3178 881 3195 --
900 3148 1161 3208 necdum
1192 3144 1354 3207 enim
1384 3148 1518 3207 dies
1548 3146 1880 3207 exierat-
1907 3146 2093 3206 fidem
2123 3161 2232 3222 op-

271 3239 586 3308 ponerent,
616 3233 915 3307 permixto
939 3246 1137 3308 paene
1158 3237 1412 3292 senatus
1437 3231 1774 3308 populique
1804 3230 2062 3291 concilio
2088 3246 2233 3290 con-

273 3331 524 3378 sensum
566 3322 689 3389 est,
730 3324 799 3379 ut
839 3317 1103 3379 classem
1133 3314 1575 3391 quinquaginta
1611 3314 1859 3373 navium
1885 3313 2236 3375 Hasdrubal

274 3398 666 3476 Aegimurum
694 3400 990 3473 traiceret,
1022 3399 1166 3460 inde
1195 3416 1310 3477 per
1337 3398 1517 3459 litora
1544 3405 1883 3475 portusque
1914 3398 2232 3475 dispersas

270 3486 583 3548 Romanas
624 3499 816 3546 naves
859 3485 1186 3561 colligeret.
1252 3484 1532 3544 desertae
1574 3483 1716 3558 ruga
1754 3488 2071 3543 nautarum
2111 3481 2233 3558 pri·
