2550 3959
594 255 827 316 LIBER
846 257 1113 316 XXVIII.
1162 257 1328 317 CAP.
1356 267 1442 320 11.
1491 264 1564 330 [a.
1589 263 1656 321 C.
1675 263 1807 330 5106]
2062 257 2188 321 233

224 408 383 480 dem,
433 405 651 468 Satrici
680 407 890 466 matris
918 405 1185 468 Matutae
1222 407 1302 466 de
1332 406 1506 466 caelo
1539 413 1788 478 tactam3
1834 406 2187 471 Satricanos

224 491 390 553 haud
434 490 631 552 minus
672 491 983 550 terrebant
1026 491 1087 550 in
1127 491 1349 550 aedem
1377 491 1543 551 Iovis
1584 491 1820 551 foribus
1863 489 2020 567 ipsis
2063 493 2188 556 duo

223 573 499 651 perlapsi
528 589 793 649 angues;
848 573 927 634 ab
958 574 1141 634 Antio
1171 574 1508 636 nuntiatum
1539 580 1634 636 est
1662 581 1947 636 cruentas
1979 576 2188 653 spicas

222 658 589 720 metentibus
618 659 789 718 visas
820 673 996 728 esse;
1036 659 1225 718 Caere
1252 675 1483 734 porcus
1513 659 1728 735 biceps
1752 665 1813 719 et
1833 675 2031 734 agnus
2055 677 2186 722 mas

221 743 512 818 idemque
541 742 765 802 femina
791 746 970 802 natus
1002 750 1148 803 erat.
1192 748 1254 802 et
1273 743 1472 804 Albae
1494 744 1618 804 duo
1645 745 1812 805 soles
1835 744 2009 805 visos
2034 745 2188 805 rere·

221 827 399 900 bant,
440 833 503 887 et
541 834 741 888 nocte¹
762 826 1057 900 Fregellis
1098 827 1298 886 lucem
1338 828 1634 888 obortam.
1700 833 1762 887 et
1791 828 1906 888 bos
1948 828 2010 888 in
2039 844 2188 904 agro

222 911 797 984 Romanoalocutusf
822 916 884 969 et
906 925 1018 970 -ara
1043 907 1308 984 Neptuni·-
1335 912 1522 970 multo
1551 927 1842 972 manasse
1869 914 2098 975 sudore
2127 913 2190 972 in

222 995 389 1054 circo
418 993 1091 1064 Flaminio·dicebatur;
1132 1001 1193 1058 et
1218 994 1410 1054 aedes
1439 994 1709 1070 Cereris,
1755 994 2014 1069 Salutis,
2050 995 2189 1070 Qui·

219 1078 341 1140 riui
373 1079 452 1137 de
482 1081 653 1138 caelo
686 1085 898 1138 tactae.
973 1077 1256 1153 prodigia
1287 1080 1578 1138 consules
1606 1078 1831 1140 hostiis
1853 1080 2188 1142 maioribus

222 1177 558 1238 procurare
584 1162 738 1222 iussi
769 1168 830 1222 et
857 1160 1370 1236 supplicationem
1405 1179 1592 1222 unum
1620 1163 1783 1222 diem·
1810 1162 2059 1223 habere.
2115 1179 2191 1224 ea

220 1261 305 1308 ex
333 1253 585 1308 senatus
614 1247 897 1308 consulto
926 1245 1103 1306 facta.
1128 1247 1296 1320 -plus
1325 1246 1606 1306 omnibus
1635 1252 1741 1320 aut
1767 1247 2055 1307 nuntiatis
2082 1264 2188 1322 pe-

220 1345 420 1405 regre·
451 1337 557 1391 aut
596 1330 747 1392 visis
790 1327 955 1389 domi
1008 1329 1307 1404 prodigiis
1351 1330 1562 1391 terruit
1599 1331 1834 1392 animos
1877 1330 2190 1393 hominum

222 1415 383 1490 ignis
433 1414 495 1474 in
546 1415 701 1474 aede
747 1413 979 1473 Vestae
1033 1413 1409 1484 exstinctum
1481 1429 1792 1489 caesaque
1842 1413 2039 1490 flagro
2093 1421 2190 1476 est

226 1495 514 1572 Vestalis,
546 1497 723 1558 cuius
756 1497 1037 1560 custodia
1066 1496 1200 1558 eius
1231 1497 1433 1558 noctis
1463 1498 1688 1573 ruerat,
1731 1497 1906 1559 iussu
1936 1499 2002 1558 P.
2031 1498 2187 1559 Lici-

222 1581 309 1642 nii
338 1582 665 1657 pontificis.
716 1581 778 1640 id
810 1597 1179 1656 quamquam
1210 1581 1358 1642 nihil
1387 1582 1892 1656 portendentibus
1923 1582 2060 1642 deis
2088 1597 2180 1642 ce-

222 1673 416 1727 terum
468 1665 853 1741 neglegentia
901 1664 1167 1725 humana
1214 1665 1548 1739 acciderat,
1607 1673 1808 1727 tamen
1857 1673 1919 1727 et
1967 1666 2186 1727 hostiis

222 1749 559 1812 maioribus
603 1749 935 1824 procurari«
964 1754 1025 1808 et
1064 1748 1577 1823 supplicationem
1615 1751 1698 1808 ad
1722 1752 1948 1810 Vestae
1976 1749 2184 1814 habeti

221 1833 471 1910 placuit.

352 1953 357 1961 ⁴
391 1916 757 1991 Priusquam
784 1915 1328 1991 proficiscerentur
1352 1916 1754 1976 consules-ad
1783 1915 2024 1987 bellum,
2057 1934 2186 1978 mo-

221 2001 331 2060 niti
358 2005 645 2061 asenam
686 2007 859 2073 sunt,
898 2000 1053 2060 utin
1092 2014 1285 2074 agros
1326 1999 1719 2060 reducendae
1746 1997 1947 2073 plebis
1979 2016 2187 2060 curam

221 2084 518 2144 haberent
531 2105 547 2138 ε
598 2084 783 2144 deum
824 2082 1195 2158 benignitate
1236 2089 1608 2146 summotum
1647 2083 1873 2144 bellum
1915 2083 1994 2144 ab
2035 2085 2190 2145 urbe

220 2170 502 2230 Romana
522 2174 589 2228 et
616 2167 785 2228 Latio
816 2183 977 2240 esse,
1008 2182 1206 2242 posse
1230 2167 1386 2228 sine·
1413 2175 1570 2229 metu
1611 2169 1676 2228 in
1715 2170 1884 2241 aare&
1922 2168 2191 2230 habitari

216 2250 711 2314 nec-convenire
762 2250 1005 2313 Siciliae
1065 2266 1249 2326 quam
1298 2251 1504 2312 Italiae
1554 2251 1850 2311 colendae
1897 2252 2190 2312 maiorem

221 2350 430 2398 curam
472 2349 634 2396 esse.
698 2335 815 2396 scd
854 2349 959 2396 res
999 2334 1480 2410 haudquaquam
1521 2339 1654 2394 erat
1697 2335 1928 2409 populo
1971 2336 2188 2410 saciliS,

220 2419 429 2481 liberis
474 2419 811 2480 cultoribus
841 2418 1007 2480 bello
1032 2416 1408 2492 absumptis,
1454 2425 1514 2479 et
1539 2417 1751 2492 inopia
1779 2419 2185 2490 servitiorum,

220 2509 287 2564 et
314 2517 541 2578 pecore
590 2504 831 2578 direpto
874 2503 1161 2578 villisque
1201 2501 1418 2564 dirutis
1461 2507 1582 2562 aut·
1607 2501 1896 2561 incensis.
1967 2518 2190 2576 magna

222 2594 429 2648 tamea
454 2601 599 2662 pars
628 2587 989 2648 auctoritate
1018 2588 1343 2648 consulum
1373 2586 1697 2660 compulsa
1716 2585 1780 2644 in
1803 2600 1986 2661 agros
2008 2585 2188 2645 remi·

218 2672 434 2746 gravit.
494 2676 815 2732 moverant
849 2676 1057 2732 >autem
1096 2670 1358 2732 huiusce
1383 2669 1472 2730 rei
1501 2668 1866 2730 mationem
1893 2668 2186 2729 Placenti-

220 2769 441 2816 norum
481 2761 543 2814 et
576 2754 1077 2816 Cremonensium
1118 2755 1334 2830 legati,
1381 2758 1708 2829 querentes
1752 2769 1964 2827 agrum
2005 2769 2187 2813 suum

220 2838 299 2900 ab
328 2839 559 2900 accolis
576 2838 777 2899 Gallis
806 2838 1108 2900 incursari
1137 2853 1211 2898 ac
1237 2838 1494 2912 vastari,·
1517 2850 1924 2912 magnamque
1953 2841 2187 2911 partem

220 2924 587 2984 colonorum·
612 2937 865 2984 suorum
896 2921 1199 2997 dilapsam
1220 2937 1388 2995 esse,
1431 2927 1500 2982 et
1517 2921 1642 2981 iam
1669 2920 2088 2994 infrequentes
2117 2935 2190 2979 se

218 3005 425 3082 urbes,
454 3022 668 3080 agrum
694 3013 939 3068 vastum
966 3022 1041 3066 ac
1069 3007 1381 3068 desertum
1408 3005 1653 3066 habere.
1710 3003 1978 3066 Mamilio
2007 3019 2186 3079 prae-

216 3091 337 3152 tori
377 3091 869 3164 mandatum,=ut
909 3088 1203 3152 colonias-
1227 3091 1307 3150 ab
1338 3089 1520 3152 hoste
1535 3095 1847 3159 tuci-etun
1893 3089 2185 3150 consules

218 3181 603 3236 ex=seuau1s
647 3176 929 3236 cca-salto
970 3173 1324 3248 edixerunt,
1374 3173 1484 3248 qui
1519 3173 1700 3234 cives·
1739 3173 2185 3232 Cremonenses

218 3264 407 3334 atque
432 3257 765 3320 Placentini
794 3262 1035 3331 essent,
1078 3263 1221 3318 ante
1250 3264 1478 3318 centem
1499 3257 1668 3318 diem
1697 3256 1756 3315 in
1787 3254 2062 3316 colonias
2087 3265 2186 3312 re-

219 3349 619 3404 verterentur.
662 3342 973 3417 Principio
1001 3339 1227 3402 deinde
1254 3342 1418 3402 veris
1449 3346 1510 3400 et
1535 3339 1658 3415 ipsi
1686 3341 1766 3400 ad
1794 3338 2017 3400 bellum
2042 3355 2156 3414 pro

220 3425 362 3485 recti
404 3432 566 3487 sunt.
633 3425 701 3500 Q.
733 3425 1034 3486 Caecilius
1086 3425 1305 3485 consul
1348 3423 1682 3484 exereitum
1724 3423 1800 3483 ab
1831 3421 1893 3484 C.
1924 3422 2184 3497 Nerone,

220 3508 286 3568 L.
316 3509 609 3570 Veturius
652 3526 692 3570 a
730 3508 799 3583 Q.
830 3508 1084 3571 Claudio
1128 3513 1530 3584 propraetore
1571 3507 1836 3582 accepit,
1883 3508 2184 3582 novisque
