2550 3959
552 251 786 315 LIBER
810 252 1026 317 XXVI.
1073 251 1238 315 GAP.
1264 261 1356 320 31.
1383 262 1472 321 32.
1515 256 1587 331 [a.
1615 263 1684 313 c.
1713 261 1844 328 ειη]
2051 254 2173 325 ts?

205 413 421 487 portas
452 412 825 484 aperturum,
859 404 961 481 qui
992 412 1259 475 annates
1290 406 1510 473 milites
1528 422 1710 475 meos
1738 408 1802 475 in
1829 408 2046 477 urbem
2073 427 2176 479 ae-

208 497 533 569 cepturum
578 487 968 565 promiserit?
1012 489 1231 559 odistis
1275 496 1336 551 et
1374 490 1777 561 exsecramini
1813 508 1924 555 eos
1957 495 2056 570 qui
2088 496 2176 558 fe-

208 580 441 649 cerunt,
470 580 533 641 et
559 588 637 639 ne
666 571 765 635 hic
796 572 1043 647 quidem
1072 575 1458 642 contumeliis
1487 573 1547 639 in
1575 590 1689 639 eos
1727 576 2006 644 dicendis
2035 596 2172 655 par-

209 659 343 725 citis
359 681 375 714 ε
405 663 639 723 tantum
662 655 841 722 abest
862 664 931 721 ut
956 662 1017 716 et
1043 655 1163 733 ipsi
1186 658 1310 723 tale
1331 657 1666 735 quicquam
1685 660 1902 727 tacturi
1923 662 2175 727 fueritis.

208 744 349 821 ipsa
367 739 677 808 humilitas
700 754 932 816 eorum,
952 746 1159 816 patres
1180 742 1536 818 conscripti,
1559 760 1741 825 quam
1763 744 1862 806 isti
1888 744 2177 822 obiciunt,

213 825 477 889 maximo
508 830 865 900 argumento
898 830 995 891 cst
1013 840 1111 889 me
1133 826 1455 903 neminem,
1486 827 1592 901 qui
1613 835 1896 895 navatam
1925 844 2176 905 operam

208 911 300 972 rei
328 907 617 985 publicae
646 915 894 972 nestrae
920 908 1122 982 vellet,
1156 916 1504 975 aversatum
1533 925 1694 974 esse.
1761 919 1824 975 et
1849 919 2174 989 antequam

211 994 563 1059 obsiderem
578 990 941 1069 Syracusas
973 1008 1135 1059 nunc
1162 993 1380 1069 legatis
1409 993 1716 1059 mittendis
1745 1010 1908 1061 nunc
1937 997 2018 1059 ad
2049 998 2174 1063 col-

208 1076 485 1153 loquium
538 1076 741 1138 eundo
785 1076 1073 1153 temptavi
1120 1092 1370 1153 pacem
1427 1084 1488 1141 et
1528 1085 1932 1155 posteaquam
1971 1097 2178 1157 neque

208 1162 455 1237 legatos
475 1158 752 1223 violandi
778 1160 1154 1224 verecundia
1182 1168 1342 1233 erat,
1363 1176 1480 1228 nee
1509 1162 1654 1223 mihi
1684 1162 1806 1238 ipsi
1834 1178 2174 1239 congresso

209 1246 293 1309 ad
315 1250 531 1321 portas
554 1258 693 1304 cum
708 1243 1089 1327 principibus
1112 1260 1482 1321 responsum
1497 1244 1770 1319 dabatur,
1795 1247 1996 1309 multis
2015 1253 2176 1312 terra

210 1328 491 1404 marique
518 1327 839 1392 exhaustis
868 1328 1182 1393 laboribus
1206 1329 1452 1397 tandem
1482 1330 1543 1389 vi
1573 1336 1760 1405 atque
1787 1330 1971 1395 armis
1989 1329 2176 1408 Syra-

211 1428 398 1479 cusas
428 1411 585 1487 cepi.
666 1428 825 1488 quae
855 1412 1049 1487 captis
1092 1412 1443 1487 acciderint,
1487 1413 1656 1489 apud
1681 1412 2079 1481 Hannibalem
2115 1421 2176 1475 et

210 1494 745 1572 Carthaginienses
775 1496 971 1559 victos
1002 1511 1215 1561 secum
1254 1496 1472 1559 iustius
1505 1514 1687 1575 quam
1729 1499 1895 1574 apud
1923 1498 2175 1562 victoris

209 1580 427 1659 populi
454 1585 736 1642 senatum
767 1587 1183 1655 quererentur.
1248 1596 1386 1655 ego,
1425 1588 1632 1657 patres
1661 1582 2012 1659 conscripti,
2057 1582 2185 1659 Sy·-

211 1680 470 1727 racusas
512 1664 812 1739 spoliatas
854 1662 909 1727 si
944 1670 1277 1739 negaturus
1307 1680 1542 1739 essem,
1587 1682 1916 1741 numquam
1958 1667 2174 1741 spoliis

210 1764 421 1811 earum
462 1747 675 1813 urbem
714 1748 971 1813 Romam
1012 1763 1394 1812 exornarem.
1473 1764 1636 1823 quae
1673 1756 1874 1810 autem
1915 1749 2174 1825 singulis

214 1833 409 1895 victor
436 1838 541 1894 aut
569 1830 771 1894 ademi
800 1839 903 1895 aut
931 1831 1093 1907 dedi,
1122 1847 1259 1892 eum
1287 1832 1431 1893 belli
1460 1831 1590 1895 iure
1616 1838 1740 1894 tum
1769 1846 1847 1895 ex
1879 1833 2184 1907 cuiusque.

212 1916 427 1977 merito
462 1914 613 1975 satis
643 1915 773 1976 scio
804 1931 902 1975 me
933 1915 1177 1977 fecisse.
1234 1930 1310 1975 ea
1337 1931 1453 1977 vos
1482 1922 1615 1977 rata
1642 1914 1939 1992 habeatis,
1969 1923 2177 1992 patres

214 1998 569 2075 conscripti,
613 2014 826 2075 necne,
869 1998 1071 2075 magis
1098 1999 1187 2059 rei
1216 1998 1500 2075 publicae
1529 1998 1779 2064 interest
1809 2015 1992 2076 quam
2022 2015 2176 2060 mea.

214 2084 447 2161 quippe
476 2097 616 2147 mea
644 2082 803 2147 fides
832 2084 1116 2147 exsoluta
1142 2090 1266 2145 est:
1297 2083 1379 2144 ad
1407 2098 1536 2146 rem
1565 2082 1871 2160 publicam
1900 2082 2176 2161 pertinet,

212 2183 295 2229 ne
320 2174 461 2229 acta
488 2181 627 2227 mea
653 2167 1063 2231 rescindendo
1094 2168 1249 2229 alios
1277 2168 1341 2230 in
1373 2174 1687 2243 posterum
1717 2168 2038 2245 segniores
2066 2168 2177 2228 du-

212 2267 322 2313 ces
345 2250 603 2313 faciatis.
648 2257 707 2313 et
730 2250 1017 2326 quoniam
1046 2267 1253 2315 coram
1284 2259 1346 2315 et
1367 2250 1710 2315 Siculorum
1743 2259 1803 2313 et
1827 2268 1968 2313 mea
1987 2250 2178 2313 verba

212 2334 511 2411 audistiS,
548 2332 760 2409 patres
788 2335 1151 2411 conscripti,
1196 2334 1376 2399 simul
1405 2336 1634 2411 templo
1665 2336 2071 2411 excedemus,
2112 2342 2180 2395 ut

211 2434 315 2481 me
374 2418 631 2483 absente
680 2418 927 2481 liberius
979 2420 1224 2481 consuli.
1268 2424 1524 2481 senatus
1577 2419 1849 2493 possit‘a
1941 2418 2026 2481 ita
2087 2418 2178 2477 di-

210 2502 388 2565 missi
417 2500 637 2578 Siculi,
682 2502 906 2577 etipse
934 2502 993 2563 in
1025 2501 1388 2578 Capitolium
1434 2502 1515 2565 ad
1546 2500 1828 2569 dilectum
1871 2500 2180 2566 discessit.

190 2580 453 2651 mu.
481 2587 701 2649 consul
730 2588 883 2648 alter
904 2588 983 2647 de
1005 2586 1330 2663 postulatis
1345 2584 1692 2649 Siculorum
1717 2585 1799 2647 ad
1822 2590 2030 2660 patres
2059 2590 2180 2644 ret-

212 2669 367 2731 tulit.
434 2668 517 2734 ihi
548 2684 687 2733 cum
718 2669 825 2733 diu
850 2670 933 2731 de
960 2669 1277 2733 sententiis
1313 2675 1610 2733 certatum
1637 2676 1826 2744 esset,
1872 2676 1934 2733 et
1960 2683 2182 2743 magna

211 2770 365 2831 pars
394 2761 661 2826 senat-za,
696 2753 969 2829 principe
998 2754 1130 2817 eius
1154 2752 1492 2817 sententiae
1510 2754 1576 2812 Τ.
1599 2752 1826 2813 Manlio
1849 2754 2176 2827 Torquato,

214 2853 360 2899 cum
386 2838 665 2915 tyrannis
686 2836 912 2901 bellum
941 2838 1280 2913 gerendum
1305 2836 1500 2899 ruisse
1529 2842 1868 2909 censerent,
1897 2833 2180 2897 hostibus

212 2928 280 2982 et
300 2919 839 2999 Syracusanorum
863 2929 925 2983 et
950 2922 1167 2997 populi
1186 2920 1476 2992 Romani5
1509 2928 1572 2983 et
1597 2921 1809 2985 urbem
1837 2918 2028 2995 recipi
2055 2934 2187 2981 non

213 3004 392 3079 capis
450 3012 513 3067 et
550 3011 861 3080 receptam
907 3004 1146 3079 legibus
1186 3006 1453 3085 antiquis
1495 3012 1561 3067 et
1595 3004 1869 3067 libertate
1910 3002 2181 3077 stabiliri,

212 3102 345 3150 non
374 3088 619 3151 fessam·
634 3088 984 3152 miseranda
1011 3089 1306 3152 servitute
1330 3086 1490 3151 bello
1522 3088 1751 3164 adfligi.
1793 3089 1948 3151 inter
1974 3094 2168 3165 tyran-

213 3186 438 3235 norum
476 3176 537 3235 ot
577 3171 753 3235 ducis
782 3170 1042 3235 Romani
1088 3174 1420 3235 certamina
1458 3172 1795 3247 praemium
1834 3169 2086 3233 victoris
2117 3170 2180 3229 in

211 3256 423 3317 medio
447 3255 712 3332 positam
741 3256 955 3319 urbem
977 3255 1444 3331 pulcherrimam
1472 3272 1546 3319 ac
1573 3254 2016 3318 nobilissimam
2040 3264 2181 3329 per-

214 3339 376 3415 isse,
422 3338 717 3403 horroum
751 3345 936 3415 atque
975 3340 1280 3403 aerarium
1321 3340 1632 3415 quondam
1659 3337 1875 3413 populi
1903 3335 2180 3411 Romani,

214 3423 393 3486 cuius
422 3422 840 3487 munificentia
863 3439 938 3484 ac
969 3423 1151 3487 donis
1178 3424 1384 3485 multis
1415 3420 1896 3499 tempestatibus,
1922 3418 2046 3483 hoc
2075 3420 2182 3481 de·
2301 3502 2308 3509 ⁶

214 3506 407 3585 nique
434 3506 577 3585 ipso
603 3505 831 3569 Punico
860 3506 1023 3572 bello
1058 3507 1267 3569 adiuta
1309 3512 1646 3582 ornataque
1672 3520 1774 3565 res
1805 3503 2049 3583 publiea
2083 3518 2175 3563 es·
