2550 3959
392 234 518 298 320
687 235 917 295 LIBER
945 234 1155 294 XXlX.
1199 234 1366 293 CAP.
1396 242 1484 296 37.
1513 242 1599 296 38.
1648 256 1722 306 [α.
1758 238 1821 292 U.
1853 257 1900 291 c.
1930 240 2054 305 548]

394 390 534 451 dius
556 389 735 447 Nero.
782 387 1111 448 duodecim
1141 388 1366 447 deinde
1398 387 1790 460 coloniarum,
1825 388 1993 462 quod
2021 405 2348 465 numquam

392 480 533 533 ante
563 473 785 533 factum
827 478 987 547 erat,
1030 471 1444 532 deferentibus
1482 471 1754 547 ipsarum
1793 472 2167 533 coloniarum
2210 488 2348 533 cen-

392 556 654 630 soi-ibus,
687 570 938 617 censum
961 564 1348 632 acceperunt,
1376 562 1460 630 ut,
1493 562 1781 630 quantum
1803 571 2058 616 numero
2080 556 2346 633 militum,

394 648 683 716 quantum
713 639 979 716 pecunia
1004 640 1296 714 valerent,
1327 640 1388 698 in
1418 638 1680 716 publicis
1708 640 1934 701 tabulis
1961 649 2350 703 monumenta

390 731 716 787 exstarent.
790 723 1061 799 equitum
1111 724 1336 785 deinde
1385 738 1608 784 census
1655 724 1755 799 agi
1806 730 2062 801 coeptus
2111 732 2234 795 est3
2291 734 2350 785 et

392 804 579 869 ambo
600 809 758 869 forte
788 822 1082 867 censores
1126 822 1350 883 equum
1378 806 1686 883 publicum
1714 807 2039 869 habebant.
2102 824 2242 869 cum
2269 810 2347 870 ad

388 892 607 951 tribum
633 891 885 951 Polliam
927 899 1175 952 ventum
1214 899 1340 967 est,
1379 892 1441 951 in
1481 908 1604 966 qua
1629 891 1710 950 M.
1740 891 1892 952 Livii
1937 907 2156 952 nomen
2199 902 2344 965 erat,

390 982 450 1035 et
470 990 695 1051 praeco
722 981 1105 1037 cunctaretur
1126 976 1316 1037 citare
1337 974 1540 1051 ipsum
1560 989 1897 1051 censorem,
1926 977 2126 1051 „cita“
2153 977 2348 1053 inquit

388 1059 547 1120 Nero
587 1058 709 1134 ,,Μ.
740 1058 1061 1119 Livium=“
1104 1067 1165 1121 et
1204 1061 1340 1120 sive
1381 1074 1460 1119 ex
1497 1058 1750 1120 residua
1773 1067 1983 1120 vetere
2025 1061 2344 1134 simultate,

390 1144 523 1203 sive
544 1144 725 1203 intem
731 1142 1320 1217 pestivaiactatione
1339 1142 1680 1205 severitatis
1703 1141 1968 1217 inflatus,
1999 1144 2080 1204 Μ.
2095 1144 2345 1219 Livium,

390 1228 536 1303 quia
557 1228 775 1303 populi
796 1226 1025 1289 iudicio
1050 1234 1219 1288 esset
1238 1227 1578 1303 damnatus,
1608 1242 1833 1303 equum
1851 1227 2122 1289 vendere
2148 1229 2344 1291 iussit.

388 1312 529 1371 item
556 1312 638 1371 Μ.
667 1310 908 1384 Livius,
954 1326 1093 1372 cum
1122 1311 1204 1371 ad
1232 1311 1456 1373 tribum
1481 1312 1848 1372 Arniensem
1875 1319 1938 1373 et
1967 1328 2190 1374 nomen
2223 1314 2347 1375 col-

388 1397 563 1471 legae
587 1402 829 1455 ventum
860 1401 972 1469 est,
1016 1395 1288 1456 vendere
1317 1411 1542 1471 equum
1565 1396 1626 1456 C.
1651 1395 1966 1457 Claudium
1992 1396 2171 1457 iussit
2199 1396 2346 1457 dua·

386 1496 523 1540 rum
548 1495 751 1539 rerum
781 1494 988 1555 causa,
1030 1480 1233 1555 uniuS,
1272 1480 1444 1555 quod
1473 1480 1694 1540 falsum
1721 1479 2051 1541 adversum
2080 1495 2152 1542 se
2179 1482 2346 1542 testi-

386 1562 657 1625 monium
698 1562 989 1639 dixisset,
1034 1564 1315 1637 alteriuS,
1362 1563 1528 1640 quod
1559 1579 1683 1625 non
1712 1564 1954 1624 sincera
1981 1564 2108 1625 fide
2135 1579 2347 1625 secum

387 1647 449 1707 in
490 1647 745 1723 gratiam
773 1647 1057 1708 redisset.
1122 1664 1322 1722 aeque
1363 1647 1612 1708 foedum
1642 1654 1946 1708 certamen
1987 1647 2346 1724 inquinandi

387 1734 609 1791 samam
658 1732 905 1793 alterius
937 1747 1073 1793 cum
1114 1747 1265 1793 suae
1294 1732 1494 1792 famae
1523 1732 1748 1791 damno
1777 1732 2000 1792 factum
2043 1739 2140 1793 est
2181 1734 2345 1792 exitu

389 1832 708 1877 censurae.
772 1830 909 1877 cum
954 1816 1016 1875 in
1056 1816 1225 1891 leges
1267 1816 1532 1877 iurasset
1559 1816 1623 1876 C.
1653 1814 1944 1876 Claudius
1982 1816 2132 1876 etin
2175 1832 2348 1876 aera·

386 1901 543 1961 rium
572 1899 973 1974 escendisset,
1016 1901 1172 1961 inter
1198 1900 1448 1961 nomina
1473 1915 1703 1974 eorum,
1753 1914 1912 1975 quos
1949 1900 2222 1961 aerarios
2249 1916 2346 1960 re-

387 1984 724 2059 linquebat,
781 1984 951 2045 dedit
999 1984 1273 2059 collegae
1322 1999 1564 2044 nomen.
1651 1983 1874 2043 deinde
1913 1982 1994 2043 M.
2036 1984 2244 2044 Livius
2287 1984 2350 2044 in

387 2068 687 2129 aerarium
728 2068 919 2140 venit,
967 2074 1028 2127 et
1066 2073 1312 2143 praeter
1336 2067 1631 2128 Maeciam
1657 2066 1910 2142 tribum,
1956 2084 2114 2142 quae
2142 2083 2213 2128 se
2243 2083 2349 2128 ne·

388 2166 509 2225 que
534 2152 1007 2213 condemnasset
1038 2166 1243 2226 neque
1272 2152 1740 2214 condemnatum
1767 2158 1872 2213 aut
1899 2154 2214 2213 consulem
2245 2160 2351 2213 aut

387 2250 707 2297 censorem
739 2234 1014 2311 fecisset,
1059 2237 1356 2312 populum
1384 2236 1723 2297 Romanum
1753 2252 2011 2312 omnem,
2059 2242 2353 2312 quattuor

384 2325 447 2379 et
472 2319 717 2395 triginta
742 2319 954 2395 tribus,
986 2320 1259 2381 aerarios
1285 2321 1547 2397 reliquit,
1581 2320 1749 2396 quod
1775 2327 1837 2381 et
1863 2320 2250 2382 innocentem
2276 2335 2350 2380 se

386 2404 905 2465 condemnassent
945 2411 1005 2466 et
1045 2405 1514 2465 condemnatum
1555 2407 1872 2466 consulem
1913 2412 1974 2465 et
2024 2420 2352 2466 censorem

383 2487 707 2563 fecissent,
770 2504 971 2564 neque
1017 2487 1262 2549 infitiari
1301 2497 1561 2565 possent
1601 2496 1706 2549 aut
1741 2488 1968 2549 iudicio
2013 2490 2204 2549 semel
2246 2498 2354 2549 aut

385 2570 645 2633 comitiis
664 2571 763 2632 bis
793 2571 871 2633 ab
892 2588 965 2634 se
986 2579 1306 2649 peccatum
1335 2587 1497 2633 esse.
1542 2573 1698 2633 inter
1720 2579 2004 2649 quattuor
2022 2579 2083 2632 et
2103 2571 2354 2648 triginta

382 2655 575 2717 tribus
616 2663 677 2719 et
705 2656 770 2716 C.
801 2656 1113 2717 Claudium
1154 2655 1456 2719 aerarium
1498 2658 1660 2717 forez
1705 2658 1873 2731 quod
1900 2658 1954 2717 si
1996 2656 2352 2732 exemplum

382 2738 636 2801 haberet
673 2739 771 2799 bis
812 2739 1075 2800 eundem
1114 2739 1418 2802 aerarium
1461 2740 1877 2817 relinquendi,
1923 2741 1986 2802 C.
2031 2739 2350 2801 Claudium

384 2823 737 2886 nominatim
778 2838 851 2885 se
890 2823 1047 2884 inter
1088 2824 1362 2885 aerarios
1401 2824 1596 2885 fuisse
1635 2824 2004 2885 relicturum.
2087 2840 2350 2901 pravum

385 2913 689 2967 certamen
717 2914 994 2967 notarum
1020 2906 1177 2967 inter
1203 2924 1528 2969 censoresae
1559 2908 1876 2984 castigatio
1905 2908 2352 2969 inconstantiae

384 2990 599 3065 populi
630 2991 913 3051 censoria
942 2997 1003 3050 et
1030 2992 1328 3066 gravitate
1358 3000 1700 3068 temporum
1741 2991 1982 3053 illo-rum
2011 2993 2214 3068 digna.
2261 2992 2348 3052 ’in

383 3072 615 3134 invidia
643 3088 937 3134 censores
969 3090 1106 3135 cum
1136 3084 1374 3149 essent,
1419 3075 1741 3138 crescendi
1777 3092 1860 3137 ex
1900 3076 1976 3136 iis
2004 3084 2174 3137 ratus
2205 3091 2354 3137 esse

386 3156 779 3219 occasionem
794 3158 1179 3221 Cn.Baebius
1204 3160 1485 3222 tribunus
1514 3160 1718 3237 plebis
1747 3160 1910 3221 diem
1940 3160 2020 3221 ad
2048 3160 2350 3236 populum

383 3242 663 3317 utrisque
692 3241 863 3303 dixit.
930 3259 1005 3303 ea
1031 3260 1135 3305 res
1166 3260 1478 3306 consensu
1508 3251 1749 3320 patrum
1780 3244 2068 3306 discussa
2102 3251 2224 3318 est,
2271 3258 2354 3303 ne

386 3332 606 3401 postea
634 3325 903 3388 obnoxia
931 3328 1213 3403 populari
1244 3344 1431 3389 aurae
1460 3344 1722 3390 censura
1749 3336 1938 3391 esset.

551 3408 872 3471 XXXVIII.
920 3410 1153 3472 Eadem
1179 3418 1416 3472 aestate
1442 3414 1501 3472 in
1516 3412 1764 3473 Bruttiis
1779 3413 2114 3489 Clampetia
2143 3428 2180 3471 a
2202 3426 2354 3472 con-

388 3491 521 3550 sule
563 3492 623 3553 vi
665 3501 873 3569 capta,
933 3494 1262 3556 Consentia
1307 3503 1366 3556 et
1402 3496 1710 3557 Pandosia
1750 3504 1812 3557 et
1851 3497 2150 3571 ignobiles
2193 3496 2358 3556 aliae
