2550 3959
376 244 501 311 338
692 246 922 307 LIBER
948 246 1131 306 XXX.
1174 245 1339 305 CAP.
1377 253 1459 308 16.
1493 253 1576 309 17.
1617 246 1692 323 [a.
1717 251 1782 303 U.
1808 267 1856 303 c.
1880 247 2008 325 ⁵49]

378 414 503 474 qua
526 397 765 459 oriundi
786 405 961 459 erant
978 430 1066 443 -
1086 396 1559 473 procubuerunt.
1599 396 1972 458 conveniens
1997 399 2191 459 oratio
2213 405 2340 461 tam

378 482 586 543 humili
616 482 948 542 adulationi
977 481 1104 553 fuit,
1134 496 1257 541 non
1290 482 1530 556 culpam
1559 482 1964 557 purgantium,
1997 482 2112 542 sed
2141 490 2338 544 trans-

376 564 699 629 ferentium
730 565 959 627 initium
991 566 1209 641 culpae
1236 564 1298 624 in
1311 564 1712 625 Hannibalem
1741 566 2174 641 potentiaeque
2200 567 2337 628 cius

377 652 666 711 fautores.
730 649 973 709 veniam
1018 648 1244 708 civitati
1272 648 1562 723 petebant
1599 648 1821 709 civium
1861 649 2196 711 temeritate
2234 650 2336 711 bis

374 734 494 794 iam
535 748 822 807 eversae,
864 733 1151 793 incolumi
1192 732 1428 793 suturae
1470 733 1680 793 iterum
1709 731 1977 793 hostium
2003 732 2329 795 beneficio.

373 816 690 894 imperium
713 832 791 877 ex
810 816 989 877 victis
1014 816 1292 878 hostibus
1317 817 1612 893 populum
1623 817 1964 877 Romanum
1987 832 2109 877 non
2127 817 2332 893 perni-

374 902 528 962 ciem
557 908 785 977 petere.
850 902 1081 976 paratis
1111 900 1470 960 obedienter
1497 900 1729 960 servire
1770 901 2127 976 imperaret,
2171 915 2332 974 quac

377 985 574 1044 vellet.
606 984 813 1060 Scipio
848 991 909 1044 et
935 985 1187 1045 venisse
1214 1000 1291 1045 ea
1318 999 1433 1059 spe
1459 984 1518 1043 in
1534 985 1802 1044 Africam
1833 1000 1902 1044 se
1933 984 2034 1059 ait,
2065 991 2127 1045 et
2154 1000 2332 1059 spem

372 1084 545 1128 suam
562 1084 861 1144 prospero
873 1068 1016 1129 belli
1030 1074 1253 1129 eventu
1268 1076 1526 1141 auctam,
1561 1068 1874 1130 victoriam
1891 1084 1960 1129 se
1976 1084 2097 1129 non
2113 1082 2330 1151 pacem

371 1153 617 1213 domum
646 1159 1091 1228 reportaturum
1132 1168 1304 1213 essex
1347 1159 1580 1225 tamen,
1627 1163 1765 1213 cum
1794 1152 2106 1211 victoriam
2131 1166 2332 1227 prope

370 1235 431 1297 in
461 1235 741 1297 manibus
768 1236 1009 1311 habe-at,
1050 1251 1267 1311 pacem
1294 1251 1417 1295 non
1443 1236 1733 1310 abnuere,
1773 1244 1840 1297 ut
1869 1251 2083 1297 omnes
2111 1241 2329 1309 gentes

374 1321 574 1381 sciant
596 1320 893 1397 populum
908 1320 1248 1381 Romanum
1270 1326 1332 1379 et
1353 1320 1669 1395 suscipere
1689 1320 1847 1381 iuste
1869 1319 2032 1379 bella
2053 1325 2113 1379 et
2133 1318 2332 1379 finire.

370 1406 542 1479 leges
580 1405 752 1479 pacis
783 1418 853 1465 se
882 1404 997 1463 has
1030 1403 1264 1463 dicere=
1310 1402 1589 1478 captivos
1620 1410 1678 1463 et
1707 1404 2000 1478 perfugas
2041 1410 2102 1463 et
2128 1401 2330 1477 rugiti-

372 1504 483 1548 vos
515 1488 860 1557 restitutum
903 1488 1208 1549 exercitus
1239 1502 1320 1547 ex
1339 1486 1511 1567 Italia
1539 1493 1600 1547 et
1624 1486 1816 1549 Gallia
1845 1487 2181 1553 deducant;
2223 1485 2330 1546 Hi·

368 1572 587 1647 spania
624 1570 997 1640 abstineant3
1066 1570 1282 1630 insulis
1325 1569 1636 1644 omnibuS,
1692 1585 1851 1644 quae
1902 1570 2057 1631 inter
2098 1569 2330 1629 ltaliam

366 1660 552 1731 atque
585 1655 857 1715 Africam
901 1656 1051 1729 sint,
1094 1654 1425 1724 decedant3
1471 1668 1666 1713 naves
1707 1655 1925 1729 longas
1968 1659 2211 1730 praeter
2237 1654 2329 1713 vi-

368 1739 519 1814 ginti
549 1754 763 1799 omnes
792 1740 1048 1812 tradant,
1080 1738 1256 1798 tritici
1287 1739 1637 1814 quingenta,
1676 1736 1892 1797 hordei
1921 1744 2192 1798 trecenta
2217 1738 2328 1797 mi-

367 1822 448 1882 lia
480 1822 767 1883 modium.
810 1824 1109 1898 pecuniae
1140 1838 1438 1882 summam
1463 1828 1751 1897 quantam
1779 1821 2185 1897 imperaverit,
2219 1838 2329 1897 pa·

369 1922 501 1966 rum
534 1905 841 1967 convenit=
872 1906 1015 1966 alibi
1046 1905 1320 1981 quinque
1349 1905 1513 1965 milia
1541 1905 1848 1977 talentum,
1879 1905 2026 1965 alibi
2057 1905 2331 1981 quinque

365 1990 530 2049 milia
580 1990 791 2065 pondo
842 1989 1103 2063 argenti,
1160 1989 1303 2049 alibi
1347 1989 1578 2063 duplex
1625 1986 1997 2064 stipendium
2039 1988 2329 2050 militibus

364 2073 724 2146 imperatum
746 2072 1011 2132 invenio.
1055 2072 1192 2146 „his
1218 2072 1728 2149 condicionibus“
1751 2072 1947 2149 inquit
1969 2075 2330 2148 „placeatne

366 2172 508 2232 pax,
537 2156 799 2215 triduum
830 2155 911 2214 ad
940 2156 1411 2217 consultandum
1442 2156 1701 2216 dabitur.
1769 2156 1822 2217 si
1851 2156 2164 2231 placuerit,
2199 2173 2330 2217 me-

366 2255 503 2301 cum
536 2238 803 2299 indutias
832 2239 1043 2311 facite,
1080 2238 1340 2299 Romam
1371 2239 1450 2299 ad
1477 2246 1756 2299 senatum
1785 2240 1999 2301 mittite⁴
2023 2242 2330 2316 legatos“.

363 2324 447 2383 ita
476 2323 713 2383 dimissi
729 2323 1257 2399 Carthaginienses
1287 2324 1488 2385 nullas
1511 2324 1893 2384 recusandas
1926 2324 2329 2386 condiciones

361 2406 537 2483 pacis
563 2422 700 2467 cum
723 2408 1127 2479 censuissent,
1160 2409 1390 2483 quippe
1421 2406 1524 2483 qui
1552 2423 1786 2467 moram
1813 2408 2109 2483 temporis
2139 2424 2330 2485 quae·

363 2496 598 2565 retent,
642 2490 785 2551 dum
812 2490 1116 2551 Hannibal
1144 2490 1202 2551 in
1231 2490 1506 2551 Africam
1535 2492 1844 2564 traiceret,
1888 2494 2126 2567 legatos
2170 2492 2327 2553 alios

362 2574 442 2634 ad
473 2573 853 2651 Scipionem,
898 2582 967 2635 ut
991 2574 1258 2636 indutias
1290 2574 1587 2648 facerent,
1631 2574 1788 2636 alios
1815 2574 2073 2637 Romam
2103 2576 2184 2635 ad
2212 2591 2328 2651 pa-

362 2673 497 2719 cem
524 2658 852 2734 petendam
872 2659 1127 2731 mittunt,
1160 2658 1457 2719 ducentes
1489 2674 1722 2733 paucos
1752 2659 1811 2719 in
1839 2660 2110 2734 speciem
2134 2659 2329 2735 capti-

360 2757 479 2803 vos
503 2742 917 2818 perfugasque
946 2750 1007 2802 et
1027 2742 1334 2817 fugitivoS,
1369 2757 1492 2817 quo
1523 2742 1960 2817 impetrabilior
1979 2759 2108 2819 pax
2137 2752 2327 2805 esset.

526 2825 714 2885 XVII.
770 2825 973 2885 Multis
1004 2833 1143 2886 ante
1173 2825 1392 2887 diebus
1421 2826 1667 2887 Laelius
1713 2843 1848 2889 cum
1881 2825 2172 2906 Syphace
2199 2827 2326 2903 pri-

360 2909 758 2985 moribusque
786 2908 1177 2969 Numidarum
1221 2909 1479 2985 captivis
1508 2911 1766 2971 Romam
1798 2912 1995 2985 venit,
2040 2926 2328 2986 quaeque

358 2992 422 3052 in
450 2992 663 3052 Africa
702 3000 877 3067 gesta
919 3001 1159 3066 essent,
1204 2993 1410 3055 omnia
1451 2994 1665 3053 ordine
1707 2995 1996 3071 exposuit
2024 2994 2326 3070 patribuS,

359 3074 587 3152 ingenti
617 3074 927 3137 hominum
956 3084 1018 3137 et
1044 3077 1103 3137 in
1128 3092 1426 3153 praesens
1455 3077 1683 3138 laetitia
1711 3079 1858 3138 etin
1890 3079 2158 3139 futurum
2188 3093 2322 3153 spe.

360 3158 626 3221 consulti
647 3159 791 3219 inde
815 3167 1021 3237 patres
1042 3176 1251 3236 regem
1273 3160 1334 3220 in
1359 3161 1701 3221 custodiam
1723 3161 1943 3222 Albam
1966 3162 2328 3223 mittendum

361 3249 759 3316 censuerunt,
802 3243 1072 3304 Laelium
1100 3244 1512 3321 retinendum,
1570 3246 1772 3306 donec
1798 3246 1982 3321 legati
2013 3245 2323 3321 Carthagi-

360 3325 612 3387 nienses
641 3327 937 3389 venirent.
998 3328 1365 3405 supplicatio
1396 3330 1458 3389 in
1491 3329 1897 3405 quadriduum
1928 3329 2178 3391 decreta
2206 3334 2326 3389 est.

359 3407 424 3467 P.
454 3410 668 3471 Aelius
698 3418 946 3487 praetor
972 3418 1189 3473 senatu
1216 3413 1410 3473 misso
1441 3422 1502 3474 et
1529 3412 1814 3476 contione
1843 3413 1987 3474 inde
2017 3412 2324 3474 advocata

359 3506 503 3554 cum
523 3493 588 3554 C.
610 3494 819 3557 Laelio
847 3496 907 3556 in
936 3502 1137 3557 rostra
1166 3498 1461 3558 escendit.
1502 3496 1586 3558 ibi
1611 3513 1762 3559 vero
1793 3497 2113 3561 audientes
2143 3497 2328 3559 fusos
