2550 3959
606 257 839 318 LIBER
866 255 1135 316 XXVHl.
1184 257 1355 317 CAP.
1386 267 1473 318 25.
1521 260 1592 335 [a.
1617 263 1680 316 c.
1707 261 1832 338 206]
2071 261 2198 326 249

219 421 437 470 omnes
466 406 793 479 auderent,
838 407 1040 467 minus
1084 405 1350 482 insignia
1379 409 1511 468 sore
1541 423 1704 484 quae
1730 408 1852 487 ipsi
1881 414 2194 476 fecissent.

217 491 405 554 XXV.
473 506 611 550 cum
650 490 817 552 *alios
868 490 1134 551 subinde
1180 498 1462 552 recentes
1514 494 1762 554 nuntios
1809 511 1934 558 non
1981 501 2195 562 mortis

219 577 417 638 modo‘
440 575 554 636 sed
584 573 766 635 etiam
788 575 1021 636 funeris
1051 583 1500 651 exspectarent,
1534 593 1738 654 neq-ue
1769 581 2197 656 superveniret

221 661 572 739 quisquam,
604 666 1125 736 evanesceretque
1146 667 1378 720 temere
1408 669 1578 722 ortus
1605 657 1829 740 rumor,
1860 671 1988 726 tum
2017 667 2194 743 primi

218 752 507 808 auctores
535 743 768 818 requiri
792 745 1016 820 coepti.
1061 751 1123 805 et
1148 745 1544 806 subtrahente
1575 761 1654 807 se·
1676 765 1944 826 quoque,
1975 758 2043 812 ut
2063 765 2195 812 cre-

219 829 459 892 didisse
484 829 689 906 potius
710 835 941 890 temere
971 845 1155 905 quam
1178 829 1439 890 finxisse
1467 845 1596 891 rem
1617 834 1800 894 talem
1829 835 2024 895 videri
2047 851 2192 912 pos-

219 921 333 991 set,
367 913 635 975 destituti
666 913 857 974 duces
888 914 1007 974 iam
1038 931 1153 976 sua
1181 915 1302 991 ipsi
1331 914 1597 990 insignia
1625 924 1686 978 et
1712 934 1827 994 pro
1855 933 2019 980 vana
2047 920 2188 980 ima·

216 999 361 1076 gine
389 998 647 1075 imperii,
694 999 865 1074 quod
895 1005 1195 1074 gererent,
1236 1015 1452 1059 veram
1481 1001 1827 1078 iustamque
1854 1019 2002 1071 mox
2032 1005 2093 1064 in
2125 1020 2197 1066 se

156 1145 183 1156 ..
215 1099 537 1145 versuram
587 1090 959 1160 potestatem
998 1084 1346 1145 horrebant.
1419 1091 1704 1160 stupente
1754 1087 1839 1146 ita
1890 1088 2195 1150 seditione

219 1183 359 1229 cum
390 1168 597 1228 vivere
627 1167 854 1244 primo,
896 1183 1043 1228 mox
1084 1166 1265 1248 etiam
1291 1169 1499 1228 valere
1529 1168 1882 1246 Scipionem
1912 1172 2059 1233 certi
2087 1189 2194 1234 au-

218 1259 422 1315 ctores
474 1253 811 1325 adferrent,
868 1251 1090 1312 tribuni
1131 1253 1384 1313 militurn
1427 1260 1663 1330 septem
1705 1255 1878 1316 missi
1930 1255 2008 1314 ab
2054 1257 2193 1332 ipso

198 1337 511 1414 aScipione
551 1342 711 1400 sunt.
782 1337 862 1396 ad
892 1353 1150 1412 quorum
1178 1339 1440 1414 primurn
1470 1340 1799 1399 adventum
1841 1335 2190 1416 exasperati

217 1421 431 1498 animi,
476 1436 624 1481 mox
658 1421 813 1496 ipsis
844 1422 1089 1497 placido
1126 1438 1410 1483 sermone
1437 1421 1958 1499 permulcentibus
1987 1429 2188 1498 notOS‚

218 1521 357 1568 cum
410 1505 633 1582 quibus
682 1506 1003 1581 congressi
1054 1513 1254 1580 erant,
1301 1507 1469 1568 leniti
1511 1515 1672 1569 sunt.
1721 1507 2190 1581 ‚circumeuntes

218 1591 382 1651 enim
406 1591 669 1652 tentoria
696 1590 929 1666 prime,
974 1590 1199 1651 deinde
1226 1591 1289 1652 in
1319 1591 1667 1669 principiis,
1712 1592 2043 1669 praetoriO,
2089 1594 2191 1654 ubl

218 1689 538 1737 sermones
568 1676 725 1736 inter
752 1691 823 1735 se
854 1675 1185 1736 serentium
1214 1677 1482 1738 circulos
1515 1677 1848 1750 vidissent,
1891 1677 2190 1752 adloque-

217 1759 439 1820 bantur
477 1767 955 1835 percunctantes·
988 1759 1215 1835 magiS,
1263 1777 1422 1836 quae
1449 1773 1641 1821 causa
1678 1762 1807 1820 irae
1835 1767 2191 1822 consterna·

215 1839 528 1920 tioni‘sque
568 1837 809 1905 subitae
840 1845 1027 1920 foret,
1072 1859 1256 1920 quam
1288 1845 1514 1906 factum
1543 1849 1934 1906 accusantes.
2001 1847 2193 1921 vulgo

218 1929 590 2006 stipendIum
618 1944 743 1988 non
768 1929 975 1989 datum
1003 1929 1084 1988 ad
1114 1928 1277 1990 diem
1304 1930 1661 2004 iactabatur,
1694 1937 1770 2004 et,
1801 1941 1942 1990 cum
1968 1929 2194 1990 eodem

216 2021 511 2089 tempore,
547 2029 671 2089 quo
703 2014 909 2074 scelus
938 2001 1446 2089 Iliturgitanorum
1475 2013 1832 2089 exstitisset,
1864 2021 2011 2090 post
2038 2014 2193 2074 duo·

214 2115 353 2159 rum
370 2098 800 2174 imperatorum
824 2097 1210 2173 duorumque
1238 2098 1612 2158 exercituum
1641 2106 1908 2175 stragem
1939 2115 2053 2160 sua
2076 2099 2194 2158 vir·

217 2189 348 2244 tute
380 2183 705 2243 defensum
735 2196 956 2242 nomen
984 2186 1330 2244 Romanum
1373 2197 1447 2242 ac
1477 2189 1713 2243 retenta
1743 2183 2065 2259 provincia
2095 2197 2194 2242 es-

218 2273 342 2340 set,
398 2265 810 2342 Iliturgitanos
854 2280 1119 2342 poenam
1163 2278 1369 2326 noxae
1417 2267 1694 2327 meritam
1735 2266 1995 2341 habere,
2061 2267 2196 2326 suis

216 2359 387 2412 recte
430 2351 605 2411 factis
634 2351 890 2426 gratiam
920 2351 1024 2424 qui
1054 2349 1336 2410 exsolvat
1363 2366 1488 2410 non
1532 2365 1696 2411 esse.
1758 2350 1902 2411 talia
1933 2364 2194 2427 queren-

219 2444 317 2498 tes
358 2451 561 2513 aequa
604 2449 810 2510 orare,
858 2448 1053 2509 seque
1082 2449 1156 2494 ea
1182 2434 1487 2494 relaturos
1519 2433 1599 2494 ad
1636 2433 2069 2509 imperatorem
2095 2449 2192 2493 re-

218 2519 643 2596 spondebant3
699 2519 911 2579 laetari
958 2518 1126 2594 quod
1166 2516 1316 2578 nihil
1355 2517 1590 2578 tristius
1631 2533 1748 2577 nec
1789 2515 2194 2578 insanabilius

217 2611 417 2678 esset,
457 2610 518 2664 et
542 2603 608 2662 P.
638 2602 991 2679 Scipionem
1036 2603 1218 2664 deum
1258 2601 1634 2677 benignitate
1674 2607 1736 2662 et
1773 2601 1862 2660 rei
1908 2601 2194 2677 publicae

218 2691 369 2750 esse
389 2686 629 2764 >gratiae
656 2680 1045 2748 referendae.¹
1118 2686 1473 2763 Scipionem
1500 2685 1678 2747 bellis
1709 2685 2063 2759 adsuetum,
2110 2685 2194 2745 ad

218 2772 591 2834 seditionum
630 2772 937 2849 procellas
980 2772 1225 2847 rudem,
1272 2770 1601 2832 sollicitum
1639 2769 1908 2830 habebat
1935 2783 2070 2844 res,
2113 2784 2194 2829 ne

218 2855 325 2918 a'ut
367 2857 673 2919 exercitus
717 2854 1036 2932 peccando
1067 2861 1173 2917 aut
1200 2855 1342 2931 ipse
1368 2854 1685 2936 puniendo
1714 2854 1969 2914 modum
2011 2868 2194 2914 exce-

218 2942 411 3010 deret.
474 2942 536 3003 in
567 2941 933 3018 praesentia,
976 2946 1042 3000 ut
1068 2940 1412 3016 coepisset,
1460 2939 1676 3001 leniter
1703 2938 1802 3014 agi
1831 2937 2092 3014 placuit;
2133 2941 2197 2998 et

216 3025 427 3088 missis
472 3027 638 3087 circa
680 3025 1109 3102 stipendiarias
1142 3024 1426 3084 civitates
1464 3023 1856 3086 exactoribus
1902 3020 2194 3098 stipendii

216 3125 395 3186 spem
438 3110 851 3186 propinquam
892 3109 1113 3169 facere.
1180 3109 1450 3169 edictum
1493 3107 1757 3169 subinde
1785 3107 2190 3183 propositum,

214 3201 283 3255 ut
310 3193 391 3254 ad
414 3195 790 3272 stipendium
820 3193 1151 3269 petendum
1183 3192 1585 3254 convenirent
1605 3191 2048 3264 Carthaginem,
2081 3205 2194 3252 seu

216 3279 473 3355 carptim
504 3285 712 3355 partes
744 3293 858 3339 seu
884 3276 1154 3338 universi
1184 3277 1454 3337 mallent.
1518 3275 1911 3351 tranquillam
1941 3273 2192 3335 seditio—

214 3377 357 3422 nem
399 3379 513 3440 per
552 3377 623 3424 se
665 3365 1163 3438 languescentem
1203 3361 1527 3438 repentina
1556 3359 1730 3435 quies
1772 3357 2194 3420 rebellantium

213 3447 631 3523 Hispanorum
662 3447 822 3509 fecit.
868 3447 1177 3507 redierant
1204 3447 1364 3506 enim
1397 3447 1456 3506 in
1487 3444 1646 3504 fines
1679 3443 1914 3504 omisso
1945 3443 2190 3518 incepto

214 3529 585 3593 Mandonius
629 3538 691 3593 et
716 3530 1040 3607 Indebilis,
1085 3535 1420 3613 postquam
1445 3528 1663 3589 vivere
1693 3526 2044 3604 Scipionem
2084 3527 2186 3588 ad·
