2550 3959
574 227 807 289 LIBER
832 227 1045 287 XXVI.
1094 228 1495 293 CAP.12.13.
1543 237 1618 304 [a.
1640 236 1704 289 c.
1730 236 1856 306 211]
2069 232 2190 297 115

222 379 419 441 oculis
463 377 603 439 eius
645 384 995 455 caperetura
1040 383 1103 437 at
1128 376 1378 438 hercule
1404 378 1719 441 Romanos
1749 395 1828 441 ne
1869 396 2182 458 oppugna·

224 463 388 527 tione
422 461 675 537 quidem
702 459 873 521 urbis
900 460 1215 521 Romanae
1242 460 1514 522 abstrahi
1543 478 1582 523 a
1609 462 1819 537 Capua
1847 463 2190 527 obsidenda

223 547 539 624 potuisse3
580 550 751 607 tanto
782 544 1255 605 constantiorem
1298 544 1606 643 inimicum
1632 547 1976 609 Romanum
2005 566 2189 625 quam

223 632 488 693 amicum
515 629 788 693 Poenum
818 644 981 690 esse.
1022 628 1077 689 si
1105 628 1319 689 redeat
1334 629 1602 706 Capuam
1627 630 1978 708 bellumque
2009 648 2188 694 omne

224 730 299 777 eo
326 720 549 788 vertat,
580 719 739 773 etse
768 720 827 773 et
858 711 1204 789 Campanos
1232 720 1484 790 paratos
1515 715 1817 792 eruptioni
1845 716 1980 777 fore
2063 733 2188 778 non

224 815 363 861 cum
386 796 645 874 Reginis
686 811 891 873 neque
916 795 1258 857 Tarentinis
1300 796 1524 858 bellum
1563 806 1852 875 gesturos
1891 801 2190 863 transisse

223 884 453 959 Alpesz
482 880 591 943 ubi
602 882 917 961 Romanae
944 880 1221 956 legiones
1250 880 1390 957 sint,
1418 882 1504 942 ibi
1532 890 1594 943 et
1607 883 2191 960 carthaginiensium

224 966 535 1029 exercitus
564 962 794 1027 debere
821 980 985 1027 csse.
1046 964 1139 1025 sic
1166 964 1249 1024 ad
1280 965 1554 1040 Cannas,
1599 968 1692 1027 sic
1721 968 1803 1029 ad
1827 970 2188 1029 Trasumen-

221 1066 369 1111 num
388 1066 521 1111 rem
543 1048 701 1109 bene
722 1054 978 1125 gestam,
1010 1049 1297 1111 coeundo
1321 1049 1824 1128 conferundoque
1849 1067 1989 1117 cum
2007 1054 2193 1117 hoste

221 1141 459 1211 castra,
502 1133 805 1194 fortunam
832 1132 1208 1209 temptando.
1271 1134 1336 1193 in
1362 1133 1522 1193 hanc
1563 1136 1927 1197 sententiam
1955 1138 2190 1200 litterae

220 1214 901 1294 conscriptaeNumidis
922 1217 1245 1293 proposita
1265 1217 1552 1278 mercede
1572 1219 1692 1279 iam
1713 1221 2020 1296 professis
2040 1240 2187 1298 ope-

218 1319 357 1365 ram
396 1302 638 1364 dantur.
704 1300 747 1361 ii
788 1300 999 1377 specie
1039 1301 1488 1377 transfugarum
1518 1316 1654 1363 cum
1694 1304 1776 1364 ad
1802 1303 2087 1368 Flaccum
2127 1308 2189 1365 in

222 1393 435 1449 castra
451 1386 787 1460 venissent,
809 1390 877 1445 ut
896 1384 1042 1445 inde
1066 1392 1342 1461 tempore
1364 1394 1545 1462 capto
1569 1386 1822 1460 abirent,
1850 1390 2188 1466 famesque,

220 1486 387 1547 quae
426 1476 549 1531 tam
578 1468 687 1530 diu
712 1468 961 1545 Capuae
986 1475 1145 1545 erat,
1184 1470 1334 1530 nulli
1362 1484 1486 1531 non
1527 1471 1908 1547 probabilem
1938 1490 2189 1535 causam

218 1554 605 1619 transitionis
632 1554 877 1630 faceret,
908 1552 1123 1613 mulier
1149 1560 1403 1630 repente
1427 1554 1737 1633 Campana
1761 1558 1824 1617 in
1853 1566 2056 1620 castra
2081 1574 2188 1619 ve-

220 1641 344 1715 nit,
384 1644 655 1700 scortum
694 1636 1147 1713 transfugarum
1189 1638 1404 1713 unius,
1443 1639 1796 1717 indicatque
1836 1642 2189 1719 imperatori

220 1726 511 1786 Romano
536 1721 830 1783 Numidas
871 1722 1088 1783 fraude
1128 1722 1472 1798 composita
1497 1724 1796 1785 transisse
1835 1726 2189 1802 litterasque

222 1810 307 1869 ad
336 1806 737 1869 Hannibalem
778 1806 967 1867 ferree
1012 1805 1077 1866 id
1116 1821 1303 1867 unum
1331 1820 1410 1865 ex
1437 1806 1544 1881 iis,
1592 1808 1696 1882 qui
1725 1807 1842 1869 sibi
1869 1825 2000 1871 rem
2041 1825 2184 1886 ape·

218 1892 473 1967 ruisset,
500 1905 757 1966 arguere
786 1904 929 1951 sese
958 1893 1233 1965 paratam
1260 1905 1424 1950 esse.
1491 1892 1828 1967 productus
1857 1894 2055 1969 primo
2087 1909 2188 1954 sa-

218 1977 305 2038 tis
336 1979 688 2038 constanter
722 1974 1007 2049 ignorare
1034 1987 1108 2034 se
1146 1972 1460 2035 mulierem
1500 1974 1854 2047 simulabat3
1899 1977 2188 2053 paulatim

224 2059 373 2121 dein
404 2058 721 2120 convictus
748 2058 947 2130 veris,
995 2072 1134 2118 cum
1161 2064 1462 2119 tormenta
1487 2058 1666 2135 posci
1695 2066 1757 2119 et
1782 2061 1984 2137 parari
2016 2061 2186 2123 vide-

219 2152 350 2217 ret,
394 2144 600 2205 fassus
641 2142 705 2203 id
742 2141 829 2202 ita
868 2156 1041 2203 esse=
1084 2142 1444 2218 litteraeque
1473 2144 1773 2220 prolatae,
1813 2153 1874 2206 et
1913 2146 2184 2206 additum

224 2230 409 2289 etiam
435 2227 661 2289 iudicio
685 2225 853 2301 quod
874 2224 1200 2302 celabatur,
1229 2233 1294 2287 et
1319 2227 1474 2288 alios
1497 2228 1710 2303 specie
1736 2230 2186 2304 transfugarum

223 2312 525 2375 Numidas
552 2309 765 2386 vagari
792 2310 856 2370 in
885 2309 1104 2371 castris
1130 2310 1446 2373 Romanis.
1513 2310 1555 2371 ii
1583 2327 1776 2387 supra
1801 2312 2189 2390 septuaginta

227 2394 617 2471 comprensi,
663 2401 889 2455 etcum
916 2394 1249 2469 transfugis
1293 2394 1473 2455 novis
1501 2395 1748 2456 mulcati
1776 2396 1968 2472 virgis
1997 2396 2188 2457 mani-

225 2480 472 2554 busque
513 2476 813 2555 praecisis
859 2477 1129 2553 Capuam
1170 2476 1549 2552 rediguntur.
1622 2486 2024 2554 conspectum
2064 2488 2188 2539 tam

220 2563 405 2625 triste
430 2560 801 2640 supplicium
828 2561 1007 2637 fregit
1034 2562 1271 2621 animos
1302 2560 1766 2635 Campanorum.
1841 2562 1998 2622 xm.
2043 2578 2184 2625 con—

224 2662 447 2709 cursus
489 2647 569 2708 ad
610 2645 837 2707 curiam
876 2644 1091 2721 populi
1131 2645 1328 2705 factus
1358 2645 1560 2721 coegit
1581 2644 1870 2707 Loesium
1911 2654 2189 2708 senatum

222 2746 493 2801 vocare;
538 2736 600 2790 ct
626 2727 1015 2805 primoribus,
1062 2730 1166 2803 qui
1192 2730 1318 2789 iam
1347 2729 1452 2789 diu
1480 2728 1742 2805 publicis
1779 2731 2052 2793 consiliis
2082 2730 2189 2795 ab·

224 2820 432 2888 erant,
476 2814 798 2890 propalam
836 2812 1249 2886 minabantur,
1310 2812 1429 2873 nisi
1465 2813 1747 2874 venirent
1781 2814 1845 2873 in
1890 2821 2188 2889 senatum,

225 2900 397 2961 circa
422 2897 643 2958 domos
671 2911 882 2957 eorum
910 2896 1104 2957 ituros
1132 2912 1205 2956 se
1232 2896 1378 2956 etin
1407 2897 1719 2973 publicum
1749 2913 1962 2960 omnes
1989 2898 2054 2958 vi
2083 2915 2189 2960 ex·

225 2987 535 3043 tracturos
575 2995 763 3059 esse„
800 2980 859 3041 is
888 2980 1069 3039 timor
1096 2979 1476 3054 frequentem
1505 2988 1786 3043 senatum
1811 2983 2190 3059 magistratui

223 3063 529 3144 praebuit.
570 3064 655 3125 ibi
684 3078 822 3125 eum
853 3063 1038 3123 ceteri
1066 3063 1144 3122 de
1170 3063 1389 3139 legatis
1419 3066 1727 3127 mittendis
1755 3066 1837 3127 ad
1864 3066 2163 3143 imperato

222 3165 333 3211 res
366 3149 683 3211 Romanos
724 3153 1005 3223 agerent,
1070 3145 1294 3207 Vibius
1336 3148 1606 3225 Virrius,
1673 3149 1778 3225 qui
1829 3150 2190 3211 defectionis

226 3239 447 3295 auctor
470 3232 549 3293 ab
578 3230 871 3293 Romanis
900 3230 1125 3304 fuerat,
1169 3229 1576 3307 interrogatus
1617 3233 1980 3293 sententiam
2009 3238 2194 3308 negat

228 3334 364 3392 eoa,
396 3315 499 3391 qui
531 3314 849 3391 delegatis
879 3320 942 3375 et
969 3314 1047 3373 de
1070 3328 1225 3388 pace
1252 3329 1329 3373 ac
1359 3316 1670 3376 deditione
1691 3317 2036 3393 loquantur,
2065 3332 2191 3377 me-

224 3399 507 3476 minisse,
538 3414 653 3461 nec
684 3399 830 3475 quid
862 3396 1075 3459 facturi
1105 3396 1344 3471 fuerint,
1375 3398 1430 3459 si
1455 3399 1768 3461 Romanos
1797 3398 1856 3459 in
1887 3407 2192 3476 potestate

225 3484 615 3553 habuissent,
645 3498 759 3543 nec
791 3483 937 3559 quid
966 3481 1121 3557 ipsis
1152 3481 1506 3557 patiendum
1533 3481 1632 3543 sit.
1697 3481 1888 3559 „quid
1915 3489 2073 3546 vos“
2102 3484 2187 3545 in-

1708 3569 1788 3628 8*
