2550 3959
316 230 441 296 3¹56
654 230 881 292 LIBER
910 233 1090 291 XXX.
1138 234 1304 292 CAP.
1335 242 1423 295 33.
1448 242 1534 294 34.
1581 240 1653 307 [a.
1682 238 1748 291 υ.
1771 257 1820 291 0.
1847 240 1974 306 5501.

316 389 405 445 tot
431 382 741 455 homines,
787 381 1010 457 quibus
1044 399 1165 443 non
1195 383 1432 458 lingua,
1474 399 1598 444 non
1628 398 1793 457 moS,
1839 401 1962 445 non
1991 386 2120 459 lex,
2151 402 2282 447 nou

314 483 499 540 arma,
530 481 653 527 non
683 466 941 526 vestitus
972 465 1357 541 habitusque,
1389 482 1511 527 non
1537 483 1728 527 causa
1747 468 2040 529 militandi
2061 468 2281 529 eadem

316 558 501 611 esset.
568 548 964 611 auxiliaribus
995 555 1056 609 et
1098 565 1397 626 praesens
1429 557 1495 611 et
1516 550 1912 627 multiplicata
1939 567 2018 611 ex
2048 554 2282 627 praeda
2305 605 2323 612 -

313 649 551 694 merces
582 634 1034 702 ostentabatur3
1080 632 1233 693 Galli
1261 634 1516 710 proprio
1543 643 1730 711 atque
1760 634 1942 699 insito
1971 636 2034 696 in
2057 638 2276 713 Roma-

315 734 428 778 nos
481 718 622 778 odio
675 716 1125 788 accenduntur3
1186 716 1512 792 Liguribus
1565 719 1763 793 campi
1807 719 2031 780 uberes
2075 721 2280 781 italiae

315 801 599 862 deductis
628 816 707 861 ex
736 800 1091 876 asperrimis
1122 802 1430 862 montibus
1463 802 1522 861 in
1555 817 1731 878 spem
1755 801 2046 865 victoriae
2069 811 2276 867 osten—

314 893 545 954 tantur;
585 884 836 945 Mauros
867 885 1286 961 Numidasque
1315 886 1684 947 Masinissae
1723 887 2037 961 impotenti
2073 888 2279 948 futuro

312 969 623 1028 dominatu
681 974 933 1041 terrent,
993 969 1149 1029 aliae
1196 969 1334 1031 aliis
1385 985 1534 1046 spes
1587 986 1662 1030 ac
1709 976 1908 1030 metus
1956 972 2277 1033 iactantur.

313 1051 914 1126 Carthaginiensibus
946 1053 1189 1113 moenia
1218 1052 1486 1127 patriae,
1529 1054 1590 1114 di
1621 1058 1909 1129 penates,
1948 1055 2280 1129 sepulchra

311 1135 635 1207 maiorum,
690 1135 863 1196 liberi
906 1152 1045 1195 cum
1087 1138 1476 1212 parentibuS,
1529 1136 1956 1213 coniugesque
1995 1138 2276 1213 pavidae,

311 1226 413 1280 aut
452 1219 758 1279 excidium
800 1220 1237 1295 servitiumque
1279 1227 1387 1281 aut
1412 1220 1735 1296 imperium
1767 1221 1936 1283 orbis
1965 1228 2278 1296 terrarum,

314 1303 458 1363 nihil
486 1310 591 1363 aut
619 1303 679 1361 in
708 1310 933 1363 metum
962 1306 1155 1365 autin
1186 1320 1364 1380 spem
1391 1305 1676 1379 medium,
1707 1312 2108 1367 ostentantur.

478 1387 623 1447 Cum
668 1387 931 1447 maxime
971 1388 1125 1447 haec
1166 1389 1502 1463 imperator
1527 1388 1698 1463 apud
1725 1388 2276 1465 CarthaginienseS,

308 1468 503 1530 duces
545 1486 795 1531 suarum
824 1472 1093 1544 gentium
1129 1472 1286 1531 inter
1313 1476 1680 1548 populareS,
1723 1474 2020 1547 pleraque
2046 1488 2158 1547 per
2185 1472 2274 1531 in-

308 1558 607 1627 terpretes
648 1554 847 1627 [inter]
888 1554 1189 1615 immistos
1218 1556 1578 1631 alienigenis
1609 1564 1887 1631 agerent,
1929 1556 2114 1616 tubae
2141 1572 2274 1617 cor-

310 1652 555 1711 nuaque
597 1637 675 1697 ab
702 1638 997 1699 Romanis
1040 1639 1423 1714 cecinerunt,
1465 1646 1797 1715 tantusque
1827 1642 2058 1701 clamor
2086 1647 2274 1714 ortuS,

308 1726 370 1778 ut
408 1721 717 1796 etephanti
757 1721 819 1782 in
860 1737 1014 1783 suos
1056 1722 1306 1783 sinistro
1349 1724 1612 1784 maxime
1653 1738 1851 1785 cornu
1879 1730 2274 1797 verterentur,

305 1802 553 1864 Mauros
594 1820 669 1865 ac
708 1804 1021 1865 Numidas.
1094 1807 1331 1867 addidit
1360 1808 1551 1867 'facile
1590 1807 1926 1870 Masinissa
1966 1808 2274 1883 percuisis

308 1893 633 1963 terrorem,
677 1890 1055 1965 nudavitque
1083 1890 1161 1950 ab
1190 1906 1266 1951 ea
1297 1898 1471 1965 parte
1501 1892 1694 1951 aciem
1725 1891 1996 1967 equestri
2025 1892 2300 1953 auxilia·

307 1987 544 2046 paucae
587 1979 787 2033 tamen
828 1970 1161 2037 bestiarum
1190 1974 1536 2051 intrepidae
1561 1976 1623 2034 in
1652 1975 1892 2036 hostem
1922 1982 2098 2035 actae
2123 1976 2277 2037 inter

306 2055 551 2115 velitum
582 2056 831 2115 ordines
863 2072 1003 2117 cum
1026 2058 1227 2119 multis
1252 2058 1386 2118 suis
1408 2059 1768 2121 vulneribus
1789 2060 2094 2133 ingentem
2119 2064 2271 2117 stra-

306 2154 443 2213 gem
476 2140 756 2199 edebant.
814 2138 1158 2201 resilientes
1190 2141 1354 2203 enim
1379 2142 1462 2202 ad
1489 2142 1837 2219 manipulos
1867 2141 2104 2216 veliteS,
2136 2158 2274 2201 cum

303 2222 467 2311 viam
498 2222 871 2298 elephantis,
920 2241 999 2285 ne
1028 2226 1478 2297 obtererentur,
1521 2227 1845 2301 fecissent,
1878 2225 1944 2285 in
1973 2226 2276 2301 ancipites

306 2306 385 2365 ad
426 2306 611 2367 ictum
650 2308 956 2383 utrimque
997 2310 1382 2371 coniciebant
1419 2312 1654 2385 hastas,
1696 2328 1808 2373 nec
1842 2313 1976 2385 pila
2003 2311 2079 2370 ab
2107 2317 2274 2371 ante·

304 2390 578 2463 Signanis
620 2392 981 2468 cessabant,
1026 2394 1227 2454 donec
1251 2394 1533 2469 undique
1559 2393 1972 2456 incidentibus
2001 2394 2140 2456 telis
2171 2402 2292 2452 ex-·

302 2474 421 2533 acti
452 2490 531 2534 ex
560 2476 837 2536 Romana
862 2476 995 2536 acie
1023 2475 1085 2537 hi
1118 2492 1371 2553 quoque
1397 2478 1460 2537 in
1489 2494 1604 2539 suo
1631 2478 1850 2537 dextro
1875 2491 2072 2538 cornu
2099 2478 2276 2553 ipsos

304 2554 892 2633 Carthaginiensium
933 2561 1173 2635 equites
1216 2560 1279 2621 in
1307 2562 1514 2637 fugam
1543 2567 1871 2622 verterunt.
1939 2561 2183 2622 Laelius
2213 2567 2275 2621 ut

305 2641 575 2702 turbatos
608 2642 759 2704 vidit
787 2643 1019 2717 hostes,
1049 2644 1287 2705 addidit
1315 2645 1620 2721 perculsis
1649 2652 1964 2718 terrorem.

470 2726 738 2787 XXXIV.
776 2726 1095 2801 Utrimque
1136 2728 1368 2790 nudata
1407 2728 1616 2805 equite
1656 2736 1788 2790 erat
1813 2728 2047 2791 Punica
2090 2728 2274 2803 acies,

304 2824 442 2871 cum
494 2811 687 2886 pedes
732 2810 1069 2885 concurrit,
1114 2827 1231 2872 nec
1272 2827 1390 2889 spe
1429 2828 1546 2873 nec
1585 2811 1822 2873 viribus
1861 2812 1981 2873 iam
2015 2827 2148 2887 par.
2191 2812 2273 2872 ad

303 2894 422 2955 hoc
464 2892 632 2955 dictu
672 2909 892 2969 parva,
947 2896 1063 2955 sed
1102 2911 1328 2971 magna
1368 2897 1583 2956 eadem
1628 2896 1690 2955 in
1731 2912 1800 2957 re
1841 2895 2114 2971 gerenda
2141 2911 2266 2955 mo-

302 2983 535 3037 menta:
582 2992 930 3053 congruens
962 2980 1193 3040 clamor
1220 2995 1261 3039 a
1285 2979 1580 3041 Romanis
1611 2995 1816 3056 eoque
1845 2977 2126 3039 maioret
2153 2984 2268 3037 ter-

302 3060 551 3135 ribilior,
578 3062 873 3123 dissonae
893 3062 1030 3137 ἰΙΙίε,
1056 3070 1123 3124 ut
1142 3063 1408 3138 gentium
1434 3067 1758 3125 multarum
1781 3060 2274 3137 discrepantibus

302 3146 545 3221 tinguis,
574 3161 798 3216 voces;
842 3161 1049 3221 pugna
1070 3147 1352 3208 Romana
1381 3146 1619 3209 stabilis
1650 3157 1711 3211 et
1737 3161 1853 3208 suo
1885 3153 1944 3206 et
1965 3161 2272 3207 armorum

302 3232 581 3304 pondere
607 3229 1083 3291 incumbentium
1105 3230 1165 3291 in
1187 3229 1448 3306 hostem,
1481 3230 1870 3293 concursatio
1895 3236 1956 3289 et
1980 3230 2270 3291 velocitas

304 3312 466 3376 illinc
494 3312 687 3375 maior
717 3330 901 3391 quam
928 3314 1045 3375 vis.
1110 3315 1292 3390 igitur
1321 3315 1516 3390 primo
1548 3316 1779 3392 impetu
1807 3314 2118 3390 extempio
2144 3328 2270 3374 mo-

306 3412 453 3457 vere
491 3400 631 3459 loco
674 3398 942 3459 hostium
970 3396 1165 3459 aciem
1192 3399 1472 3460 Romani.
1538 3403 1638 3459 ala
1667 3398 1891 3459 deinde
1919 3404 1982 3458 et
2009 3398 2276 3459 umbone

305 3480 650 3556 pulsantes,
696 3481 756 3541 in
798 3488 1138 3543 summotos
1181 3482 1381 3559 gradu
1427 3483 1625 3553 illato,
1667 3482 2050 3557 aliquantum
2089 3478 2275 3554 spatii
