2550 3959
548 226 777 289 LIBER
804 226 1017 287 XXVI.
1058 227 1225 289 CAP.
1253 236 1340 292 49.
1372 239 1459 293 50.
1505 236 1578 307 [a.
1609 238 1675 293 c,
1703 239 1832 309 210]
2047 233 2168 301 157

190 388 398 443 terum
420 378 659 441 vocatis
687 376 1006 440 obsidibus
1029 378 1288 455 primum
1311 379 1634 444 universos
1655 381 1885 445 bonum
1905 385 2170 451 animum

190 464 451 527 habere·
474 462 682 524 ἰιι55ἰι·
728 462 977 538 venisse
1020 462 1219 524 cosin
1251 464 1468 541 populi
1495 465 1755 527 Romani
1785 472 2171 550 potestatem,

197 549 307 626 qui
327 546 635 609 beneflcio
661 562 844 623 quam
872 554 1037 611 metu
1066 546 1338 623 obligare
1363 547 1644 609 homines
1670 550 1854 627 malit,
1897 560 2168 617 exteras-

196 649 327 711 que
370 638 588 709 gentes
632 631 759 693 fide
799 647 874 693 ac
916 631 1209 693 societate
1251 632 1490 696 iunctas
1532 632 1762 695 habere
1793 652 1976 711 quam
2014 638 2169 700 tristi

192 717 515 781 subiectas
558 715 829 778 servitio.
890 709 1113 777 deinde
1152 716 1426 794 acceptis
1458 718 1806 782 nominibus
1836 720 2169 785 civitatium

190 801 513 865 recensuit
540 800 839 899 captivoS,
886 804 1035 875 quot
1064 800 1365 877 cuiusque
1393 802 1611 880 populi
1641 810 1882 881 essent,
1927 811 1988 866 et
2015 823 2170 868 nun·

197 888 321 947 tios
346 887 599 947 domum
622 884 801 960 misit,
830 890 897 945 ut
924 883 1004 945 ad
1029 900 1181 948 suos
1200 884 1475 964 quisque
1499 886 1894 964 recipiendos
1916 890 2172 952 veniret.

192 972 255 1033 si
278 986 541 1047 quarum
570 970 727 1031 forte
750 967 1082 1030 civitatium
1101 968 1286 1045 legati
1315 970 1586 1045 aderant,
1619 971 1709 1031 eis
1740 974 2170 1048 praesentibus

194 1071 357 1118 suos
379 1053 669 1126 restituit;
704 1060 1044 1115 ceterorum
1065 1068 1273 1115 curam
1292 1052 1557 1129 benigne
1579 1056 1942 1118 tuendorum
1961 1059 2023 1119 C.
2037 1058 2171 1120 Fla-

194 1139 389 1201 minio
433 1138 749 1214 quaestori
791 1134 1074 1199 attribuit.
1138 1138 1296 1197 inter
1319 1137 1476 1199 haec
1503 1154 1541 1198 e
1569 1139 1772 1199 media
1798 1142 1976 1203 turba
2004 1140 2170 1203 obsi-

188 1226 349 1285 dum
377 1223 593 1283 mulier
621 1237 843 1298 magno
874 1227 1035 1299 natu,
1078 1221 1393 1283 Mandonii
1421 1238 1597 1299 uxor,
1643 1223 1748 1301 qui
1777 1225 1964 1287 frater
1991 1226 2168 1289 Inde-

196 1308 343 1369 bilis
384 1307 707 1383 Ilergetum
746 1306 943 1383 reguli
990 1312 1147 1380 erat,
1210 1304 1370 1367 flens
1411 1307 1492 1367 ad
1533 1306 1730 1383 pedes
1781 1308 2169 1387 imperatoris

200 1390 547 1470 procubuit,
580 1390 1001 1469 obtestarique
1030 1383 1252 1468 coepit,
1284 1398 1350 1453 ut
1379 1406 1586 1453 curam
1615 1392 1966 1471 cultumque
1997 1396 2167 1457 l'emi·

195 1492 419 1537 narum
460 1474 800 1553 impensius
842 1474 1207 1537 custodibus
1248 1476 1722 1538 commendaret.
1789 1492 1926 1541 cum
1957 1478 2167 1557 Scipio

197 1560 351 1627 nihil
374 1559 721 1621 delaturum
742 1561 1019 1637 prolecto
1045 1559 1293 1633 diceret,
1316 1566 1442 1621 tum
1463 1576 1678 1623 rursus
1696 1562 1938 1625 muliera
1963 1562 2170 1639 „haud

199 1644 407 1721 magni
437 1644 554 1705 ista
582 1644 881 1707 facimus“
906 1644 1131 1721 inquit=
1162 1642 1358 1721 „quid
1387 1645 1548 1706 enim
1575 1644 1718 1706 huic
1742 1647 2021 1709 fortunae
2045 1664 2168 1709 non

199 1730 357 1791 satis
383 1736 523 1791 est?
564 1728 683 1791 alia
710 1746 809 1791 me
838 1744 984 1790 cura
1012 1734 1272 1789 aetatem
1299 1728 1514 1789 harum
1542 1728 1874 1791 intuentem
1911 1764 1999 1777 —
2028 1748 2166 1793 nam

198 1814 343 1890 ipsa
380 1813 503 1875 iam
544 1819 717 1874 extra
754 1814 1094 1889 periculum
1135 1811 1392 1875 iniuriae
1430 1811 1742 1875 muliebris
1773 1830 1908 1876 sum
1933 1846 2024 1859 —
2061 1817 2167 1876 sti·

198 1898 452 1963 mulav‘.
510 1902 707 1960 aetate
737 1905 798 1959 et
826 1898 1020 1960 torma
1046 1894 1341 1959 florentes
1373 1897 1535 1959 circa
1563 1914 1700 1959 eam
1727 1905 1900 1960 erant
1927 1897 2168 1961 indebi‘

199 1982 278 2044 lis
301 1982 469 2043 filiae
498 1982 777 2059 aliaeque
804 1980 1120 2044 nobilitate
1140 1982 1294 2059 pari,
1328 1997 1486 2059 quae
1514 1996 1729 2043 omnes
1758 1997 1893 2043 eam
1915 2000 2030 2061 pro
2053 2001 2164 2063 pa·

198 2073 371 2129 rente
422 2065 723 2130 colebant.
808 2073 931 2127 tum
982 2064 1192 2144 Scipio
1242 2082 1470 2144 „meae
1520 2066 1862 2145 populique
1907 2068 2169 2131 Romani

200 2150 567 2227 disciplinae
590 2166 781 2213 causa
801 2152 1107 2212 lacerem“
1128 2148 1342 2228 inquit,
1368 2168 1484 2227 „ne
1507 2151 1671 2227 quid,
1699 2152 1868 2229 quod
1889 2159 2168 2215 sanctum

192 2250 466 2311 usquam
495 2240 679 2309 esset,
712 2236 880 2313 apud
906 2251 1025 2297 nos
1055 2234 1412 2298 violaretur*
1450 2251 1612 2296 nunc
1637 2240 1704 2297 ut
1730 2236 1794 2296 id
1823 2251 2032 2299 curem
2058 2236 2166 2299 im·

200 2318 477 2395 pensius,
522 2325 731 2382 vestra
758 2336 1007 2397 quoque
1038 2319 1229 2381 virtus
1260 2318 1650 2395 dignitasque
1681 2320 1851 2394 facit,
1897 2337 2058 2399 quae
2087 2338 2168 2389 no

201 2403 265 2463 in
286 2402 465 2463 malis
488 2402 739 2479 quidem
766 2404 989 2466 oblitae
1010 2404 1253 2467 decoris
1283 2404 1635 2465 matronalis
1667 2404 1878 2465 estis“.
1922 2412 2165 2481 specta·

192 2494 302 2548 tae
332 2485 557 2549 deinde
584 2487 945 2565 integritatis
968 2486 1102 2549 viro
1132 2487 1383 2567 tradidit
1409 2501 1537 2563 eas,
1567 2486 1848 2563 tuerique
1871 2486 2038 2549 haud
2067 2505 2165 2551 se-

201 2586 315 2632 cus
354 2572 704 2635 verecunde
746 2588 821 2635 ac
862 2572 1142 2635 modeste
1171 2586 1358 2647 quam
1397 2568 1711 2647 hospitum
1751 2570 2047 2649 coniuges
2093 2588 2167 2635 ac

195 2660 429 2716 matres
455 2654 653 2717 iussit.

372 2739 441 2799 L.
500 2740 751 2817 Captiva
778 2738 1005 2811 deinde
1031 2756 1073 2801 a
1097 2738 1387 2801 militibus
1415 2738 1739 2802 adducitur
1767 2741 1850 2801 ad
1879 2756 2018 2801 eum
2057 2743 2140 2802 ad

200 2822 333 2885 ulta
370 2822 545 2899 virgo
586 2825 745 2885 adeo
785 2822 1010 2884 eximia
1038 2824 1261 2899 forma,
1304 2830 1371 2884 ut
1399 2838 1784 2901 quacumque
1823 2822 2163 2899 incedebat,

199 2912 587 2968 converteret
616 2906 883 2970 omnium
913 2909 1147 2969 oculos.
1188 2907 1417 2984 Scipio,
1452 2915 1882 2985 percunctatus
1912 2908 2165 2986 patriam

198 2996 650 3069 parentesque,
696 2991 853 3053 inter
893 2997 1097 3053 cetera
1142 2992 1382 3069 accepit
1423 2992 1802 3071 desponsam
1831 3008 1966 3055 eam
2000 2994 2165 3070 prin-

202 3073 329 3151 cipi
358 3074 799 3137 Celtiberorum
827 3075 1237 3137 adolescentiz
1265 3076 1562 3138 Alucceio
1592 3094 1814 3140 nomen
1847 3084 1995 3139 erat.
2061 3093 2166 3139 ex

199 3158 431 3241 templo
461 3158 643 3234 igitur
668 3158 1023 3236 parentibus
1054 3174 1417 3237 sponsoque
1444 3160 1520 3222 ab
1551 3162 1737 3223 domo
1768 3161 1997 3236 accitis,
2030 3176 2168 3223 cum

196 3236 443 3304 interim
470 3242 711 3304 audiret
732 3244 1014 3321 deperire
1044 3258 1184 3305 eum
1215 3259 1490 3321 sponsae
1519 3260 1745 3322 amore,
1774 3244 1878 3308 ubi
1908 3244 2168 3323 primum

201 3326 401 3404 venit,
450 3327 827 3389 accuratiore
857 3344 993 3390 eum
1037 3342 1324 3390 sermone
1351 3345 1534 3405 quam
1561 3334 1848 3406 parentes
1889 3329 2168 3407 adloqui-

198 3416 329 3471 tur·
386 3409 715 3487 „iuvenis“
756 3410 1005 3491 lnquit,
1011 3412 1316 3488 ,iuvenem
1358 3412 1638 3501 appello,
1686 3428 1810 3491 quo
1853 3413 2051 3475 minor
2090 3414 2168 3477 sit

203 3492 361 3557 inter
402 3509 519 3558 nos
546 3492 729 3557 huius
760 3496 1061 3559 sermonis
1104 3490 1494 3559 verecundia.
1557 3512 1704 3574 ego,
1752 3512 1891 3559 cum
1931 3514 2170 3577 sponsa
