2550 3959
330 245 457 309 316
690 246 921 307 LIBER
947 244 1157 305 XXIX.
1203 244 1372 305 CAP.
1401 252 1489 307 34.
1535 244 1608 321 [a.
1639 250 1704 303 U.
1737 267 1783 302 c.
1809 247 1936 323 548]

332 410 444 473 per
483 397 721 470 legatos
776 402 1126 455 arcessunt=
1182 394 1632 455 Hasdrubalem
1671 410 1856 472 opem
1897 396 2056 456 ferre
2096 412 2296 473 prope

331 480 777 539 circumsessae
808 479 1040 554 patriae
1069 478 1296 550 iubent,
1343 476 1696 555 Syphacem
1726 485 1916 554 orant,
1955 484 2021 540 ut
2049 478 2296 541 Cartha-

329 563 484 639 gini,
530 569 596 623 ut
624 562 955 623 universae
983 561 1231 627 Ati-icae
1260 562 1602 623 subveniat.
1666 563 1746 623 ad
1774 562 2010 623 Uticam
2037 571 2164 624 tum
2195 581 2296 625 ca·

328 654 457 709 stra
486 646 717 723 Scipio,
763 647 953 706 ferme
980 645 1144 706 mille
1172 661 1404 722 passus
1433 646 1509 707 ab
1538 646 1710 720 urbe,
1753 645 2036 723 habebat,
2076 648 2296 711 tralata

329 748 369 791 a
396 731 579 805 mari,
621 729 728 791 ubi
758 744 993 805 paucos
1028 729 1163 789 dies
1190 730 1415 791 stativa
1442 730 1764 791 coniuncta
1803 731 1994 791 classi
2037 733 2296 792 fueraut.
2323 773 2336 785 .

324 816 573 887 Hanno,
620 828 1011 890 nequaquam
1054 814 1207 875 satis
1236 814 1446 875 valido
1478 830 1600 874 non
1641 815 1829 875 modo
1858 815 1941 875 ad
1979 816 2295 876 lacessen-

327 900 473 959 dum
499 899 741 959 hostem
768 898 883 958 sed
911 914 990 957 ne
1030 898 1113 958 ad
1137 900 1402 960 tuen-dos
1433 899 1682 973 quidem
1723 916 1760 959 a
1789 899 2293 975 populationibus

325 998 509 1058 agros
560 982 829 1059 equitatu
878 989 1170 1059 accepto,
1231 983 1298 1043 id
1349 983 1618 1043 omnium
1665 983 1924 1059 primum
1973 999 2294 1044 numerum

324 1067 593 1143 equitum
620 1074 690 1128 ut
716 1074 969 1143 augeret
997 1082 1199 1143 agere.
1262 1080 1380 1126 nee
1411 1066 1668 1127 aliarum
1696 1066 1966 1142 gentium
1993 1083 2290 1144 asperna-

324 1159 443 1225 tus,
471 1151 735 1212 maxime
761 1159 963 1212 tamen
990 1150 1284 1211 Numidas
1313 1183 1390 1195 --
1424 1151 1490 1210 id
1517 1153 1700 1226 longe
1731 1150 1991 1227 primum
2021 1152 2292 1227 equitum

324 1237 385 1295 in
412 1234 621 1295 Africa
660 1243 759 1295 est
798 1251 993 1311 genus
1035 1266 1121 1279 —-
1158 1235 1462 1296 conducit.
1529 1236 1652 1295 iam
1690 1236 1771 1295 ad
1815 1242 2099 1311 quattuor
2125 1236 2289 1295 milia

324 1320 596 1396 equitum
622 1318 904 1394 habebat,
937 1334 1079 1381 cum
1100 1318 1418 1379 Salaecam
1445 1319 1692 1380 nomine
1717 1318 1932 1379 urbem
1961 1320 2292 1396 occupavit

326 1403 674 1479 quindecim
700 1404 891 1464 ferme
918 1404 1083 1463 milia
1112 1402 1189 1464 ab
1218 1402 1514 1464 Romanis
1543 1403 1782 1465 castris.
1827 1404 1995 1477 quod
2024 1403 2127 1464 ubi
2153 1402 2286 1464 Sci-

324 1488 489 1564 pioni
517 1488 771 1548 relatum
800 1493 923 1563 est,
965 1533 1002 1563 „
1019 1487 1256 1549 aestiva
1283 1486 1401 1548 sub
1429 1487 1606 1547 tectis
1633 1487 2012 1562 equitatus“t
2061 1488 2285 1563 inquit=

323 1571 487 1648 „sint
524 1573 625 1631 vel
664 1572 907 1647 plureS,
952 1572 1096 1631 dum
1125 1572 1306 1631 talem
1337 1572 1555 1631 ducem
1589 1570 1911 1631 habeant“.
1975 1588 2054 1632 eo
2083 1573 2285 1633 minus

326 1654 441 1717 sibi
470 1655 840 1716 cessandum
867 1662 1055 1728 ratus,
1090 1670 1211 1731 quo
1243 1656 1327 1715 illi
1355 1655 1608 1731 segnius
1637 1670 1768 1715 rem
1795 1662 2063 1729 agerent,
2101 1656 2287 1715 Masi·

324 1740 554 1800 nissam
583 1754 723 1801 cum
755 1740 1025 1816 equitatu
1054 1741 1462 1814 praemissum
1491 1738 1684 1815 portis
1714 1738 2072 1815 obequitare
2099 1746 2287 1816 atque

324 1825 560 1884 hostem
590 1823 671 1884 ad
701 1838 970 1899 pugnam
999 1823 1222 1884 elicere
1251 1823 1436 1883 iubet.
1499 1822 1604 1883 ubi
1635 1824 1834 1883 omnis
1863 1824 2182 1885 multitudo
2215 1840 2287 1884 se

324 1907 673 1982 effudisset,
718 1908 1089 1984 graviorque
1129 1908 1251 1968 iam
1291 1907 1349 1967 in
1395 1905 1720 1967 certamine
1761 1913 1959 1983 esset,
2005 1925 2187 1984 quam
2217 1915 2286 1968 ut

321 1991 498 2051 facile
539 1991 821 2052 sustineri
864 1999 1106 2068 posset,
1154 1992 1404 2051 cederet
1429 1990 1748 2066 paulatimz
1793 2007 1865 2052 se
1905 1992 1966 2051 in
2011 1999 2287 2068 tempore

324 2090 568 2151 pugnae
597 2074 1012 2135 obventurum.
1057 2082 1285 2134 tantum
1315 2081 1608 2149 moratus,
1639 2082 1926 2151 quantum
1956 2075 2106 2136 satis
2136 2083 2281 2136 tem-

320 2158 491 2234 poris
534 2172 901 2233 praegresso
944 2157 1143 2217 visum
1184 2158 1265 2217 ad
1306 2158 1642 2221 eliciendos
1685 2159 1929 2233 hostes,
1989 2175 2128 2219 cum
2160 2160 2282 2220 Ro-

312 2258 501 2303 ·mano
532 2242 801 2315 equitatu
830 2247 1101 2315 secutuS,
1133 2242 1474 2317 tegentibus
1504 2243 1770 2317 tumulis,
1803 2244 1908 2319 qui
1941 2258 2282 2321 peroppor—

320 2334 463 2387 tune
492 2325 655 2386 circa
680 2325 821 2386 viae
848 2324 1049 2386 flexus
1094 2327 1364 2403 oppositi
1405 2334 1607 2401 erant,
1653 2327 1928 2387 occultus
1959 2328 2283 2403 processit.

319 2410 647 2471 Masinissa
668 2424 747 2469 ex
760 2409 1123 2485 composito,
1146 2426 1309 2471 nunc
1321 2411 1603 2473 terrentis
1619 2426 1780 2471 nuuc
1795 2410 2060 2473 timentis
2073 2412 2282 2487 modo,

322 2502 422 2554 aut
460 2494 615 2570 ipsis
653 2493 1053 2570 obequitabat
1094 2495 1319 2571 portis,
1368 2502 1473 2555 aut
1513 2495 1824 2570 cedendo,
1871 2510 2011 2556 cum
2047 2495 2283 2557 timoris

320 2579 619 2638 simulatio
651 2577 971 2638 audaciam
1000 2578 1164 2639 hosti
1194 2579 1438 2653 faceret,
1469 2580 1549 2639 ad
1580 2579 2027 2655 insequendum
2055 2586 2286 2640 temere

320 2660 615 2723 eliciebat.
679 2662 953 2722 nondum
983 2678 1197 2723 omnes
1226 2662 1465 2737 egressi
1494 2669 1683 2736 erant,
1712 2663 2007 2738 varieque
2035 2663 2164 2724 dux
2194 2664 2283 2723 sa·

316 2744 632 2821 tigabatur,
678 2745 834 2805 alios
860 2746 1007 2807 vino
1036 2753 1099 2807 et
1130 2760 1350 2807 somno
1373 2762 1596 2822 graves
1625 2761 1794 2807 arma
1823 2761 2048 2823 capere
2076 2754 2137 2808 et
2165 2748 2282 2807 sre-

321 2844 467 2890 nare
508 2844 703 2905 equos
747 2830 1062 2905 cogendo,
1119 2830 1287 2905 aliiS,
1347 2846 1428 2891 ne
1471 2832 1674 2907 sparsi
1715 2836 1777 2892 et
1814 2830 2107 2891 inconditi
2148 2831 2284 2891 sine

320 2913 511 2990 signis
544 2912 825 2974 omnibus
855 2914 1048 2990 portis
1078 2920 1494 2989 excurrerent,
1537 2914 1915 2977 obsistendo.
1964 2915 2160 2990 primo
2191 2915 2281 2974 in-

318 3003 493 3057 caute
523 3012 591 3057 se
630 2997 963 3057 evehentes
991 2998 1324 3059 Masinissa
1359 2998 1740 3075 excipiebat;
1787 3014 1934 3059 mox
1961 2998 2168 3074 plures
2199 2998 2281 3057 si-

320 3082 441 3141 mul
464 3081 721 3143 conferti
742 3088 920 3158 porta
941 3081 1125 3144 effusi
1153 3090 1576 3158 aequaverant
1597 3089 1936 3152 certamem
1967 3088 2282 3158 postremo

320 3166 437 3225 iam
469 3164 667 3225 omnis
711 3165 1015 3241 equitatus
1046 3167 1285 3243 proelio
1315 3182 1452 3228 cum
1493 3167 1771 3240 adesset,
1811 3166 2099 3227 sustineri
2129 3166 2282 3226 ultra

319 3248 630 3324 nequiere.
696 3264 819 3310 non
849 3256 1051 3309 tamen
1092 3250 1296 3311 efflusa
1323 3252 1469 3326 fuga
1496 3249 1828 3311 Masinissa
1857 3250 1972 3309 sed
2002 3249 2284 3311 cedendo

319 3333 550 3393 sensim
592 3333 856 3409 impetus
900 3348 1113 3395 eorum
1154 3334 1522 3411 accipiebat,
1561 3335 1760 3394 donec
1789 3334 1870 3395 ad
1897 3335 2167 3395 tumulos
2195 3340 2283 3393 te-

318 3423 533 3491 gentes
554 3416 897 3478 Romanum
926 3418 1257 3492 equitatum
1281 3418 1590 3493 pertraxit.
1634 3418 1777 3478 inde
1801 3418 1996 3477 exorti
2025 3416 2283 3493 equites„

318 3507 377 3559 et
404 3499 525 3578 ipsi
553 3499 802 3576 integris
833 3499 1063 3562 viribus
1102 3508 1155 3561 nt
1182 3500 1529 3562 recentibus
1568 3500 1742 3576 equis
1772 3500 2058 3560 Hannoni
2089 3498 2280 3561 Afris-
