2550 3959
604 263 837 323 LIBER·
862 261 1540 325 xx·V11.cAp.io.11.
1595 260 1910 344 [amma]
2111 263 2236 326 173

266 415 425 488 sani,
459 419 522 474 et
538 413 965 475 mediterranei
988 411 1403 476 Beneventani
1425 421 1488 476 et
1507 417 1832 477 Aesernini
1857 425 1917 478 et
1937 417 2236 496 Spoletini

266 505 331 561 et
349 461 683 559 Placentini
711 495 772 558 et
793 496 1258 560 Cremonenses.
1303 499 1517 560 harum
1547 501 1925 562 coloniarum
1955 501 2236 564 subsidio

266 590 401 646 tum
441 577 760 658 imperium
791 582 1003 658 populi
1030 583 1292 644 Romani
1321 582 1512 657 stetit,
1561 583 1760 659 iisque
1789 585 2019 660 gratiae
2047 587 2110 646 in
2139 601 2236 648 se

268 671 415 728 natu
448 673 510 728 et
534 663 704 743 apud
736 667 1029 742 populum
1057 673 1251 728 actae.
1309 667 1644 728 duodecim
1684 668 1942 729 aliarum
1969 669 2236 730 colonia·

268 767 430 823 rum,
477 763 639 826 quae·
667 751 1157 810 detractaverunt
1183 749 1523 828 imperium,
1557 751 1937 814 ssmentIonem
1965 753 2098 814 fleri
2127 768 2236 830 pa·

268 842 402 895 tres
445 840 795 906 vetuerunt,
841 847 1045 910 neque
1082 833 1223 898 ilios
1266 834 1480 896 dimitti
1515 843 1722 912 neque
1749 835 1994 898 retineri
2035 851 2237 914 neque

270 918 574 996 appellari
616 935 655 978 a
692 917 1069 979 consulibus.
1118 933 1230 979 ea
1270 918 1453 978 tacita
1491 919 1811 994 castigatio
1853 923 2117 982 maxime
2157 937 2236 982 ex

269 1003 569 1080 &gnitate
600 1002 814 1080 populi
840 1002 1100 1063 Romani
1131 1003 1267 1062 visa
1294 1009 1407 1062 est.

448 1085 661 1148 Cetera
680 1085 1149 1184 expedientibus
1176 1101 1334 1163 quae
1357 1085 1438 1146 ad
1459 1085 1685 1146 bellum
1711 1103 1873 1163 opus
1895 1095 2068 1150 erant
2090 1103 2234 1150 con-

269 1169 514 1232 sulibus
538 1185 752 1232 aurum
774 1169 1239 1245 vicesimariu'm,
1270 1168 1480 1246 quod·
1463 1186 1525 1230 m
1549 1171 1856 1232 sanctiore
1887 1173 2124 1234 aerario
2155 1175 2234 1234 ad

268 1254 521 1317 ultimos
544 1270 731 1316 casus
753 1253 1130 1330 servabatur,
1150 1254 1351 1332 promi
1373 1253 1619 1331 placuit.
1655 1261 1938 1352 prompta
1958 1256 2040 1316 ati
2063 1265 2234 1332 quat·

268 1345 417 1401 tuor
443 1339 605 1399 milia
632 1339 839 1414 po'ndo
868 1337 1018 1399 auri.
1060 1337 1205 1398 inde
1236 1337 1542 1414 quingena
1571 1339 2001 1415 quinquagena
2022 1340 2234 1416 pondo

270 1424 425 1484 data
454 1421 808 1484 consulibus
838 1429 899 1484 et
924 1421 1017 1482 M.
1037 1422 1328 1483 Marcello
1369 1427 1431 1483 et
1454 1421 1520 1482 P.
1549 1421 1822 1500 Sulpicio
1855 1424 2236 1500 proconsuli-

271 1507 395 1569 bus
425 1512 485 1569 et
510 1507 575 1566 L.
606 1504 859 1568 Veturio
896 1505 1193 1582 praetori,
1241 1506 1347 1583 qui
1389 1505 1642 1566 Galliam
1685 1507 2062 1583 provinciam
2107 1513 2238 1570 erat

273 1589 559 1663 sortitus,
618 1589 1014 1666 additumque
1054 1589 1243 1652 Fabio
1287 1589 1808 1662 consuli-centum
1837 1592 2060 1668 pondo
2104 1591 2236 1652 auri

272 1675 703 1752 praecipu-um,
750 1674 921 1750 quod
960 1669 1024 1735 ιιι
1067 1686 1269 1735 arcem
1298 1675 1681 1735 Tarentinam
1723 1681 2096 1752 portaretur:
2135 1687 2234 1736 ce·

268 1765 409 1820 tero
436 1759 533 1820 usi
557 1764 699 1820 sunt
725 1758 806 1819 ad
827 1758 1190 1820 vestimenta
1214 1757 1522 1834 praesenti
1554 1758 1816 1834 pecunia
1840 1759 2102 1820 locanda
2128 1755 2234 1820 ex-

271 1841 507 1916 ercitui,
542 1843 646 1920 qui
672 1842 735 1904 in
747 1841 1047 1918 Hispania
1066 1839 1294 1902 beilum
1311 1841 1589 1903 secunda
1617 1857 1730 1904 sua
1754 1843 1914 1903 sama
1930 1842 2234 1919 ducisque

270 1925 546 2002 gerebat.
630 1925 732 1987 XI.
776 1922 1061 2004 Prodigia
1092 1941 1371 2002 quoque,
1416 1926 1776 2003 priusquam
1805 1925 1882 1988 ab
1911 1924 2061 1986 urbe
2091 1941 2234 1986 con-

268 2010 445 2072 sules
470 2010 1017 2087 proficiscerentur,
1050 2009 1365 2086 procurari
1388 2010 1633 2087 placuit.
1677 2010 1737 2071 in
1757 2009 2000 2091 Alb-ano
2031 2016 2234 2072 monte

270 2099 439 2155 tacta
480 2095 559 2155 de
590 2096 763 2156 caelo
802 2100 977 2156 erant
1004 2095 1246 2170 signum
1274 2093 1441 2156 Iovis
1483 2093 1792 2172 arborque
1819 2095 2048 2172 templo
2093 2110 2234 2172 pro·

272 2178 541 2256 pinqua,
585 2185 647 2239 et
674 2177 883 2240 Ostiae
921 2179 1125 2252 lacuS,
1171 2183 1233 2239 et
1270 2177 1518 2255 capuae
1556 2193 1786 2241 murus·
1807 2178 2236 2255 Fortunaeque

269 2261 471 2334 aediS,
502 2268 564 2323 et
584 2261 925 2335 Sinuessae
952 2275 1161 2324 murus
1190 2268 1522 2339 portaque=
1560 2262 1716 2324 haec
1744 2263 1824 2323 de
1853 2264 2024 2324 caelo
2055 2269 2233 2324 tacta.

272 2351 585 2406 cruentam
610 2346 794 2409 ctiam
815 2345 1076 2408 fluxisse
1104 2361 1329 2421 aquam
1342 2345 1647 2406 Albanam
1673 2346 1925 2422 quidam
1951 2354 2234 2409 auctores

266 2434 475 2501 erant3
518 2437 580 2492 et
616 2431 851 2492 Romae
894 2431 1055 2492 intus
1102 2429 1320 2490 cellam
1360 2429 1535 2491 aedis
1571 2429 1772 2491 Fortis
1810 2429 2114 2492 Fortunae
2157 2431 2236 2491 de

266 2513 476 2589 capite
502 2514 761 2591 signum,
796 2515 967 2592 quod
988 2514 1051 2574 in
1074 2529 1308 2575 corona
1333 2518 1481 2588 erat,
1509 2513 1572 2574 in
1601 2529 1844 2575 manum
1869 2521 2094 2590 sponte
2119 2529 2236 2574 sua

270 2599 665 2676 prolapsum-3·
718 2604 779 2659 et
816 2597 1088 2660 Priverni
1130 2597 1282 2660 satis
1323 2597 1646 2668 constabat
1683 2597 1907 2659 bovem
1946 2595 2230 2672 locutum,

270 2679 727 2758 vulturiumque
758 2681 1056 2758 frequenti
1081 2681 1308 2742 sorcin
1335 2680 1650 2742 tabernam
1680 2682 2029 2758 devolasse,
2047 2685 2120 2742 'et
2139 2680 2234 2744 Si·

269 2779 543 2827 nuessae
584 2771 791 2827 natum
834 2763 1121 2841 ambiguo
1162 2764 1322 2826 inter
1359 2779 1588 2826 marem
1627 2778 1702 2826 ac
1750 2759 2035 2826 seminam
2077 2781 2235 2826 sexu

266 2847 581 2925 infantem,
628 2865 786 2927 quos
817 2849 1217 2926 androgynos
1246 2849 1496 2926 vulgus,
1543 2854 1607 2911 ut
1633 2849 1931 2926 pleraque
1962 2849 2234 2910 faciliore

270 2935 360 2994 ad
387 2932 759 3010 duplicanda
800 2931 990 2995 verba
1018 2932 1253 2994 Graeco
1276 2947 1590 3007 sermone,
1636 2932 1935 3011 appellat,
1977 2939 2042 2996 et
2075 2934 2234 2995 lacte

266 3015 569 3093 pluvisse,
607 3025 669 3080 et
696 3032 835 3079 cum
862 3015 1169 3094 elephanti
1196 3015 1396 3094 capite
1425 3033 1682 3094 puerum
1707 3023 1932 3080 natum.
1989 3033 2066 3079 ea
2094 3033 2230 3095 pro-

268 3098 443 3174 digia
476 3099 699 3162 hostiis
750 3100 1084 3162 maioribus
1135 3106 1489 3178 procurata,
1551 3107 1613 3164 et
1663 3100 2030 3180 supplicatio
2073 3101 2232 3162 circa

264 3181 481 3262 omnia
518 3183 889 3261 pulvinaria,
948 3182 1294 3245 obsecratio
1323 3183 1396 3245 ιιι
1435 3201 1620 3246 ιιιιιιιιι
1663 3185 1824 3246 diem
1864 3183 2125 3254 indicta,
2176 3189 2236 3246 et

266 3254 607 3344 decretum,
648 3275 711 3330 ut
737 3268 801 3330 C.
830 3266 1126 3330 Hostilius
1155 3274 1406 3345 praetor
1430 3268 1613 3330 ludos
1639 3268 1928 3347 Apollini,
1971 3266 2132 3330 sicut
2157 3266 2232 3330 iis

270 3350 455 3413 annis
484 3351 609 3413 voti
640 3343 905 3429 factique
933 3357 1125 3428 erant,
1169 3357 1432 3414 voveret
1450 3352 1824 3432 faceretque.
2234 3359 2238 3363 “

444 3433 561 3497 Per
602 3451 714 3499 eos
744 3435 880 3498 dies
919 3441 981 3498 et
1008 3433 1371 3498 censoribus
1401 3435 1682 3496 creandis
1713 3435 1778 3510 Q.
1809 3435 2059 3498 Fulvius
2087 3451 2234 3499 con-

271 3521 373 3582 sul
416 3520 661 3582 comitia
697 3510 930 3584 habuit.
994 3519 1183 3582 creati
1222 3535 1549 3596 censores,
1591 3517 1786 3580 ambo
1815 3519 1922 3595 qui
1967 3519 2236 3580 nondum
