2550 3959
360 234 486 299 342
682 234 915 297 Lmen
940 202 1125 295 xx'x.
1168 232 1568 295 GAP.19.20.
1617 231 1692 311 [a.
1715 236 1784 291 υ.
1809 255 1858 291 0.
1879 234 2008 313 549]

363 389 531 467 quod
563 392 752 464 patre,
799 385 907 462 qui
934 384 1091 446 sella
1120 383 1314 445 curuli
1345 383 1630 460 sedisset,
1672 382 1849 458 vivo,
1893 398 2028 445 cum
2057 384 2124 447 ld
2149 385 2326 463 igno-

360 476 539 547 raret,
582 469 857 533 tribunus
884 468 1086 545 plebis
1116 474 1303 543 atque
1341 467 1562 529 aedilis
1589 466 1792 544 plebis
1823 467 2070 545 fuisset,
2113 478 2328 533 eontra

362 572 546 633 quam
562 561 855 619 sanctum
884 552 1123 629 legibus
1154 558 1304 615 erat.
1345 551 1464 614 bae
1490 552 1814 629 rogatione.
1827 553 2064 629 perlata
2093 553 2153 613 in
2181 571 2325 631 pro-

360 639 633 701 vinciam
652 636 850 699 rediit.

528 720 634 785 Ad
654 720 763 783 Cn.
788 718 1113 783 Servilium
1134 720 1470 795 consulem,
1503 718 1606 795 qui
1635 718 1962 786 inBruttiis
1990 726 2136 796 erat,
2167 720 2326 783 Con-

360 806 561 867 sentia
587 805 897 885 Aufugum
924 802 1163 881 Bergae
1188 804 1476 865 Besidiae
1520 802 1864 867 Ocrictdum
1903 804 2324 881 Lymphaeum

359 893 775 965 Argentanum
786 888 1117 967 Clampetia
1129 889 1425 965 multique
1437 886 1738 964 ignobiles
1752 888 1982 965 populi,
1997 896 2325 953 senescere

358 970 655 1035 Punicum
691 972 917 1034 bellum
959 979 1284 1037 cernentes
1297 1019 1314 1049 ,
1371 972 1656 1035 deficere.
1721 972 1886 1034 idem
1925 974 2142 1035 consul
2183 989 2320 1035 cum

359 1056 699 1118 Hannibale
726 1057 791 1117 in
818 1072 967 1134 agro
983 1055 1367 1120 Crotoniensi
1393 1056 1530 1122 acie
1551 1054 1851 1119 conflixit.
1897 1056 2164 1119 obscura
2190 1058 2322 1120 eius

359 1154 606 1221 pugnae
633 1141 796 1203 fama
824 1147 938 1203 est.
995 1141 1280 1205 Valerius
1306 1139 1526 1206 Antias
1557 1139 1828 1217 quinque
1866 1141 2032 1203 milia
2057 1142 2323 1206 hostium

360 1242 549 1287 caesa
588 1224 701 1298 ait;
750 1242 913 1303 quae
937 1232 1105 1288 tanta
1130 1242 1233 1291 res
1266 1234 1394 1301 est,
1439 1230 1503 1287 ut
1529 1231 1636 1291 aut
1671 1224 2056 1302 impudenter
2080 1226 2224 1293 ficta
2251 1228 2328 1288 sit

361 1316 465 1370 aut
490 1312 885 1387 neglegenter
908 1309 1361 1387 praetermissa.
1430 1308 1578 1371 nihil
1605 1315 1772 1371 certe
1811 1312 1970 1373 ultra
1995 1310 2086 1371 rei
2113 1310 2174 1371 in
2203 1311 2322 1373 Ita·

360 1394 444 1453 lia
472 1392 548 1453 ab
576 1392 917 1455 Hannibale
956 1400 1213 1469 gestum.
1274 1410 1420 1457 nam
1459 1393 1544 1455 ad
1574 1408 1714 1457 eum
1743 1410 1992 1471 quoque
2020 1395 2201 1471 legati
2243 1396 2322 1456 ab

362 1476 725 1553 Carthagine
751 1485 1049 1539 vocantes
1077 1478 1138 1539 in
1161 1478 1431 1541 Atrieam
1461 1478 1536 1539 iis
1563 1479 1720 1543 forte
1743 1479 1960 1543 diebus
1990 1480 2211 1555 quibus
2243 1481 2322 1541 ad

358 1560 687 1635 Magonem
728 1568 1048 1625 venerunt.
1146 1562 1274 1623 XX.
1342 1562 1632 1625 frendens
1671 1578 2052 1644 gemensque
2097 1581 2176 1625 nc
2216 1566 2322 1625 vix

359 1644 627 1706 lacrimis
649 1651 999 1722 temperans
1024 1646 1245 1713 dicitnr
1264 1647 1598 1722 legatorum
1623 1646 1810 1709 verba
1837 1648 2110 1711 audisse.
2149 1656 2321 1725 post-

364 1744 547 1803 quam
569 1729 735 1791 edita
757 1736 901 1791 sunt
922 1730 1224 1807 mandata,
1256 1732 1416 1805 „iam
1439 1746 1564 1791 non
1585 1731 1920 1808 perplexe“
1947 1732 2142 1808 inquit
2168 1733 2323 1807 „sed

361 1812 569 1887 palam
594 1820 920 1890 revocant,
962 1814 1065 1889 qui
1092 1815 1362 1877 vetando
1392 1815 1883 1891 supplementum
1909 1822 1972 1877 et
1997 1817 2321 1892 pecuniam

360 1894 511 1957 mitti
548 1896 670 1956 iam
709 1897 949 1974 pridem
986 1897 1324 1959 trahebant.
1387 1898 1532 1961 vicit
1569 1914 1718 1975 ergo
1759 1900 2158 1963 Hannibalem
2196 1917 2321 1963 non

359 1982 630 2056 papulus
644 1980 977 2054 Romanus,
1006 1981 1231 2043 totiens
1252 1998 1477 2045 caesus
1507 1983 1894 2059 fugatusque,
1925 1984 2039 2048 sed
2067 1992 2320 2047 senatus

364 2062 877 2139 Carthaginiensis
930 2064 1366 2127 obtrectatione
1413 2072 1602 2142 atque
1649 2068 1896 2129 invidia.
1958 2084 2164 2145 neque
2201 2070 2322 2131 hae

361 2146 745 2207 deformitate
774 2148 1007 2208 reditus
1035 2148 1155 2209 mei
1180 2155 1307 2209 tam
1332 2150 1396 2211 P.
1425 2149 1636 2226 Scipio
1665 2150 1994 2215 exsultabit
2019 2160 2204 2230 atque
2233 2155 2320 2215 ef-

360 2230 514 2291 feret
539 2246 686 2293 saee
717 2248 902 2307 quam
923 2232 1159 2307 Hanno,
1194 2233 1298 2310 qui
1327 2234 1574 2297 domum
1601 2242 1890 2309 nostram,
1917 2238 2172 2313 quando
2197 2238 2318 2301 alia

356 2329 427 2373 re
447 2330 571 2374 non
592 2316 803 2392 potuit,
828 2316 1002 2377 ruina
1024 2316 1402 2395 Carthaginis
1423 2320 1792 2397 oppressit“.
1837 2320 1957 2383 iam
1977 2321 2098 2385 hoc
2118 2316 2321 2399 ipsum

358 2399 761 2473 praesagiens
788 2402 992 2463 animo
1019 2410 1499 2479 praeparaverat
1525 2411 1664 2465 ante
1692 2420 1902 2467 naves.
1955 2404 2160 2481 itaque
2187 2407 2319 2469 inu·

356 2478 445 2541 tili
477 2482 735 2545 militum
772 2486 951 2545 turba
970 2486 1274 2561 ¹praesidii
1315 2488 1525 2563 specie
1552 2487 1614 2549 in
1658 2489 1890 2566 oppida
1911 2490 2126 2551 Bruttii
2167 2492 2318 2567 agri,

358 2581 520 2639 quae
542 2583 744 2643 pauca
759 2569 959 2645 magis
982 2576 1145 2631 metu
1168 2586 1353 2647 quam
1371 2571 1500 2633 fide
1529 2572 2007 2650 continebantur,
2041 2574 2316 2651 dimissa,

360 2648 528 2724 quod
556 2650 798 2713 roboris
828 2652 889 2711 in
920 2654 1189 2715 exercitu
1218 2662 1351 2715 erat
1375 2655 1440 2715 in
1466 2656 1738 2720 Africam
1766 2658 2120 2733 transvexit,
2165 2661 2312 2722 mul-

352 2732 434 2793 tis
463 2733 653 2793 Italici
694 2736 967 2810 genem,
1030 2738 1175 2812 quia
1216 2738 1279 2799 in
1307 2740 1578 2801 Africam
1619 2748 1940 2805 secumros
1981 2742 2315 2806 abnuentes

356 2824 797 2879 concesserant
822 2820 881 2879 in
913 2822 1163 2896 Iunonis
1191 2822 1479 2885 Laciniae
1508 2824 1826 2887 delubrum
1855 2827 2208 2891 inviolamm
2233 2828 2316 2891 ad

354 2914 492 2960 eam
504 2900 686 2976 diem,
706 2900 767 2962 in
788 2906 1017 2980 templo
1042 2907 1182 2981 ipso
1198 2907 1382 2967 foede
1403 2907 1756 2972 interfectis.
1785 2927 1926 2972 raro
1944 2926 2316 2987 quenquam

352 2982 567 3059 alium,
614 2987 867 3060 patriam
908 2989 1107 3048 exsilii
1132 2991 1824 3069 causat-eliminantem,
1863 3002 1988 3057 tam
2016 3002 2315 3057 maestum

351 3064 563 3127 abisse
603 3064 1014 3145 ferunt'tiuam
1040 3074 1470 3148 Hannibalem,
1516 3076 1783 3139 hostium
1810 3084 1971 3141 term
2008 3079 2314 3141 exceden-

351 3156 493 3210 tem.
551 3153 911 3229 respexisse
952 3172 1141 3232 saepe
1168 3158 1380 3219 Italiae
1415 3160 1598 3222 litora
1620 3168 1686 3222 et
1709 3162 1866 3223 deos
1909 3162 2316 3240 hominesque

351 3242 745 3297 accusantem
784 3237 847 3298 in
878 3254 947 3299 se
985 3257 1231 3316 quoque
1255 3258 1335 3303 ae
1360 3260 1546 3307 suum
1573 3246 1769 3322 ipsius
1801 3254 1986 3323 caput
2025 3263 2314 3311 exsecra·

348 3325 505 3392 tum,
565 3321 735 3395 quod
772 3337 894 3383 non
938 3331 1256 3385 cruentum
1299 3326 1378 3387 ab
1421 3328 1723 3390 Cannensi
1768 3331 2026 3393 victoria
2063 3332 2314 3395 militem

346 3399 607 3463 Romam
636 3402 936 3467 duxisset.
1000 3402 1352 3485 Sci-pionem
1379 3412 1470 3473 ire
1497 3412 1578 3473 ad
1609 3412 2030 3491 Carthaginem
2072 3432 2309 3489 ausum,

350 3482 455 3559 qui
484 3486 701 3547 consul
729 3486 968 3551 hostem
989 3490 1259 3552 Poenum
1289 3494 1350 3555 in
1377 3496 1550 3557 Italia
1577 3513 1701 3559 non
1735 3498 2022 3560 vidisset=
2067 3515 2138 3561 se
2165 3516 2311 3563 cen·
