2550 3959
542 220 775 281 LIBER
794 221 1004 281 XXIX.
1053 219 1218 281 cAP.
1243 230 1330 281 21.
1355 228 1444 281 22.
1491 228 1562 295 [a.
1589 227 1654 279 c.
1679 222 1806 298 204]
2042 218 2170 283 303

214 373 385 432 iussu
432 378 537 433 aut
574 373 888 433 voluntate
916 371 982 435 P.
1016 370 1324 448 Scipionis
1365 372 1525 433 lacta
1555 388 1728 447 esse,
1769 374 2008 448 legatos
2040 373 2172 451 mit7

214 463 409 519 terent
446 454 830 517 Messanam=
873 455 957 515 ibi
998 471 1070 516 se
1112 471 1251 516 cum
1295 456 1554 518 consilio
1591 458 1991 531 cogniturum.
2057 458 2171 518 Lo‘-

212 556 467 602 crenses
510 541 776 617 praetori
819 540 1191 615 legatisque,
1236 540 1476 601 senatui
1519 556 1592 600 ac
1631 541 1864 616 populo
1893 542 2172 602 Romano

212 625 438 701 gratias
487 632 771 700 egerunt:
835 638 907 682 se
954 624 1035 683 ad
1081 622 1436 683 Pleminium
1483 624 1900 685 accusandum
1949 625 2171 693 ituros;

213 708 595 784 Scipionem,
639 722 1009 783 quamquam
1048 721 1267 783 parum
1307 707 1544 768 iniuriis
1586 708 1842 769 civitatis
1879 724 2032 769 suae
2060 710 2170 770 do-

213 794 404 868 luerit,
435 809 576 853 eum
606 806 750 852 esse
777 792 975 851 virum
1007 804 1189 866 quem
1221 790 1482 852 amicum
1513 791 1632 852 sibi
1660 809 1844 867 quam
1866 793 2170 854 inimicum

214 878 460 935 mallent
487 891 649 936 esse.
692 891 805 951 pro
838 882 1004 935 certo
1036 890 1107 935 se
1136 874 1365 934 habere
1393 890 1596 951 neque
1624 875 1803 939 iussu
1831 893 2034 953 neque
2062 894 2170 937 vo-

212 962 441 1021 luntate
478 959 541 1018 P.
574 958 881 1035 Scipionis
922 965 1012 1019 tot
1054 966 1175 1019 tam
1214 958 1480 1019 nefanda
1521 960 1880 1021 commissa2
1927 962 2042 1022 sed
2071 970 2174 1021 aut

210 1042 501 1103 Pleminio
534 1044 781 1103 nimium
812 1049 916 1103 aut
944 1042 1061 1102 sibi
1091 1057 1307 1118 parum
1339 1043 1668 1113 creditum;
1713 1051 1816 1105 aut
1844 1051 2062 1106 natura
2084 1042 2168 1103 inss

212 1126 391 1188 situm
423 1126 789 1203 quibusdam
818 1141 982 1201 esse,
1013 1132 1078 1186 ut
1103 1126 1299 1201 magis
1331 1127 1572 1202 peccari
1601 1128 1823 1203 nolint,
1857 1144 2042 1204 quam
2072 1144 2170 1188 sa·

210 1211 289 1272 tis
328 1210 510 1271 animi
556 1210 635 1270 ad
670 1209 1043 1271 vindicanda
1082 1217 1340 1287 peccata
1378 1210 1659 1272 habeant.
1725 1218 1786 1273 et
1814 1211 2081 1287 praetori
2113 1220 2173 1271 et

212 1294 472 1357 consilio
512 1294 678 1354 haud
718 1294 1033 1355 mediocre
1074 1308 1232 1354 onus
1274 1295 1584 1370 demptum
1613 1302 1743 1355 erat
1771 1297 1850 1355 de
1881 1295 2171 1371 Scipione

210 1377 661 1453 cognoscendi=
725 1377 1081 1439 Pleminium
1123 1384 1185 1439 et
1227 1378 1308 1439 ad
1348 1380 1472 1440 duo
1515 1385 1576 1440 et
1613 1380 1856 1454 triginta
1891 1380 2170 1441 homines

212 1478 352 1523 cum
392 1476 467 1522 eo
498 1461 940 1523 damnaverunt
982 1468 1167 1537 atque
1207 1462 1268 1521 in
1311 1462 1542 1523 catenis
1570 1463 1827 1525 Romam
1853 1464 2168 1523 miserunt.

210 1546 331 1623 ipsi
374 1546 455 1605 ad
484 1543 836 1620 Scipionem
878 1546 1167 1621 profecti,
1209 1551 1277 1606 ut
1303 1560 1380 1605 ea
1409 1562 1691 1622 quoque,
1737 1563 1896 1623 quae
1925 1548 2169 1622 vulgata

209 1628 601 1691 sermonibus
644 1635 819 1689 erant
845 1631 925 1691 de
962 1631 1127 1689 cultu
1156 1645 1231 1689 ac
1259 1628 1498 1689 desidia
1526 1629 1913 1706 imperatoris
1942 1633 2170 1692 soluta-

210 1729 335 1789 que
364 1712 688 1788 disciplina
716 1714 980 1788 militiae,
1011 1720 1325 1788 comperta
1353 1713 1548 1774 oculis
1577 1716 1876 1776 referrent
1894 1716 2168 1775 Romam.

206 1797 391 1858 XXII.
436 1796 823 1857 venientibus
851 1797 928 1857 iis
958 1794 1310 1875 Syracusas
1343 1794 1552 1872 Scipio
1582 1812 1684 1857 res
1713 1814 1840 1858 non
1869 1798 2060 1858 verba
2091 1799 2169 1859 ad

208 1882 599 1959 purgandum
648 1896 791 1941 sese
831 1881 1089 1956 paravit.
1167 1879 1502 1941 exercitum
1543 1896 1783 1943 omnem
1825 1898 1900 1942 eo
1947 1898 2164 1944 conve-

207 1965 374 2039 nire,
417 1966 679 2025 classem
720 1963 999 2040 expediri
1037 1961 1244 2035 iussit,
1289 1970 1596 2039 tamquam
1638 1964 2048 2027 dimicandum
2093 1980 2169 2026 eo

206 2050 313 2111 die
340 2054 501 2109 terra
542 2047 821 2124 marique
854 2062 993 2108 cum
1021 2047 1622 2123 Carthaginiensibus
1652 2054 1839 2110 esset.
1913 2065 2037 2125 quo
2070 2049 2170 2110 die

207 2138 509 2193 venerunt
535 2131 802 2207 hospitio
826 2131 1077 2193 comiter
1098 2132 1393 2207 acceptis,
1422 2138 1674 2207 postero
1699 2134 1798 2193 die
1821 2140 2169 2193 terrestrem

206 2218 617 2292 navalemque
657 2215 1021 2288 exercitum,
1079 2232 1202 2275 non
1252 2215 1584 2276 instructos
1625 2216 1843 2288 modo,
1896 2217 2011 2277 sed
2052 2217 2168 2276 hos

206 2302 626 2375 decurrenteS,
658 2300 921 2359 classem
948 2300 1010 2358 in
1039 2304 1223 2376 portu
1250 2298 1644 2359 simulacrum
1672 2306 1734 2359 et
1760 2298 1958 2375 ipsam
1982 2301 2166 2360 eden·

205 2395 331 2447 tem
359 2384 596 2444 navalis
627 2398 901 2458 pugnae,
934 2382 1229 2451 ostendit;
1269 2389 1396 2442 tum
1427 2382 1591 2443 circa
1617 2384 2082 2444 armamentaria
2110 2392 2170 2443 et

206 2470 433 2529 horrea
471 2472 769 2542 aliumque
806 2468 948 2529 belli
983 2472 1348 2545 apparatum
1372 2465 1698 2526 visendum
1729 2472 1974 2541 praetor
2003 2468 2165 2540 lega-

206 2552 377 2627 tique
408 2550 607 2621 ducti;
650 2556 942 2626 tantaque
970 2550 1289 2611 admiratio
1321 2548 1695 2625 singularum
1715 2549 2165 2611 universarum—

210 2650 335 2711 que
362 2650 567 2695 rerum
595 2635 867 2708 incussa,
909 2640 977 2694 ut
1002 2634 1154 2694 satis
1184 2633 1507 2695 crederent
1533 2641 1636 2694 aut
1663 2634 1767 2694 illo
1796 2633 1956 2693 duce
1985 2640 2170 2709 atque

209 2718 483 2779 exercitu
530 2716 693 2778 vinci
736 2717 1296 2793 Carthaginiensem
1344 2718 1642 2794 populum
1694 2724 1799 2779 aut
1837 2716 1957 2777 alio
2000 2718 2168 2777 nullo

211 2818 437 2879 posse,
465 2803 900 2877 iuberentque,
934 2800 1103 2876 quod
1131 2801 1195 2861 di
1220 2801 1384 2861 bene
1412 2801 1746 2875 verterent,
1791 2801 2077 2873 traicere,
2108 2810 2170 2860 et

212 2889 345 2963 spei
390 2892 756 2961 conceptae,
791 2900 915 2959 quo
958 2886 1060 2945 dio
1102 2883 1271 2946 illum
1315 2900 1530 2946 omnes
1562 2884 1870 2945 centuriae
1900 2882 2167 2959 priorem

212 2974 523 3032 consulem
577 2967 909 3043 dixissent,
960 2967 1155 3043 primo
1206 2982 1458 3044 quoque
1505 2974 1780 3044 tempore
1822 2974 2164 3044 compotem

214 3056 507 3129 populum
547 3055 890 3115 Romanum
933 3052 1157 3112 iacere.
1222 3052 1507 3127 adeoque
1546 3052 1723 3113 laetis
1764 3051 1908 3112 inde
1948 3051 2165 3111 animis

216 3137 471 3211 protecti
500 3144 668 3211 sunt,
710 3142 1023 3211 tamquam
1061 3134 1409 3205 victoriam,
1452 3150 1576 3196 non
1604 3134 1747 3196 belli
1776 3134 2165 3209 magnificum

212 3227 575 3298 apparatum
604 3218 932 3281 nuntiaturi
962 3219 1216 3279 Romam
1254 3228 1483 3279 essent.

376 3303 707 3364 Pleminius
752 3304 981 3379 quique
1008 3302 1071 3363 in
1113 3302 1330 3363 eadem
1372 3316 1564 3363 causa
1591 3308 1790 3376 erant,
1835 3307 2158 3377 postquam

212 3390 466 3451 Romam
494 3393 592 3448 est
615 3394 862 3449 ventum
891 3384 1195 3462 extemplo
1224 3386 1289 3445 in
1320 3400 1629 3446 carcerem
1656 3384 1900 3446 conditi.
1943 3399 2016 3443 ac
2039 3382 2161 3459 pri-

209 3489 309 3534 mo
338 3470 623 3550 producti
657 3471 735 3532 ad
762 3470 1059 3547 populum
1089 3470 1167 3530 ab
1196 3468 1453 3531 tribunis
1477 3469 1644 3545 apud
1667 3472 2160 3545 praeoccupatos
