2550 3959
350 211 479 278 240
645 211 876 272 LIBER
898 210 1167 271 XXVIII.
1215 209 1381 269 CAP.
1417 217 1499 272 16.
1525 215 1609 272 17.
1657 215 1730 281 [a.
1755 213 1824 266 U.
1847 232 1897 267 e.
1923 215 2048 281 546]

351 363 737 426 Hasdrubale
777 361 1039 422 navibus
1078 361 1284 420 Gades
1325 360 1504 434 petit=
1561 359 1746 420 ceteri
1775 359 2004 422 deserti
2033 359 2112 420 ab
2143 362 2324 424 duci-

351 450 487 521 bus,
520 464 666 524 pars
696 445 1067 518 transitione,
1100 446 1245 518 fuga
1267 443 1548 520 dissipati
1569 459 1680 518 per
1702 446 2015 519 proximas
2030 446 2326 507 civitates

354 539 513 607 sunt,
547 533 713 592 nulla
739 545 993 591 numero
1024 535 1129 588 aut
1154 528 1386 589 viribus
1416 543 1634 588 manus
1663 529 1942 604 insignis.

522 616 659 677 Hoc
686 615 949 674 maxime
977 613 1161 674 modo
1194 612 1380 672 ductu
1405 618 1590 687 atque
1611 612 1893 687 auspicio·
1913 612 1977 672 Ρ.
2005 611 2324 688 Scipionis

354 701 516 775 pulsi
542 699 841 773 Hispania
869 695 1402 772 Carthaginienses
1432 703 1594 772 sunt,
1633 703 1850 771 quarto
1882 696 2120 758 decimo
2151 714 2324 760 anno

355 789 501 860 post
526 785 751 844 bel-lum
782 782 1011 856 initum,
1057 781 1267 856 quinto
1293 796 1486 856 -quam
1513 779 1576 839 P..
1608 777 1818 855 Scipio
1847 781 2232 855 provinciam
2253 789 2328 844 et

355 867 689 928 exereitum
732 865 988 940 accepit.
1061 864 1229 924 haud
1270 865 1458 925 multo
1499 863 1918 939 post-Silanus
1947 864 2326 927 debellatum

353 953 629 1012 reserens
658 949 1065 1011 Tarraconem
1095 949 1175 1008 ad
1196 947 1558 1023 Scipionem
1584 947 1782 1010 rediit.
1852 947 2038 1009 XVII.
2062 945 2156 1010 L.
2187 949 2325 1010 Sei·

355 1036 458 1112 pio
490 1051 631 1095 cum
656 1035 861 1095 multis
892 1033 1201 1096 nobilibus
1222 1033 1492 1107 »captivis
1519 1032 1766 1093 nuntius
1787 1041 2074 1108 receptae
2093 1033 2324 1109 Hispa-

354 1120 495 1179 niae
520 1119 777 1179 Romam
819 1125 915 1179 est
952 1119 1213 1178 missus..
1272 1123 1334 1177 et
1364 1132 1500 1177 eum
1530 1115 1716 1176 ceteri
1746 1115 1971 1176 laetitia
1999 1117 2326 1192 gloriaque

354 1203 584 1277 ingenti
614 1217 749 1262 eam
783 1218 913 1262 rem
940 1204 1127 1276 vulgo
1159 1202 1420 1273 ferrent,
1457 1216 1652 1274 unua,
1685 1201 1788 1275 qui
1817 1209 2112 1274 gesserat,
2143 1202 2320 1262 inex·

354 1287 599 1363 plebilis
640 1285 880 1347 virtutis
921 1301 1241 1360 veraeque
1274 1285 1506 1359 laudis,
1549 1300 1808 1360 parvum
1851 1285 2044 1345 instar
2087 1300 2324 1360 eorum,

357 1387 519 1446 quae
574 1385 689 1445 spe
742 1386 817 1431 ac
865 1368 1280 1444 magnitudine
1331 1368 1524 1428 animi.
1565 1367 1984 1443 concepisset,-
2036 1377 2326 1445 receptas

353 1455 687 1530 Hispanias
712 1455 991 1515 ducebat.
1035 1453 1164 1513 iam.
1175 1453 1444 1512 Africam
1467 1467 1880 1527 magnamque
1897 1453 2326 1529 Carthaginem

356 1545 419 1599 ct
464 1539 525 1599 in
566 1554 748 1600 suum
798 1539 989 1598 decus
1041 1551 1397 1612 nomenque·
1440 1539 1607 1596 velut
1655 1544 2164 1597 consummatam·
2189 1539 2328 1598 eius

353 1623 496 1685 belli
528 1617 785 1699 gloriam
814 1619 1151 1697 spectabat.
1213 1620 1424 1696 itaque
1451 1621 1976 1696 praemonendam
2006 1622 2124 1682 sibi
2150 1627 2327 1683 ratus

356 1706 477 1766 iam
504 1722 636 1768 rem
665 1706 1209 1781 conciliandosque
1238 1719 1464 1779 regum·
1481 1705 1876 1780 gentiumque
1904 1705 2159 1782 animos,
2205 1705 2328 1785 Sy-

356 1791 612 1866 phacem
656 1791 919 1866 primum
944 1805 1154 1866 regem
1184 1789 1396 1850 statuit
1422 1796 1739 1864 temptare.
1811 1788 2328 1852 Masaesuliorum

356 1876 409 1936 is
438 1890 551 1935 rex
582 1882 743 1936 erat=
786 1874 1159 1945 Masaesulii,
1196 1889 1352 1949 gens
1381 1873 1604 1932 adfinis
1633 1872 1884 1948 MauriS,
1913 1875 1974 1933 in
2007 1874 2328 1949 regionem

356 1959 692 2034 Hispaniae
733 1959 1173 2034 maximeque
1204 1957 1324 2018 sita
1362 1973 1530 2018 nova
1549 1956 1859 2032 xCarthago
1900 1965 1996 2019 est
2023 1965 2326 2033 spectant.

359 2043 578 2103 foedus
632 2057 708 2102 ea
745 2049 1110 2118 tempestate
1158 2043 1290 2116 regi
1333 2056 1472 2101 eum
1513 2041 2114 2114 Carthaginiensibus
2135 2049 2327 2114 1erat3

360 2127 529 2202 quod
571 2125 737 2185 haud
778 2126 1031 2200 gravius
1056 2126 1128 2191 ,ei
1168 2124 1580 2200 sanctiusque
1593 2139 1783 2200 quam
1811 2127 1996 2201 vulgo
2024 2124 2324 2200 barbaria,

366 2209 587 2286 quibus
628 2224 708 2268 ex
735 2210 977 2273 fortuna
1006 2209 1237 2284 pendet
1264 2208 1455 2283 fldeS,
1505 2209 1867 2284 ratussore,
1914 2218 2218 2274 oratorem
2235 2211 2330 2271 -ad

360 2309 499 2355 eum
524 2295 587 2355 G.
611 2293 879 2354 Laelium
910 2309 1049 2354 eum
1078 2293 1259 2354 donis
1290 2293 1484 2354 mittit.
1528 2293 1752 2369 quibus
1780 2292 2084 2356 barbarus
2106 2295 2327 2369 laetus,

362 2384 421 2438 et
450 2378 593 2454 quia
620 2393 725 2448 res
750 2385 876 2439 tum
905 2392 1249 2454 prosperae
1276 2377 1508 2454 ubique
1534 2377 1847 2452 RomaniS,
1870 2377 2094 2440 Poenis
2123 2385 2329 2440 autem

362 2462 419 2523 in
445 2461 616 2524 Italia
643 2462 963 2537 adversae,
992 2463 1056 2523 in
1078 2462 1381 2538 Hispania
1410 2461 1764 2522 nullae·iam
1785 2469 1976 2538 erant,
2006 2461 2330 2522 amicitiam

362 2563 437 2607 se
473 2548 889 2608 Romanorum
940 2545 1233 2622 accipere
1276 2546 1522 2617 adnuit3
1586 2545 1926 2606 firmandae
1966 2547 2100 2606 eius
2141 2545 2332 2608 fidem

361 2645 479 2690 nee
508 2631 658 2690 dare
686 2645 802 2690 nee
832 2631 1116 2706 accipere
1144 2630 1261 2690 nisi
1285 2645 1423 2690 cum
1451 2631 1598 2705 ipso
1613 2644 1826 2692 coram
1847 2629 2008 2691 duee
2026 2631 2330 2692 Romano.

363 2714 447 2774 ita
473 2713 735 2775 Laelius
760 2714 822 2773 in
873 2714 936 2775 id
979 2714 1165 2774 modo
1208 2715 1334 2774 fide
1375 2714 1454 2775 ab
1494 2729 1644 2790 rege
1672 2719 1956 2790 accepta,
1998 2719 2192 2776 tutum
2223 2714 2332 2775 ad·

363 2803 613 2858 ventum
641 2798 791 2874 rore,
824 2798 906 2859 ad
938 2797 1294 2874 Scipionem
1311 2798 1498 2859 redit.
1561 2813 1848 2874 magnam
1877 2798 1940 2858 in
1967 2799 2173 2860 omnia
2197 2813 2332 2859 mo-

366 2889 635 2942 mentum
664 2881 941 2960 Syphax·
967 2881 1296 2943 adfectanti
1324 2898 1430 2943 res
1459 2889 1591 2944 erat
1615 2882 1894 2956 Aniene,
1940 2880 2332 2959 opulentissi-

369 2981 503 3025 mus
547 2966 681 3026 eius
720 2973 921 3026 terrae
961 2981 1105 3040 rex,
1146 2965 1796 3042 bello-iamexpertus-
1814 2967 1998 3042 ipsos
2021 2965 2332 3042 Carthagi·

368 3049 654 3123 menaea,
706 3049 953 3112 finibus:
976 3049 1153 3110 etiam
1194 3050 1370 3126 regni
1413 3058 1556 3126 apte
1598 3050 1698 3110 ad
1722 3050 2118 3127 Hispaniam,
2163 3050 2332 3127 quod

370 3133 535 3194 freto
548 3133 785 3209 exiguo
814 3133 1196 3208 dirimuntur,
1226 3135 1466 3210 positis⁴
1533 3135 1782 3210 dignam
1797 3135 2012 3212 »itaque
2039 3150 2169 3196 rem
2199 3133 2332 3196 Sei·

372 3217 476 3294 pio
506 3225 675 3280 ratus
698 3233 909 3294 -quae,
954 3219 1241 3294 quoniam
1270 3235 1395 3280 non
1427 3219 1874 3296 aliter-posset,
1917 3235 2142 3295 magno
2172 3217 2333 3296 peri·

373 3303 511 3364 culo
542 3309 869 3378 peteretur,
896 3303 962 3362 L.
986 3301 1217 3368 Marcio
1238 3304 1602 3378 Tarracone,
1630 3302 1714 3364 M.
1739 3303 1947 3366 Silano
1975 3303 2338 3380 Carthagine

372 3400 567 3459 nova,
612 3403 737 3462 quo
778 3386 1044 3463 pedibus
1074 3387 1153 3447 ab
1180 3387 1525 3449 Tarracone
1550 3386 1868 3449 itineribus
1894 3388 2134 3464 magnis
2163 3387 2335 3462 ierat,

372 3468 454 3529 ad
506 3471 881 3546 praesidium
934 3470 1272 3546 Hispaniae
1319 3471 1574 3544 relictis,
1633 3472 1772 3547 ipse
1822 3487 1962 3533 eum
2011 3471 2076 3531 C.
2127 3471 2336 3532 Laelio
