2550 3959
349 254 479 319 140
641 256 874 317 LIBER
898 255 1113 315 XXVI..
1158 256 1325 317 CAP.
1355 265 1555 319 sess.
1603 264 1674 331 [a.
1705 264 1773 317 υ.
1800 278 1848 317 ο.
1875 263 2004 330 542]

352 424 461 469 sus
503 407 937 481 distinxerunt,
983 406 1358 483 publicanda
1384 422 1578 479 necne
1615 405 1784 467 bona
1813 414 2052 471 essent.
2113 423 2319 485 pecua

352 492 597 567 captiva
624 498 869 568 praeter
895 506 1094 566 equos
1124 496 1186 551 et
1212 490 1518 566 mancipia
1543 496 1789 567 praeter
1815 490 2084 568 puberes
2115 491 2314 552 virilis

353 592 545 641 sexus
571 581 634 636 et
660 575 881 649 omnia,
914 589 1074 649 quae
1102 576 1239 637 solo
1270 588 1396 639 non
1425 575 1892 651 continerentur,
1933 568 2318 637 restituenda

352 665 723 721 censuerunt
764 657 1047 720 dominis.
1110 658 1460 735 Campanos
1504 672 1749 733 omncS,
1791 658 2108 737 Atellanos
2139 658 2317 741 Cala<

353 745 513 805 linos
556 742 923 817 Sabatinos,
962 748 1320 817 extraquam
1361 742 1467 817 qui
1507 746 1719 802 eorum
1759 748 1866 806 aut
1907 742 2029 819 ipsi
2069 734 2174 803 aut
2199 760 2316 821 pa-

350 834 555 887 rentes
596 842 809 887 eorum
844 826 1011 901 apud
1038 826 1251 887 hostes
1283 833 1526 901 essent,
1567 825 1795 887 liberos
1825 842 1968 887 esse
2003 826 2318 909 iusserunt

350 911 450 984 ita,
496 916 565 971 ut
588 926 769 971 nemo
800 925 1011 973 eorum
1040 910 1191 973 civis
1220 910 1538 988 Romanus
1563 916 1668 971 aut
1693 908 1890 970 Latini
1919 904 2181 971 nominis
2211 926 2314 971 es

351 1000 474 1066 set,
532 1008 689 1055 neve
732 994 873 1071 quis
912 1010 1150 1069 eorum,
1196 994 1300 1069 qui
1331 976 1576 1069 Capuae
1619 994 1866 1067 fuisset,
1913 994 2056 1055 dum
2096 1001 2318 1073 portae

352 1078 601 1142 clausae
622 1085 851 1151 essent,
882 1079 942 1141 in
966 1078 1119 1140 urbe
1138 1093 1372 1154 agrove
1389 1077 1698 1155 Campano
1719 1078 1876 1139 intra
1899 1085 2126 1139 certam
2147 1079 2313 1140 diem

351 1169 649 1223 maneret:
680 1163 856 1227 loeus
884 1162 991 1222 ubi
1018 1161 1362 1224 habitarent
1389 1169 1556 1223 trans
1569 1161 1848 1239 Tiberim,
1880 1163 1984 1239 qui
2012 1178 2136 1225 non
2165 1178 2314 1225 con·

349 1246 608 1322 tingeret
632 1246 923 1321 Tiberim,
970 1246 1235 1307 daretur.
1301 1246 1406 1321 qui
1439 1261 1555 1305 nec
1584 1244 1860 1322 Capuae,
1903 1261 2018 1307 nec
2057 1246 2116 1307 in
2158 1246 2318 1308 urbe

352 1329 683 1406 Campana,
724 1346 883 1405 quae
910 1347 948 1389 a
979 1330 1208 1405 populo
1236 1330 1516 1404 Romano
1546 1328 1904 1405 defecisset,
1946 1346 2060 1407 per
2084 1329 2319 1391 bellum

350 1415 643 1487 fuissent,
682 1430 797 1479 eos
836 1414 927 1473 cis
968 1414 1153 1473 Lirim
1194 1430 1434 1487 amnem
1475 1414 1736 1475 Romam
1774 1430 2030 1488 versus3
2083 1416 2190 1493 qui
2227 1416 2316 1475 ad

348 1498 663 1560 Romanos
704 1497 1073 1569 transissent
1111 1497 1475 1573 priusquam
1502 1498 1773 1577 Capuam
1799 1498 2102 1559 Hannibal
2141 1498 2317 1559 veni-

333 1588 459 1655 ret,
493 1582 582 1641 cis
596 1582 963 1643 Vulturnum.
990 1582 1372 1645 emovendos
1401 1588 1788 1655 censuerunt,
1819 1598 1898 1642 ne
1929 1583 2066 1658 quis
2096 1597 2315 1643 eorum

350 1665 610 1742 propius
652 1681 821 1727 mare
850 1665 1199 1743 quindecim
1227 1665 1470 1726 milibus
1501 1682 1798 1741 passuum
1839 1682 2055 1743 agrum
2096 1666 2315 1729 aedifi-

348 1750 587 1810 ciumve
628 1750 897 1819 haberet.
968 1750 1072 1826 qui
1116 1766 1330 1813 eorum
1356 1757 1524 1811 trans
1551 1749 1812 1811 Tiberim
1855 1751 2039 1811 emoti
2081 1758 2316 1827 essent,

349 1849 425 1893 ne
446 1834 569 1910 ipsi
590 1834 903 1911 posterive
924 1850 1139 1895 eorum
1157 1833 1398 1910 uspiam
1421 1840 1709 1910 pararent
1727 1833 2102 1895 haberentve
2125 1851 2314 1913 agros

346 1917 465 1977 nisi
520 1918 583 1978 in
623 1919 885 1979 Veiente
927 1918 1173 1979 Sutrino
1215 1918 1607 1995 Nepesinove
1663 1932 1841 1993 agro,
1899 1918 2046 1979 dum
2087 1936 2165 1979 ne
2207 1920 2314 1981 cui

348 2001 543 2060 maior
572 2018 755 2083 quam
790 2002 1225 2098 quinquaginta
1252 2001 1530 2077 iugerum
1557 2003 1693 2079 agri
1727 1964 1949 2064 mo’dus
1978 2009 2164 2063 esset.
2209 2020 2312 2065 se*

346 2090 625 2146 natorum
670 2085 936 2145 omnium
979 2086 1208 2161 quique
1236 2086 1624 2161 magistratus
1657 2087 1903 2163 Capuae
1929 2086 2168 2147 Atellae
2198 2086 2313 2148 Ca-

345 2168 525 2227 latiae
542 2169 887 2243 gessissent
907 2169 1072 2229 bona
1091 2170 1304 2230 venire
1319 2170 1562 2246 Capuae
1583 2170 1926 2241 iusserunt3
1955 2170 2150 2231 libera
2171 2187 2312 2232 cor-

348 2266 518 2326 pora,
550 2268 707 2327 quae
736 2269 958 2313 venum
990 2254 1123 2314 dari
1152 2255 1483 2331 placuerat,
1515 2254 1771 2315 Romam
1801 2254 1952 2317 mitti
1981 2270 2056 2316 ac
2068 2256 2312 2317 Romae

236 2368 247 2387 ι
345 2336 573 2395 venire.
618 2337 813 2413 signa,
846 2343 1078 2398 statuas
1108 2354 1353 2413 aeneas,
1393 2354 1554 2414 quae
1583 2346 1764 2415 capta
1793 2340 1872 2399 de
1899 2338 2182 2407 hostibus
2212 2340 2308 2400 di-

346 2425 639 2496 cerentur,
686 2437 845 2495 quae
873 2437 1087 2483 eorum
1114 2438 1294 2483 saera
1322 2438 1396 2483 ac
1424 2422 1683 2499 profana
1711 2429 1950 2498 essent,
1993 2424 2077 2483 ad
2105 2416 2310 2501 ponti-

346 2502 526 2563 ficum
570 2506 890 2581 collegium
930 2506 1290 2567 reiecerunt.
1355 2506 1436 2566 ob
1465 2506 1620 2565 haec
1650 2507 1897 2567 decreta
1937 2508 2305 2569 maestiores

344 2588 674 2664 aliquantO,
708 2607 889 2665 quam
916 2590 1175 2651 Romam
1203 2596 1512 2665 venerant,
1552 2591 1897 2688 Campanos
1929 2590 2310 2653 dimiserunt.

304 2702 309 2707 -
344 2686 459 2731 nec
486 2672 605 2731 iarn
630 2672 696 2747 Q.
711 2670 908 2733 Fulvii
938 2673 1258 2733 saevitiam
1283 2673 1344 2733 in
1375 2688 1539 2748 sese,
1571 2673 1685 2733 sed
1715 2665 2091 2750 iniquitatem
2123 2677 2312 2740 deum

342 2762 527 2829 atque
554 2754 997 2817 exsecrabilem
1026 2756 1329 2817 fortunam
1357 2774 1534 2819 suam
1564 2757 1942 2819 incusabant.

508 2838 749 2901 XXXV.
790 2839 1073 2901 Dimissis
1104 2838 1330 2901 Siculis
1358 2840 1812 2917 Campanisque
1843 2843 2101 2904 dilectus
2118 2840 2308 2903 habi·-

346 2928 461 2982 tus.
502 2923 735 2999 scripto
760 2923 984 2983 deinde
1013 2924 1286 2985 exercitu
1315 2924 1394 2984 de
1416 2925 1712 3001 remigum
1741 2929 2172 3002 supplemento
2202 2923 2306 3001 agi

343 3012 663 3079 coeptum
698 3005 771 3065 -in
812 3022 994 3082 quam
1031 3022 1162 3070 rem
1204 3024 1346 3083 ,cum
1383 3024 1587 3085 neque
1625 3008 1935 3069 hominum
1966 3010 2150 3087 satiS,
2187 3026 2310 3073 nee

342 3102 418 3149 ex
462 3104 587 3164 qua
626 3097 987 3165 pararentur
1028 3092 1528 3171 stipendiumque
1568 3092 1948 3169 acciperent,
2005 3094 2308 3170 pecuniae

343 3172 671 3251 quicquam
698 3190 775 3235 ea
800 3181 1163 3251 tempestate
1192 3176 1252 3236 in
1284 3176 1531 3251 publico
1562 3184 1758 3254 esset,
1802 3177 2127 3239 edixerunt
2155 3193 2306 3237 eon·

344 3258 511 3319 sules
528 3305 544 3333 ,
584 3264 651 3319 ut
676 3259 956 3335 privatim
1000 3277 1081 3321 ex
1108 3276 1299 3321 censu
1341 3259 1784 3335 ordinibusque
1812 3261 1971 3321 sicut
1997 3268 2176 3323 antea
2203 3276 2305 3323 re-

342 3340 535 3415 miges
576 3342 792 3405 darent
818 3360 955 3404 cum
996 3344 1306 3421 stipendio
1349 3342 1722 3421 cibariisque
1763 3344 2014 3405 dierum·
2037 3346 2306 3421 triginta.

342 3425 423 3488 ad
450 3425 514 3485 id
542 3425 805 3487 edictum
833 3434 1035 3489 tantus
1068 3428 1338 3504 fremitus
1379 3428 1720 3503 hominum,
1760 3434 1927 3489 tanta
1964 3428 2305 3505 indignatio

344 3508 467 3584 fuit,
496 3515 564 3571 ιιι
590 3526 767 3585 mage
796 3512 919 3585 dux
951 3528 1135 3588 quam
1162 3511 1416 3574 materia
1443 3512 1730 3573 seditioni
1760 3508 2028 3574 deesset.
2077 3528 2302 3575 secun-
