2550 3959
562 161 789 222 LIBER
820 162 1089 223 XXVIII.
1136 161 1302 222 CAP.
1331 167 1420 224 37.
1447 169 1535 225 38.
1582 167 1656 237 [a.
1682 168 1748 223 C.
1777 167 1904 236 206]
2073 163 2199 228 263

230 332 369 378 rum
419 330 489 375 se
516 347 601 358 --
630 320 692 374 et
731 313 853 374 iam
906 319 1243 374 extremum
1295 313 1565 396 autumni
1617 319 1750 374 erat
1773 343 1860 356 -—-
1888 315 2198 376 credebat.

234 406 503 461 ceterum
528 396 695 458 haud
727 412 942 470 secuS,
988 412 1171 472 quam
1200 396 1255 456 si
1284 397 1544 458 Romani
1573 412 1710 457 eam
1737 397 2000 458 insulam
2029 398 2199 459 inco-

234 485 445 558 lerent,
473 481 775 544 hostiliter
804 479 989 541 classi
1020 495 1348 541 occursum
1378 487 1506 541 est..
1541 480 1749 541 fundis
1779 487 1846 542 ut
1871 498 2033 542 nunc
2064 483 2199 558 plu-

232 567 481 644 rimum,
530 566 616 626 ita
661 571 792 626 tum
841 564 977 630 solo
1022 579 1097 625 eo
1139 566 1260 626 telo
1303 563 1658 639 utebantur,
1711 580 1826 626 nec
1871 565 2197 642 quisquam

232 651 483 712 alterius
526 648 723 725 gentis
771 664 930 710 unus
971 654 1204 710 tantum
1244 663 1322 708 ea
1360 655 1492 709 arte
1535 656 1826 726 quantum
1855 649 2013 710 inter
2042 651 2200 712 alios

234 751 449 798 omnes
477 734 751 796 Baliares
794 733 1117 794 excellunt.
1190 732 1400 809 itaque
1437 739 1605 794 tanta
1637 733 1734 794 vis
1763 733 2038 810 lapidum
2069 750 2196 796 cre-

231 821 535 882 berrimae
584 817 899 892 grandinis
940 817 1126 878 modo
1167 816 1239 877 in.
1273 817 1790 894 propinquantem
1839 819 1960 879 iam
1999 823 2198 879 terrae

214 906 500 984 'classem
528 901 729 964 effusa
756 907 869 976 est,
911 906 979 963 ut
1005 900 1231 962 intrare
1257 908 1506 976 portum
1535 918 1659 962 non
1689 903 1823 963 ausi
1855 909 2200 964 averterent

230 989 292 1048 in
326 989 509 1048 altum
539 1001 749 1047 naves.
792 986 854 1046 in
884 985 1182 1046 minorem
1211 983 1357 1045 inde
1377 984 1706 1046 Baliarium
1733 985 1996 1048 insulam
2018 988 2198 1048 traie-

234 1077 476 1146 cerunt,
519 1069 776 1146 fertilem
817 1085 999 1146 agap,
1040 1067 1191 1131 viris
1232 1069 1420 1130 armis
1463 1069 1632 1130 haud
1671 1085 1871 1147 aeque
1910 1071 2197 1132 validam.

232 1156 441 1232 itaque
485 1153 721 1230 egressi
764 1153 1025 1216 navibus
1070 1170 1262 1230 super
1287 1161 1534 1230 portum
1563 1155 1703 1215 loco
1733 1154 1963 1217 munito
1994 1155 2200 1216 locant

232 1247 473 1310 castra;
529 1255 603 1300 ac
644 1239 778 1300 sine
822 1237 1149 1302 certamine
1189 1239 1344 1300 urbe
1387 1253 1664 1316 agroque
1703 1238 1906 1315 potiti,
1951 1238 2196 1300 duobus

230 1323 477 1386 milibus
520 1321 903 1404 auxiliarium
945 1323 1089 1384 inde
1120 1323 1490 1400 conscriptis
1525 1323 1859 1401 missisque
1891 1323 2196 1398 Carthagi·

232 1425 393 1482 nem,
426 1409 507 1470 ad
534 1406 981 1470 hibernandum
1010 1423 1201 1470 naves
1234 1407 1678 1469 subduxerunt.
1742 1416 1889 1484 post
1913 1405 2196 1482 Magonis

233 1493 311 1554 ab
345 1491 571 1554 Oceani
602 1509 715 1555 ora
743 1493 1091 1555 discessum
1124 1493 1404 1554 Gaditani
1431 1493 1726 1554 Romanis
1759 1491 2096 1576 deduntur„
2158 1550 2162 1556 .

398 1577 721 1638 XXXVIII.
763 1577 1015 1640 Haecin
1035 1577 1338 1654 Hispania
1355 1577 1420 1639 P.
1447 1576 1756 1652 Scipionis
1781 1577 1970 1639 ductu
1991 1577 2196 1652 auspi-

234 1661 457 1738 cioque
494 1669 686 1736 gesta.
759 1661 897 1737 ipse
924 1662 991 1721 L.
1022 1663 1280 1722 Lentulo
1323 1668 1384 1722 et
1409 1661 1474 1722 L.
1505 1659 1732 1722 Manlio
1762 1659 2025 1721 Acidino
2054 1677 2198 1736 pro·

232 1746 617 1820 praetoribus
660 1744 977 1820 provincia
1016 1744 1238 1805 tradita
1280 1746 1494 1805 decem
1525 1743 1786 1805 navibus
1815 1744 2072 1805 Romam
2101 1760 2198 1804 re-

232 1829 369 1904 diit,
412 1836 472 1890 et
513 1835 731 1890 senatu
772 1835 944 1908 extra
984 1829 1199 1890 urbem
1229 1829 1372 1890 dato
1402 1829 1461 1888 in
1493 1829 1648 1890 aede
1672 1827 1996 1903 Bellonae,
2041 1845 2198 1904 quas

230 1929 331 1974 res
363 1913 425 1972 in
453 1914 753 1988 Hispania
780 1913 1113 1988 gessisset,
1158 1911 1477 1988 disseruit,
1526 1910 1811 1988 quotiens
1843 1912 2037 1987 signis
2070 1913 2196 1973 col-

230 1997 368 2058 latis
420 1997 819 2076 dimicasset,
855 2003 1005 2073 quot
1056 1998 1290 2072 oppida
1339 2012 1418 2057 ex
1465 1995 1750 2058 hostibus
1799 1996 1862 2056 vi
1906 1997 2194 2072 cepisset,

240 2097 389 2158 quas
433 2087 646 2156 gentes
689 2081 749 2140 in
791 2080 1097 2143 dicionem
1136 2079 1350 2158 populi
1379 2081 1640 2143 Romani
1667 2081 2047 2156 redegisset:
2092 2081 2200 2142 ad·

234 2181 450 2227 versus
496 2171 782 2241 quattuor
822 2181 895 2226 se
921 2166 1359 2241 imperatoreS,
1405 2171 1691 2242 quattuor
1723 2165 1992 2226 victores
2023 2180 2198 2225 exer-

234 2251 387 2310 citus
417 2250 477 2308 in
508 2248 867 2326 Hispaniam
910 2250 1063 2321 isse,
1106 2248 1412 2310 neminem
1441 2248 2004 2324 Carthaginiensem
2031 2249 2092 2308 in
2122 2249 2198 2309 iis
2241 2243 2260 2254 ‘

229 2333 408 2394 terris
448 2333 798 2409 reliquisse.
858 2332 937 2394 ob
979 2333 1091 2393 has
1132 2349 1235 2394 res
1279 2339 1487 2408 gestas
1529 2332 1727 2408 magis
1769 2339 2062 2409 temptata
2101 2341 2200 2394 est

228 2417 518 2493 triumphi
548 2433 695 2493 spes
730 2433 911 2494 quam
940 2417 1127 2494 petita
1152 2415 1566 2492 pertinaciter,
1614 2416 1758 2492 quia
1783 2417 2087 2476 neminem
2117 2417 2196 2478 ad

230 2518 365 2562 eam
398 2502 559 2562 diem
587 2501 1018 2578 triumphasse,
1052 2500 1155 2576 qui
1189 2501 1324 2560 sine
1353 2502 1713 2576 magistratu
1738 2515 1842 2561 res
1874 2499 2195 2576 gessisset,

228 2585 570 2648 constabat.
628 2591 849 2648 senatu
874 2585 1067 2648 misso
1098 2585 1315 2646 urbem
1344 2591 1440 2645 est
1467 2584 1805 2659 ingressuS,
1841 2583 2198 2660 argentique

227 2685 378 2746 prae
416 2684 489 2730 se
527 2669 589 2730 in
619 2669 921 2730 aerarium
959 2670 1093 2731 tulit
1124 2668 1616 2747 quattuordecim
1644 2667 1810 2728 milia
1837 2667 2048 2744 pondo
2077 2673 2192 2728 tre-

230 2761 407 2814 centa
450 2753 853 2830 quadraginta
893 2753 1017 2816 duo
1060 2762 1121 2817 et
1149 2752 1371 2830 sIgnati
1406 2753 1641 2828 argenti
1671 2767 1958 2828 magnum
1987 2767 2196 2812 nume-

225 2854 381 2899 rum.
428 2838 673 2899 comitia
698 2837 842 2898 inde
873 2838 1153 2900 creandis
1184 2836 1544 2900 consulibus
1573 2835 1785 2898 habuit
1810 2835 1876 2896 L.
1905 2835 2196 2896 Veturius

226 2920 431 2998 Philo,
474 2922 911 2998 centuriaeque
952 2938 1167 2983 omnes
1209 2921 1440 2998 ingenti
1481 2922 1696 2982 favore
1734 2919 1800 2980 P.
1845 2919 2196 2995 Scipionem

228 3007 546 3068 consulem
574 3005 877 3069 dixerunt.
923 3007 1161 3082 collega
1190 3006 1433 3067 additur
1461 3005 1516 3066 ei
1545 3005 1612 3066 P.
1633 3003 1903 3074 Licinius
1933 3003 2191 3067 crassus

228 3089 505 3164 pontifex
552 3089 875 3151 maximus.
950 3095 1219 3152 ceterum
1270 3087 1514 3151 comitia
1562 3089 1794 3151 maiore
1845 3103 2030 3165 quam
2071 3089 2198 3148 ulla

229 3189 339 3249 per
387 3173 451 3235 id
490 3173 717 3236 bellum
766 3173 1073 3235 celebrata
1123 3173 1471 3250 frequentia
1511 3174 1820 3251 proditum
1863 3170 2199 3232 memoriae

227 3263 355 3318 est=
419 3265 835 3320 convenerant
878 3259 1152 3334 undique
1206 3273 1331 3318 non
1371 3255 1754 3332 suffragandi
1803 3255 2022 3330 modo,
2082 3255 2198 3318 sed

226 3341 408 3402 etiam
448 3342 769 3418 spectandi
811 3358 1001 3404 causa
1039 3341 1104 3401 P.
1137 3339 1478 3416 Scipionis;
1527 3342 2098 3417 concurrebantque
2137 3348 2198 3404 et

228 3425 475 3486 domum
522 3425 875 3501 frequenter
904 3426 1055 3487 etin
1086 3423 1451 3502 Capitolium
1479 3423 1559 3485 ad
1588 3423 2002 3486 immolantem
2031 3439 2195 3506 eum,
