2550 3959
359 283 482 347 1oe
648 283 881 344 LIBER
906 281 1147 342 XXVII.
1193 281 1358 342 CAP.
1388 291 1474 344 eo.
1499 291 1588 343 31.
1632 283 1704 360 [a.
1730 287 1800 339 U.
1825 304 1874 339 c.
1898 283 2022 358 544]

354 431 721 511 giniensium
763 439 931 493 etex
957 431 1245 508 Bithynia
1272 430 1350 490 ab
1379 445 1526 506 rege
1555 431 1766 492 Prusia
1793 431 2180 493 venientibus
2213 449 2320 492 na-

357 517 553 591 vibus,
585 523 877 578 statuerat
903 515 1106 575 navali
1128 515 1363 590 proelio
1392 516 1702 575 lacessere
1725 517 2036 576 Romanos
2064 517 2183 576 iam
2213 515 2322 584 diu

355 601 417 662 in
442 601 698 677 reg-ione
726 615 801 661 ea
826 606 1111 676 potentes
1153 598 1360 658 maris.
1425 599 1562 674 ipse
1604 599 1683 658 ab
1713 613 1790 660 eo
1820 601 2081 661 concilio
2114 601 2320 675 Argos

354 700 708 761 regressum
751 683 874 743 ium
902 683 1063 742 enim
1091 682 1454 742 Nemeorum
1482 682 1810 759 appetebat
1837 690 2112 760 tempus,
2156 699 2324 760 quae

356 770 667 830 celebrare
692 765 941 842 volebat
970 767 1320 844 praesentia
1349 781 1483 826 sua.

522 852 734 913 XXXI.
779 851 1091 926 occupato
1120 865 1267 924 rege
1295 857 1593 926 apparatu
1623 851 1924 922 ludorum,
1955 857 2016 911 et
2043 865 2154 926 per
2181 850 2322 912 dies

357 936 550 997 festos
593 935 873 996 licentius
916 951 1100 1010 quam
1142 934 1298 993 inter
1325 933 1468 993 belli
1507 940 1786 1010 tempora
1811 935 2148 994 remittente
2189 934 2320 994 ani-

357 1035 550 1094 mum,
590 1017 655 1078 P.
686 1017 995 1094 Sulpicius
1024 1018 1101 1078 ab
1130 1017 1448 1093 Naupacto
1484 1019 1801 1094 profectus
1829 1019 2092 1082 classem
2121 1033 2319 1094 appu·

262 1127 271 1136 ³
356 1103 422 1164 lit
456 1103 613 1163 inter
640 1101 971 1182 Sicyonem
1021 1109 1083 1162 et
1122 1101 1500 1174 Corinthum,
1559 1097 2061 1178 felicissimeque
2103 1119 2320 1177 aarum

355 1186 678 1248 fertilitatis
707 1183 907 1247 effuse
936 1185 1215 1246 vastavit.
1275 1186 1442 1246 rama
1467 1185 1602 1245 eius
1630 1187 1719 1246 rei
1749 1185 2090 1261 Philippum
2121 1184 2196 1245 ab
2225 1186 2320 1246 lu-

356 1271 455 1332 dis
486 1270 742 1341 excivit3
772 1270 1119 1347 raptimque
1145 1283 1286 1329 cum
1314 1269 1582 1344 equitatu
1611 1271 1924 1346 protectus
1953 1269 2141 1330 iussis
2171 1269 2322 1329 sub-

354 1356 533 1432 sequi
547 1352 859 1432 peditibus
874 1355 1115 1430 palatos
1130 1353 1366 1428 passim
1380 1369 1492 1428 per
1503 1367 1688 1428 agros
1702 1367 2052 1429 gravesque
2067 1353 2323 1428 praeda,

356 1445 421 1498 ut
449 1439 554 1514 qui
582 1439 731 1499 nihil
756 1440 881 1499 tale
910 1443 1263 1510 metuerent,
1308 1436 1563 1497 adortus
1593 1439 1906 1499 Romanos
1934 1437 2228 1512 compulit
2255 1436 2324 1496 in

354 1537 570 1582 naves.
640 1521 859 1582 classis
888 1521 1165 1580 Romana
1192 1519 1672 1597 haudquaquam
1711 1521 1872 1581 laeta
1900 1521 2134 1596 praeda
2160 1521 2322 1578 Nau·

357 1611 598 1680 pactum
621 1604 821 1665 rediit.
862 1603 1145 1679 Philippo
1159 1604 1441 1664 ludorum
1465 1619 1732 1681 quoque,
1761 1605 1864 1680 qui
1887 1605 2103 1680 reliqui
2125 1610 2320 1677 erant,

354 1687 769 1750 celebritatem
793 1694 1341 1763 quantaecumque,
1373 1688 1451 1748 de
1465 1689 1758 1748 Romanis
1781 1695 2001 1762 tamen,
2025 1688 2324 1748 victoriae

356 1778 570 1850 partae
592 1773 752 1832 fama
772 1778 1047 1845 auxerat,
1071 1770 1419 1846 laetitiaque
1437 1771 1665 1846 ingenti
1689 1772 1976 1833 celebrati
2001 1770 2139 1832 resti
2164 1771 2324 1847 dice,

358 1871 445 1916 eo·
460 1855 657 1932 magis
686 1856 869 1916 etiam
883 1899 899 1929 ,
950 1855 1119 1930 quod
1150 1853 1528 1931 populariter
1557 1855 1804 1931 dempto
1835 1855 2053 1930 capitis
2093 1853 2322 1929 insigni

328 1949 331 1953 ’
358 1955 753 2016 purpuraque
781 1946 965 2015 atque
993 1939 1113 2000 alio
1141 1938 1314 2012 regio
1350 1937 1560 1999 habitu
1599 1945 1972 2015 aequaverat
1999 1938 2218 2000 ceteris
2247 1953 2325 2000 se

352 2023 416 2084 ln
448 2024 738 2098 speciem,
770 2039 895 2098 que
924 2022 1072 2082 nihil
1101 2021 1334 2096 gratius
1361 2028 1459 2082 est
1483 2019 1830 2084 civitatibus
1859 2022 2086 2082 liberis.
2141 2037 2322 2098 prae—

356 2104 718 2180 buisseeque
757 2105 923 2166 haud
975 2105 1219 2165 dubiam
1274 2121 1352 2165 eo
1395 2105 1555 2167 facto
1597 2119 1773 2182 spem
1826 2105 2146 2180 libertatis,
2199 2105 2324 2166 nisi

354 2189 560 2250 omnia
596 2189 981 2250 intoleranda
1020 2188 1271 2250 libidine
1311 2189 1497 2250 foeda
1535 2206 1610 2251 ac
1651 2190 1950 2251 deformia
1987 2189 2322 2251 effecisset.

352 2273 695 2350 vagabatur
732 2272 895 2334 enim
930 2287 1067 2333 cum
1106 2289 1229 2334 uno
1272 2279 1379 2335 aut
1422 2275 1616 2334 altero
1655 2273 1878 2336 comite
1920 2288 2033 2350 per
2070 2274 2323 2335 maritas

360 2359 578 2419 domos
606 2357 747 2418 dies
772 2364 1143 2432 noctesque,
1186 2365 1249 2418 et
1275 2357 1706 2419 summittendo
1735 2357 1796 2418 in
1823 2359 2124 2435 privatum
2153 2357 2325 2418 rasti·

355 2435 521 2518 gium
544 2457 666 2518 quo
690 2440 893 2504 minus
916 2449 1290 2517 conspectus
1317 2457 1394 2502 eo
1420 2441 1677 2502 solutior
1703 2449 1861 2513 «ει-αις
1903 2450 1965 2502 et
1985 2441 2322 2502 libertatem

357 2541 494 2587 cum
520 2526 659 2587 aliis
682 2541 906 2589 vanam
934 2525 1328 2600 ostendisset,
1356 2531 1545 2585 totam
1573 2526 1635 2586 in
1658 2541 1834 2587 suam
1857 2525 2158 2586 licentiam
2183 2539 2322 2583 ver—

354 2617 529 2670 terat.
588 2625 792 2686 neque
832 2609 994 2669 enim
1036 2609 1241 2670 omnia
1279 2609 1521 2670 emebat
1547 2616 1652 2670 aut
1677 2608 2166 2682 eblandiebatur,
2205 2608 2322 2669 sed

356 2694 478 2753 vim
506 2692 755 2769 flagitiis
786 2691 1145 2768 adhibebat,
1186 2693 1719 2770 periculosumque
1747 2700 1809 2753 et
1833 2694 1983 2754 viris
2013 2700 2074 2752 et
2101 2706 2323 2768 paren-

355 2777 517 2839 tibus
545 2783 678 2838 erat
704 2791 937 2837 moram
966 2777 1356 2838 incommoda
1383 2778 1708 2838 severitate
1737 2777 1968 2838 libidini
1995 2777 2201 2850 regiae
2231 2775 2322 2835 fe·

356 2863 541 2923 cisse.
592 2859 697 2922 uni
727 2860 907 2922 etiam
937 2859 1196 2937 principi
1216 2860 1605 2921 Achaeorum
1635 2864 1824 2922 Arato
1854 2863 2138 2936 adempta
2165 2874 2326 2919 uxor

357 2945 605 3006 nomine
631 2943 1008 3020 Polycratia,
1049 2959 1125 3004 ac
1152 2959 1267 3019 spe
1305 2944 1609 3020 regiarum
1643 2945 1987 3022 nuptiarum
2029 2945 2091 3004 in
2118 2943 2324 3003 Mace-

358 3029 608 3089 doniam
636 3034 950 3104 asportata
979 3029 1193 3089 fuerat.

526 3109 645 3172 Per
675 3110 833 3171 haec
872 3109 1104 3188 flagitia
1132 3113 1414 3174 sollemni
1443 3111 1806 3174 Nemeorum
1848 3119 2128 3189 peracto,
2174 3127 2324 3187 pau-

360 3194 578 3270 cisque
606 3194 833 3257 additis
859 3195 1097 3266 diebus,
1130 3196 1365 3273 Dymas
1385 3205 1482 3258 est
1501 3198 1819 3274 proiectus
1841 3197 1924 3256 ad
1946 3195 2326 3272 praesidium

360 3277 741 3355 Aetolorum,
773 3277 944 3355 quod
970 3279 1049 3340 ab
1062 3279 1229 3340 Eleis
1258 3283 1518 3342 accitum
1547 3287 1993 3356 acceptumque
2020 3281 2080 3342 in
2108 3278 2326 3340 urbem

360 3369 509 3434 erat,
540 3361 903 3426 eiciendum.
960 3363 1286 3442 Cycliadas
1311 3397 1399 3410 -
1430 3381 1622 3441 penes
1649 3379 1790 3425 eum
1820 3381 2059 3425 summa
2085 3362 2328 3437 imperii

362 3451 497 3507 erat
532 3479 610 3493 —-
636 3447 996 3524 Achaeique
1035 3447 1116 3508 ad
1143 3448 1378 3526 Dymas
1406 3449 1536 3523 regi
1575 3461 1924 3522 occurrere,
1971 3455 2032 3508 et
2057 3447 2328 3507 Eliorum

362 3529 611 3592 accensi
642 3529 789 3593 odio
802 3575 820 3605 ,
868 3531 1038 3609 quod
1064 3547 1104 3592 a
1130 3533 1354 3593 ceteris
1381 3531 1652 3595 Achaeis
1677 3531 2104 3604 dissentirent,
2145 3536 2210 3591 et
2233 3529 2327 3590 in-
