2550 3959
596 244 828 306 LIBER
855 244 1068 305 XXVI.
1114 244 1281 305 CAP.
1312 256 1400 307 22.
1444 248 1518 325 [a.
1541 252 1608 305 c.
1631 250 1760 328 Ἅι]
2041 250 2163 315 127

194 412 427 471 magna
454 396 863 457 circumfusus
894 396 1068 456 turba
1096 397 1176 456 ad
1205 396 1464 457 tribunal
1495 398 1766 459 consulis
1795 401 1961 461 venit
1991 402 2162 477 petit-

198 495 350 556 que,
408 485 477 541 ut
515 496 717 556 pauca
758 496 873 541 sua
910 480 1101 539 verba
1142 480 1407 555 audiret,
1461 482 1945 559 centuriamque,
2005 502 2162 559 quae

198 563 441 623 tulisset
488 560 876 637 suffragium,
942 564 1221 624 revocari
1272 564 1523 625 iuberet.
1609 566 1826 627 erect1s
1877 568 2159 654 omnibus

198 646 684 721 exspectatione,
727 647 1017 723 quidnam
1050 647 1462 721 postulaturus
1493 658 1675 724 esset,
1709 646 2024 712 oculorum
2056 670 2159 713 va-

198 730 538 791 letudinem
566 730 903 791 excusavit.
942 730 1356 806 impudentem
1385 740 1445 792 et
1470 733 1936 807 gubernatorem
1966 745 2026 797 et
2051 738 2159 797 im·

200 821 547 889 peratorem
574 830 746 889 esse,
793 814 915 890 qui,
960 830 1100 875 cum
1128 816 1346 875 alienis
1375 817 1570 878 oculis
1601 818 1656 877 ei
1689 820 1892 878 omnia
1919 821 2160 894 agenda

200 899 352 972 sint,
409 898 673 973 postulet
712 898 830 958 sibi
882 898 1137 958 aliorum
1177 899 1380 974 capita
1420 915 1492 961 ac
1535 902 1807 963 fortunas
1851 906 2156 965 committi.

200 981 491 1057 proinde,
532 982 587 1041 si
626 982 963 1057 videretur,
1008 988 1069 1042 et
1108 983 1310 1043 redire
1352 983 1413 1042 in
1456 983 1810 1059 suffragium
1845 986 2160 1049 Veturiam

202 1066 503 1125 iuniorum
542 1064 807 1139 iuberet,
848 1072 910 1125 et
936 1066 1356 1127 meminissent
1396 1066 1456 1125 in
1489 1068 1843 1130 consulibus
1875 1072 2156 1133 creandis

200 1149 361 1222 belli,
407 1149 575 1224 quod
603 1150 664 1209 in
692 1149 861 1210 Italia
889 1150 999 1223 sit,
1046 1158 1513 1227 temporumque
1540 1151 1625 1211 rei
1657 1152 1957 1227 publicae.
2023 1156 2155 1217 vix-

200 1234 349 1294 dum
387 1234 709 1309 requiesse
753 1248 933 1293 aures
976 1250 1015 1293 a
1057 1233 1314 1309 strepitu
1359 1240 1418 1294 et
1457 1238 1710 1296 tumultu
1751 1237 1982 1313 hostili,
2031 1256 2154 1313 quo

198 1332 436 1393 paucos
466 1324 608 1378 ante
630 1333 879 1379 menses
909 1318 1171 1378 arserint
1198 1334 1398 1395 prope
1425 1320 1666 1380 moenia
1679 1320 1972 1382 Romana.
2015 1328 2156 1397 post

197 1402 354 1461 baec
384 1416 521 1461 cum
550 1401 819 1462 centuria
847 1401 1137 1477 frequens
1169 1403 1610 1463 succlamasset
1639 1403 1783 1464 nihil
1813 1421 1883 1465 se
1923 1412 2154 1467 mutare

196 1486 563 1560 sententiae,
605 1486 984 1562 eosdemque
1014 1487 1302 1548 consules
1331 1487 1603 1548 dicturos
1634 1502 1806 1560 esse,
1850 1500 1975 1550 tum
2003 1490 2152 1550 Tor—

197 1577 419 1645 quatus
460 1583 703 1644 „neque
742 1586 857 1646 ego
900 1574 1185 1631 vestros“
1226 1572 1420 1645 inquit
1462 1587 1706 1646 „mores
1737 1578 1952 1633 consul
1995 1575 2153 1635 ferre

197 1659 431 1729 potero,
462 1662 666 1729 neque
692 1670 808 1715 vos
838 1654 1156 1729 imperium
1188 1669 1406 1714 meum.
1462 1655 1656 1715 redite
1685 1656 1743 1715 in
1776 1656 2150 1731 suffragium,

192 1746 255 1797 et
298 1737 560 1813 cogitate
609 1738 835 1799 bellum
874 1738 1165 1799 Punicum
1216 1736 1276 1796 in
1317 1738 1488 1797 Italia
1529 1745 1589 1798 et
1628 1738 1892 1799 hostium
1935 1740 2152 1801 ducem

192 1821 595 1883 Hannibalem
639 1826 842 1883 esse“.
906 1830 1032 1882 tum
1061 1821 1332 1881 centuria
1361 1829 1419 1881 et
1460 1823 1817 1883 auctoritate
1847 1830 2010 1883 mota
2037 1824 2150 1883 viri

192 1918 255 1967 et
285 1906 705 1967 admirantium
736 1907 897 1966 circa
925 1906 1163 1967 fremitu
1191 1905 1362 1980 petiit
1389 1924 1426 1965 a
1457 1907 1725 1980 consule,
1757 1913 1820 1966 ut
1836 1907 2150 1967 Veturiam

193 1990 505 2052 seniorum
534 1991 773 2050 citaretz
809 1990 971 2050 velle
1000 2006 1143 2051 sese
1172 2006 1310 2049 cum
1339 1989 1668 2051 maioribus
1693 1998 1834 2049 natu
1863 1992 2149 2067 colloqui,

192 2084 252 2135 et
280 2090 359 2135 ex
402 2076 759 2135 auctoritate
788 2089 995 2135 eorum
1024 2074 1313 2134 consules
1346 2076 1568 2135 dicere.
1635 2074 1830 2136 citatis
1860 2075 2152 2136 Voturiae

190 2158 539 2220 senioribus
564 2158 769 2219 datum
793 2164 1029 2219 secreto
1064 2160 1121 2217 in
1141 2156 1296 2217 Ovili
1320 2172 1456 2218 cum
1485 2159 1560 2217 iis
1585 2160 1978 2234 colloquendi
2001 2168 2148 2219 tem-

194 2259 335 2319 pus.
386 2243 663 2303 seniores
694 2242 772 2303 de
800 2241 991 2302 tribus
1021 2242 1464 2303 consulendum
1495 2242 1779 2303 dixerunt
1807 2259 1965 2314 esse,
1998 2244 2148 2303 duo-

190 2328 309 2387 bus
339 2327 535 2403 plenis
566 2328 685 2387 iam
715 2326 1030 2397 honorum,
1078 2325 1145 2399 Q.
1172 2324 1364 2386 Fabio
1397 2334 1456 2387 et
1483 2326 1561 2384 M.
1591 2326 1911 2395 Marcello;
1959 2334 2046 2397 et,
2095 2328 2147 2387 si

188 2412 403 2487 utique
442 2428 669 2471 novum
698 2411 961 2485 aliquem
1006 2410 1308 2470 adversus
1336 2410 1578 2469 Poenos
1609 2409 1924 2469 consulem
1955 2413 2147 2469 creari

188 2494 445 2568 vellent,
483 2494 565 2554 M.
596 2494 907 2554 Valerium
934 2493 1267 2553 Laevinum
1307 2492 1552 2567 egregie
1593 2494 1895 2552 adversus
1924 2493 2146 2568 Philip-

188 2594 339 2656 pum
360 2594 567 2653 regem
591 2586 751 2638 terra
780 2578 1057 2653 marique
1082 2591 1212 2636 rem
1242 2576 1538 2651 gessisse.
1583 2577 1666 2635 ita
1687 2576 1766 2635 de
1789 2576 1980 2636 tribus
2003 2590 2149 2635 con—

188 2662 516 2724 sultatione
544 2662 688 2722 data
710 2660 1055 2721 senioribus
1080 2660 1350 2721 dimissis
1381 2660 1648 2721 iuniores
1672 2658 2030 2734 suffragium
2059 2660 2148 2719 in-

188 2751 356 2807 eunt.
400 2745 479 2805 M.
492 2746 845 2806 Marcellum
862 2744 1176 2806 Claudium
1202 2746 1529 2819 fulgentem
1552 2750 1677 2804 tum
1693 2742 1900 2803 Sicilia
1922 2743 2151 2807 domita

187 2838 249 2891 et
275 2830 359 2889 Μ.
388 2830 698 2891 Valerium
729 2828 1017 2889 absentes
1048 2830 1338 2889 consules
1369 2829 1668 2888 dixerunt.
1733 2827 2148 2889 auctoritatem

187 2914 655 2991 praerogativae
678 2927 892 2973 omnes
919 2914 1227 2972 centuriae
1250 2920 1498 2972 secutae
1521 2920 1682 2972 sunt.
1721 2912 1970 2971 eludant
1988 2926 2150 2971 nunc
2219 2960 2222 2963 .

186 2998 442 3073 antiqua
469 2998 789 3057 mirantes.
834 3012 955 3057 non
990 2989 1292 3071 equidem,
1325 2996 1378 3056 si
1410 3012 1534 3070 qua
1563 2996 1646 3057 sit
1669 2995 2034 3093 sapientium
2065 2995 2147 3055 ci·

184 3082 366 3154 vium,
402 3098 584 3156 quam
614 3080 780 3142 docti
810 3080 1045 3155 fingunt
1068 3080 1265 3154 magis
1301 3096 1483 3154 quam
1512 3090 1750 3151 norunt,
1795 3086 1898 3139 aut
1928 3080 2146 3153 princi·

182 3182 303 3242 pes
348 3166 663 3240 graviores
703 3164 1334 3239 temperantioresque
1376 3179 1412 3223 a
1441 3162 1725 3238 cupidine
1766 3161 2001 3236 imperii
2044 3170 2148 3219 aut

182 3249 628 3311 multitudinem
673 3249 890 3309 melius
921 3254 1213 3308 moratam
1244 3254 1537 3308 censeant
1567 3247 1696 3305 fieri
1727 3258 1936 3319 posse.
2005 3258 2146 3303 cen-

184 3334 407 3397 turiam
434 3348 583 3394 vero
627 3332 929 3394 iuniorum
958 3332 1233 3391 seniores
1264 3332 1588 3391 consulere
1616 3328 1891 3389 voluisse
1921 3325 2144 3401 quibus

181 3419 506 3492 imperium
546 3416 840 3491 suffragio
880 3414 1225 3487 mandaret,
1269 3413 1374 3473 vix
1405 3422 1472 3474 ut
1497 3414 1627 3473 veri
1657 3412 1852 3473 simile
1883 3411 1988 3480 sit,
2035 3427 2144 3486 pa-

180 3502 445 3563 rentium
489 3516 737 3577 quoque
764 3500 885 3562 hoc
926 3498 1175 3560 saeculo
1206 3497 1345 3557 vilis
1390 3497 1671 3573 levisque
1711 3494 1877 3571 apud
1916 3493 2141 3555 liberos
