2550 3959
378 234 505 297 300
692 234 914 294 LIBER
946 234 1150 293 XXIX.
1199 234 1365 293 CAP.
1403 244 1483 295 18.
1512 242 1593 295 19.
1632 240 1706 308 [a.
1731 238 1799 293 U.
1823 256 1873 292 c.
1892 241 2019 307 540]

376 387 533 447 sidio
561 385 795 446 Locros
827 399 968 445 esse
999 382 1231 459 sinatiS,
1274 400 1352 444 an
1381 383 1533 445 irato
1561 384 1883 445 Hannibali
1913 394 1972 446 et
1998 384 2226 447 Poenis
2256 388 2336 448 ad
2361 454 2368 459 ,

375 468 745 546 supplicium
776 467 1036 529 dedatis.
1090 480 1213 528 non
1243 469 1660 544 postulamuS,
1702 475 1768 529 ut
1794 470 2102 545 extemplo
2131 470 2336 545 nobis,

374 562 440 615 ut
478 553 557 615 de
597 554 881 624 absente,
922 557 990 612 ut
1030 548 1257 612 indicta
1287 566 1476 611 causa
1505 550 1798 612 credatisz
1851 553 2086 628 veniat,
2127 568 2339 615 coram

374 638 510 715 ipse
538 638 763 713 audiat,
798 636 936 711 ipse
960 634 1167 695 diluat.
1206 635 1261 695 si
1292 636 1621 711 quicquam
1649 636 1921 711 sceleris„
1955 636 2122 713 quod
2149 637 2337 698 homo

373 724 432 782 in
460 718 741 782 homines
772 720 957 779 edere
986 725 1209 794 potest,
1240 720 1303 779 in
1329 732 1448 778 nos
1478 718 1903 795 praetermisit,
1933 736 2058 781 non
2081 736 2334 783 recusa·

372 822 529 880 mus,
562 804 708 880 quin
740 810 801 865 et
830 818 943 864 nos
976 803 1180 863 omnia
1208 801 1427 863 eadem
1456 803 1689 878 iterun»,
1733 802 1787 863 si
1817 803 1944 878 pati
1975 820 2333 879 possumus,

372 889 687 966 patiamur,
706 893 767 948 et
788 886 888 947 ille
904 886 1066 947 omni
1089 885 1296 947 divino
1317 885 1711 963 humanoque
1732 885 2022 949 liberetur
2035 888 2336 949 scelere.“

536 968 690 1031 XIX.
734 970 903 1032 Haec
944 984 1081 1031 cum
1122 969 1200 1030 ab
1240 970 1456 1045 legatis
1500 970 1664 1030 dicta
1705 976 1915 1031 essent
1956 972 2333 1049 quaesisset-

374 1072 497 1133 que
538 1054 616 1115 ab
658 1056 734 1116 iis
778 1054 843 1129 Ω.
876 1054 1133 1128 FabiuS‚
1176 1054 1616 1114 detulissentne
1656 1068 1764 1114 eas
1805 1056 2112 1131 querellas
2157 1055 2237 1118 ad
2267 1054 2332 1114 P.

370 1139 753 1215 Scipionem,
796 1140 1252 1214 responderunt
1292 1138 1522 1199 missos
1563 1138 1801 1213 legatos
1830 1152 2004 1211 esse,
2051 1140 2165 1200 sed
2195 1154 2334 1200 eum

371 1224 511 1283 belli
556 1228 855 1299 apparatu
908 1227 1276 1298 occupatum
1326 1235 1501 1295 esse,
1553 1228 1614 1281 et
1652 1222 1713 1281 in
1756 1221 2027 1281 Africam
2068 1230 2173 1283 aut
2214 1223 2334 1282 iam

371 1306 687 1368 traiecisse
736 1313 841 1367 aut
888 1306 1044 1366 intra
1095 1318 1331 1382 paucos
1384 1304 1518 1364 dies
1566 1303 1991 1376 traiecturum3
2049 1312 2111 1365 et
2149 1306 2330 1382 legati

368 1390 563 1465 gratia
610 1396 837 1467 quanta
886 1395 1057 1451 esset
1104 1390 1269 1466 apud
1321 1388 1778 1465 imperatorem,
1831 1397 2124 1465 expertos
2165 1405 2331 1463 esse,

370 1491 507 1534 cum
538 1474 693 1535 inter
733 1490 873 1534 eum
901 1480 962 1534 et
991 1472 1269 1533 tribunos
1309 1472 1553 1547 cognita
1581 1488 1772 1532 causa
1801 1473 2078 1533 tribunos
2111 1473 2171 1532 in
2197 1474 2330 1533 vin—

372 1558 466 1617 cla
494 1558 852 1631 coniecerit,
898 1557 1161 1631 legatum
1207 1570 1406 1632 aeque
1435 1562 1674 1616 sontem
1704 1563 1808 1617 aut
1835 1557 2030 1632 magis
2059 1558 2238 1618 etiam
2270 1556 2332 1615 in

370 1655 445 1701 ea
493 1647 795 1717 potestate
845 1640 1177 1715 reliquerit.
1244 1638 1432 1701 iussis
1477 1641 1782 1700 excedere
1821 1643 2050 1717 templo
2092 1640 2329 1716 legatis,

371 1740 492 1785 non
521 1724 847 1785 Pleminius
890 1724 1077 1785 modo
1122 1722 1236 1785 sed
1267 1724 1447 1784 etiam
1479 1721 1688 1799 Scipio
1733 1723 2078 1801 principum
2107 1724 2330 1785 oratio-

370 1809 549 1869 nibus
578 1806 850 1868 lacerari.
912 1813 1052 1868 ante
1082 1822 1298 1867 omnes
1325 1806 1394 1881 Q.
1423 1805 1649 1867 Fabius
1677 1813 1887 1868 natum
1915 1822 2057 1869 eum
2086 1808 2168 1868 ad
2195 1823 2330 1869 cor-

369 1893 768 1968 rumpendam
804 1890 1188 1967 discipIInam
1230 1891 1548 1951 militarem
1590 1904 1863 1967 arguere.
1919 1890 2010 1952 sic
2051 1893 2199 1952 etin
2229 1892 2329 1953 Hi·

371 1973 590 2051 spania
629 1978 769 2050 plus
814 1990 1012 2050 prope
1062 1991 1176 2050 per
1226 1973 1590 2034 seditionem
1639 1974 1890 2035 militum
1933 1992 2117 2051 quam
2165 1976 2328 2036 bello

369 2058 681 2117 amissum.
746 2064 998 2118 externo
1051 2064 1110 2117 et
1148 2056 1320 2133 regio
1369 2072 1544 2118 more
1587 2064 1648 2118 et
1686 2058 2006 2134 indulgere
2047 2057 2328 2119 licentiae

368 2141 620 2201 militum
661 2149 721 2201 et
748 2142 990 2201 saevire
1028 2140 1092 2199 in
1122 2154 1253 2201 eos.
1326 2141 1687 2201 sententiam
1727 2141 1954 2203 deinde
1981 2158 2183 2219 aeque
2207 2149 2330 2203 tru-

368 2240 501 2285 cem
528 2224 789 2286 orationi
819 2224 1070 2285 adiecit=
1115 2222 1470 2285 Pleminium
1493 2226 1758 2300 legatum
1780 2226 2050 2287 vinetum
2071 2226 2326 2287 Romam

367 2310 676 2386 deportari
705 2310 970 2385 placere,
1002 2314 1163 2368 etex
1184 2307 1447 2370 vinculis
1479 2322 1728 2369 causam
1754 2308 1976 2383 dicere,
2009 2325 2083 2370 ac
2105 2309 2159 2370 si
2181 2324 2331 2369 vera

368 2392 567 2454 forent
618 2409 777 2469 quae
824 2392 1171 2452 Locrenses
1224 2400 1657 2469 quererentur,
1715 2392 1775 2451 in
1827 2406 2076 2454 carcere
2126 2393 2333 2453 necari

372 2476 657 2552 bonaque
686 2477 819 2537 eius
846 2475 1175 2553 publicari=
1217 2473 1283 2534 P.
1311 2473 1682 2552 Scipionem,
1715 2476 1882 2553 quod
1912 2477 1991 2537 de
2015 2476 2331 2553 provincia

365 2558 745 2622 decessisset
773 2560 1015 2621 iniussu
1043 2565 1328 2633 senatus,
1372 2560 1684 2635 revocari,
1717 2560 1941 2636 agique
1973 2574 2112 2621 cum
2141 2560 2327 2621 tribu·

365 2644 460 2703 nis
502 2643 733 2719 plebiS,
776 2649 845 2704 ut
877 2644 955 2704 de
985 2644 1244 2719 imperio
1291 2642 1426 2704 eius
1457 2642 1816 2719 abrogando
1844 2644 2075 2704 ferrent
2102 2644 2184 2704 ad
2215 2658 2326 2719 po-

364 2727 601 2801 pulum=
670 2726 1084 2788 Locrensibus
1128 2742 1337 2789 coram
1379 2733 1659 2787 senatum
1700 2728 2114 2803 respondere,
2169 2742 2324 2803 quas

364 2808 615 2871 iniurias
660 2809 777 2870 sibi
823 2812 1017 2872 factas
1062 2817 1495 2887 quererentur,
1537 2826 1645 2871 eas
1680 2826 1885 2887 neque
1913 2815 2193 2873 senatum
2221 2826 2326 2869 ne-

366 2909 486 2969 que
518 2894 815 2969 populum
848 2894 1041 2953 factas
1068 2895 1263 2963 velle3
1307 2893 1479 2955 viros
1507 2894 1710 2956 bonos
1735 2895 2073 2971 sociosque
2096 2901 2155 2955 et
2180 2893 2322 2954 ami-

365 2991 475 3037 cos
508 2992 619 3037 eos
651 2977 979 3053 appellari,
1020 2976 1246 3038 liberos
1279 2977 1606 3054 coniuges,
1652 2992 1938 3054 quaeque
1967 2978 2087 3038 alia
2115 2982 2324 3053 erepta

364 3066 603 3135 essent,
648 3059 914 3120 restitui=
958 3062 1310 3137 pecuniam,
1358 3068 1586 3138 quanta
1619 3076 1699 3122 ex
1727 3061 2033 3122 thesauris
2074 3061 2324 3121 Proser-

366 3144 547 3220 pinae
590 3143 829 3205 sublata
869 3152 1066 3220 esset,
1112 3145 1424 3222 conquiri3
1481 3145 1854 3222 duplamque
1896 3146 2220 3221 pecuniam
2263 3144 2322 3203 in

363 3226 689 3289 thesauros
725 3228 971 3306 reponi3
1019 3235 1079 3290 et
1120 3245 1364 3291 sacrum
1406 3230 1715 3306 piaculare
1745 3229 1907 3303 fieri,
1949 3229 2031 3289 ita
2057 3236 2123 3290 ut
2154 3228 2324 3304 prius

362 3311 438 3369 ad
477 3312 801 3387 collegium
842 3312 1195 3386 pontificum
1234 3314 1596 3388 referretur,
1641 3314 1812 3389 quod
1852 3312 2012 3374 sacri
2051 3311 2325 3373 thesauri

362 3395 505 3454 moti
536 3394 740 3455 violati
771 3402 1008 3471 essent,
1052 3412 1212 3472 quae
1244 3396 1488 3472 piacula
1517 3396 1740 3471 quibus
1771 3397 1926 3471 deis,
1955 3395 2182 3472 quibus
2213 3395 2322 3454 ho-

362 3476 667 3565 stiisjieri
701 3479 1004 3567 placeret=
1048 3480 1299 3554 militeS,
1345 3480 1449 3555 qui
1480 3478 1693 3541 Locris
1723 3484 1963 3555 essent,
2012 3492 2226 3539 omnes
2259 3479 2318 3537 in
