2550 3959
583 239 816 307 UBER
840 240 1026 301 xxv.
1077 240 1243 303 CAP.
1272 248 1362 303 31.
1385 246 1476 303 32.
1525 247 1598 315 [a.
1627 241 1848 323 asu]
2101 238 2194 308 ΘΟ

214 396 407 457 multa
432 392 729 456 avaritiae
750 393 939 457 foeda
956 395 1243 469 exempla
1262 392 1608 467 ederentur,
1632 392 2041 455 Archimeden
2063 410 2164 455 me

216 477 453 539 moriae
482 477 791 553 proditum
818 476 999 538 estin
1024 483 1189 539 tanto
1209 478 1489 551 tumultu,
1522 482 1816 554 quantum
1835 485 2018 554 capta
2037 479 2188 541 urbs

215 561 277 622 in
320 560 611 623 discursu
650 560 1061 639 diripientium
1102 559 1358 622 militum
1393 559 1556 622 ciere
1583 565 1853 637 poterat,
1891 563 2192 625 intentum

217 645 452 719 formis,
486 660 643 721 quas
669 643 731 705 in
762 644 1017 721 pulvere
1038 643 1470 720 descripserat,
1500 645 1580 705 ab
1601 644 1814 720 ignaro
1837 645 2025 707 milite
2050 647 2194 722 quis

218 736 390 791 esset
428 728 845 799 intersectmm
886 744 1073 804 aegre
1118 727 1185 791 id
1224 727 1582 789 Marcellum
1625 728 1876 805 tulisse,
1915 732 2190 805 sepultu-

216 828 452 888 raeque
482 828 690 873 curam
719 811 1017 885 habitam,
1048 819 1110 873 et
1138 812 1506 888 propinquis
1535 810 1718 873 etiam
1743 812 2052 889 inquisitis
2079 815 2194 875 ho·

217 896 355 958 nori
396 896 839 973 praesidioque
878 910 1101 958 nomen
1141 912 1218 957 ac
1243 894 1602 958 memoriam
1625 897 1762 959 eius
1789 897 2005 959 fuisse.
2069 898 2194 960 hoc

217 981 488 1041 maxime
514 980 702 1043 modo
734 978 1093 1058 Syracusae
1124 986 1374 1056 captae,
1416 979 1477 1040 in
1507 979 1732 1055 quibus
1761 983 2034 1056 praedae
2060 990 2192 1045 tan-

218 1072 343 1125 tum
374 1063 501 1138 mit,
541 1070 831 1139 quantum
860 1063 967 1125 vix
996 1070 1177 1139 capta
1204 1062 1568 1139 Carthagine
1593 1069 1722 1124 tum
1753 1064 2003 1141 fuisset,
2051 1082 2192 1127 cum

221 1162 349 1225 qua
372 1147 611 1209 viribus
638 1146 857 1224 aequis
886 1146 1251 1209 certabatur.

384 1230 607 1293 Paucis
650 1238 793 1293 ante
834 1230 1053 1293 diebus
1098 1247 1283 1308 quam
1327 1230 1680 1311 Syracusae
1721 1239 2088 1307 caperentur
2123 1235 2190 1294 T.

220 1315 513 1377 Otacilius
556 1330 696 1384 cum
740 1314 1286 1392 quinqueremibus
1317 1314 1628 1390 octoginta
1652 1313 1891 1377 Uticam
1919 1315 1998 1376 ab
2023 1316 2192 1395 Lily·

214 1399 376 1463 baeo
408 1400 757 1476 transmisit,
789 1406 1017 1461 etcum
1044 1406 1187 1461 ante
1212 1402 1416 1461 lucem
1437 1406 1682 1475 portum
1703 1399 2012 1475 intrasset,
2043 1416 2192 1461 one·

214 1482 415 1545 rarias
446 1484 751 1546 frumento
781 1490 1037 1546 onustas
1070 1485 1265 1560 cepit,
1295 1497 1716 1561 egressusque
1742 1482 1804 1542 in
1831 1490 2056 1545 terram
2084 1485 2192 1546 de-

218 1568 555 1644 populatus
586 1574 681 1628 est
709 1568 1084 1645 aliquantum
1114 1568 1245 1643 agri
1276 1568 1440 1629 circa
1465 1566 1699 1630 Uticam
1715 1610 1732 1641 ,
1771 1568 2198 1645 praedamque·

219 1651 421 1713 omnis
462 1652 709 1727 generis
748 1659 912 1714 retro
942 1653 1025 1712 ad
1053 1667 1245 1712 naves
1276 1652 1418 1727 egit.
1490 1651 1852 1729 Lilybaeum
1883 1652 2059 1713 tertio
2091 1653 2194 1713 die

218 1752 405 1812 quam
444 1735 589 1797 inde
629 1737 943 1812 profectus
985 1741 1119 1796 erat
1158 1751 1300 1796 cum
1339 1741 1582 1795 centum
1620 1734 1866 1808 triginta
1893 1736 2192 1796 onerariis

218 1820 481 1881 navibus
512 1820 812 1881 frumento
844 1820 1207 1896 praedaque
1236 1818 1476 1880 onustis
1505 1816 1678 1889 redit,
1712 1817 1901 1893 idque
1921 1819 2188 1883 rrmnen-

217 1911 347 1967 tum
389 1906 697 1980 extempio
732 1903 1083 1983 Syracusas
1126 1903 1320 1976 misit,
1368 1902 1536 1977 quod
1577 1899 1640 1960 ni
1671 1906 1796 1961 tam
1823 1901 1885 1961 in
1912 1908 2194 1979 tempore

218 1986 635 2064 subvenisset,
662 1987 999 2049 victoribus
1024 1988 1334 2063 victisque
1363 1988 1588 2063 pariter
1616 1984 1968 2061 perniciosa
1997 1988 2188 2049 rames

219 2072 509 2133 instabat.

386 2155 625 2217 XXXII.
666 2156 901 2217 Eadem
930 2162 1162 2216 aestate
1190 2155 1252 2214 in
1279 2154 1596 2232 Hispania,
1629 2170 1769 2217 cum
1795 2155 2044 2217 bienni-o
2075 2155 2192 2214 fer·

219 2254 318 2301 me
349 2238 500 2299 nihil
528 2240 860 2301 admodum
888 2238 1284 2301 memorabile
1313 2239 1540 2301 factum
1569 2246 1756 2300 esset.
1789 2239 2195 2313 consiliisque

218 2320 419 2399 magis
450 2340 635 2399 quam
663 2324 849 2385 armis
880 2324 1107 2385 bellum
1134 2329 1466 2398 gereretur,
1498 2324 1759 2385 Romani
1785 2322 2190 2399 imperatores

218 2406 465 2483 egressi
502 2407 777 2468 hibernis
812 2408 1030 2483 copias
1072 2407 1542 2469 coniunxerunt.
1602 2407 1688 2467 ibi
1731 2408 2052 2469 consilium
2084 2408 2192 2467 ad·

217 2497 511 2553 vocatum
525 2536 541 2563 ‚
594 2491 991 2567 omniumque
1029 2491 1093 2552 in
1136 2507 1328 2551 unum
1377 2496 1791 2565 congruerunt
1831 2490 2190 2563 sententiae,

222 2574 477 2652 quando
518 2575 599 2635 ad
639 2575 702 2636 id
730 2576 1010 2637 locorum
1038 2574 1102 2635 id
1130 2574 1318 2636 modo
1349 2581 1550 2635 actum
1581 2579 1780 2647 esset,
1825 2580 1894 2635 ut
1917 2573 2193 2634 Hasdru·

219 2659 425 2719 halem
457 2660 805 2719 tendentem
834 2659 897 2718 in
919 2659 1152 2719 ltaliam
1172 2658 1520 2733 retinerent,
1546 2664 1788 2733 tempus
1813 2672 1958 2719 esse
1979 2656 2043 2717 id
2072 2657 2193 2717 iam

219 2744 349 2819 agi,
378 2747 450 2803 ut
474 2742 703 2804 bellum
729 2742 790 2801 in
816 2742 1117 2818 Hispania
1142 2742 1438 2804 finiretur.
1505 2748 1566 2802 et
1593 2741 1746 2803 satis
1774 2742 1855 2803 ad
1883 2740 1947 2801 id
1973 2742 2192 2802 virium

222 2825 561 2887 credebant
598 2826 948 2889 accessisse
988 2826 1199 2903 viginti
1228 2826 1394 2886 milia
1426 2824 1864 2887 Celtiberorum
1893 2840 1968 2886 ea
1994 2824 2194 2885 hieme

220 2910 303 2971 ad
316 2925 503 2971 arma
526 2909 747 2971 excita.
790 2909 1061 2971 hostium
1089 2916 1215 2970 tres
1245 2910 1554 2972 exercitus
1585 2915 1778 2971 erant.
1841 2908 2194 2971 Hasdrubal

222 2994 513 3069 Gisgonis
556 2993 723 3055 filius
750 2999 815 3053 et
840 2992 1023 3069 Mago
1063 2993 1410 3055 coniunctis
1447 2993 1666 3054 castris
1699 2995 1974 3069 quinque
2003 2995 2196 3055 fenne

220 3076 463 3138 dierum
496 3077 615 3139 iter·
638 3077 717 3137 ab
744 3077 1039 3140 Romanis
1069 3077 1342 3138 aberant.
1389 3078 1646 3153 propior
1673 3084 1806 3139 erat
1830 3076 2194 3139 Hamilcaris

218 3160 387 3221 filius
418 3161 803 3235 Hasdrubal,
836 3168 1015 3221 vetus
1046 3162 1106 3221 in
1132 3160 1436 3237 Hispania
1464 3162 1827 3237 imperatam
1870 3161 1952 3221 ad
1981 3159 2194 3219 urbem

218 3244 469 3306 nomine
494 3246 819 3321 Antorgim
846 3244 1183 3306 exercitum
1211 3245 1494 3307 habebat.
1533 3260 1674 3305 eum
1701 3244 1992 3305 volebant
2016 3241 2194 3318 prius

220 3328 493 3405 opprimi
522 3329 719 3389 duces
746 3329 1037 3403 Romani,
1070 3336 1133 3389 et
1158 3345 1310 3405 spes
1339 3336 1470 3389 erat
1495 3328 1648 3391 satis
1679 3342 1992 3403 superque
2021 3324 2102 3387 ad
2129 3325 2194 3386 id

220 3413 301 3473 vii
316 3411 441 3473 ium
472 3428 639 3473 esse.
709 3411 817 3472 illa
840 3413 1109 3473 restabat
1142 3428 1318 3487 cura,
1345 3429 1441 3473 -ne
1469 3413 1608 3474 fuso
1638 3427 1714 3473 eo
1745 3410 2016 3488 perculsi
2043 3410 2194 3473 alter

220 3496 571 3558 Hasdrubal
600 3503 663 3557 et
686 3494 869 3573 Mago
900 3497 963 3557 in
1000 3496 1177 3557 avios
1206 3498 1400 3557 saltus
1431 3502 1798 3572 montesque
1825 3494 2191 3572 recipientes
