2550 3959
674 234 906 296 LIBER
930 235 1115 298 XXV.
1162 234 1332 298 GAP.
1355 244 1443 299 36.
1489 243 1562 311 [a.
1586 244 1652 295 C.
1671 244 1801 313 212]
2133 238 2218 303 93

244 402 373 451 non
403 384 658 465 quidem
688 386 837 446 satis
864 391 1075 462 tutum,
1105 388 1468 464 praesertim
1496 386 1721 463 agmini
1747 390 2038 465 perculso
2057 435 2072 463 ,
2104 392 2217 453 sed

246 470 575 533 editiorem
626 475 829 529 tamen
880 484 1066 545 quam
1107 478 1312 543 cetera
1350 471 1514 531 circa
1553 478 1726 532 erant
1765 472 2070 535 subducit.
2133 475 2214 535 ibi

246 554 445 631 primo
487 550 1043 630 impedimentiS,et
1086 552 1359 629 equitatu
1399 554 1460 615 in
1497 554 1763 617 medium
1797 556 2063 633 receptis
2100 558 2212 618 cir-

247 636 521 699 cumdati
578 636 819 711 pedites
868 636 1039 697 haud
1088 638 1416 699 difficulter
1461 638 1725 715 impetus
1776 640 2216 701 incursantium

244 721 647 782 Numidarum
688 720 1009 790 arcebant;
1068 721 1239 796 dein,
1283 729 1614 799 postquam
1655 730 1783 785 toto
1825 725 2064 799 agmine
2089 730 2216 785 tres

246 806 651 881 imperatores
693 819 831 864 cum
874 803 1065 865 tribus
1093 805 1271 866 iustis
1301 806 1670 868 exercitibus
1699 808 1981 881 aderant,
2027 824 2214 883 appa-

246 890 424 949 rebat
474 904 693 963 parum
744 886 928 949 armis
969 890 1051 949 ad
1095 890 1390 951 tuendum
1432 892 1634 951 lo‘cum
1672 892 1805 952 sine
1845 891 2215 952 munimento

250 972 544 1034 valituros
587 986 759 1047 esse,
808 973 1323 1050 circumspectare
1364 981 1548 1051 atque
1576 975 1806 1051 agitare
1837 976 1963 1037 dux
1995 976 2213 1052 coepit,

250 1058 302 1118 si
334 1070 463 1132 quo
492 1056 677 1117 modo
709 1065 927 1131 posset
952 1058 1179 1117 vallum
1208 1058 1682 1119 circuminicere.
1756 1060 1872 1119 sed
1899 1066 2031 1120 erat
2057 1060 2214 1119 adeo

246 1140 455 1225 nudus
497 1142 765 1201 tumulus
807 1146 867 1201 et
909 1140 1115 1217 asperi
1157 1142 1305 1213 soli,
1348 1146 1416 1202 ut
1455 1158 1570 1203 nec
1597 1142 1860 1217 virgulta
1885 1144 2047 1204 vallo
2079 1158 2215 1205 cae-

250 1224 458 1286 dendo
488 1238 605 1285 nec
630 1229 797 1285 terra
826 1224 1043 1300 cespiti
1074 1224 1357 1287 faciendo
1389 1232 1491 1287 aut
1513 1226 1833 1287 ducendae
1855 1227 2065 1287 fossae
2088 1227 2216 1287 alii--

244 1324 326 1369 ve
358 1309 471 1369 ulli
514 1308 686 1384 operi
728 1315 875 1383 apta
909 1308 1166 1369 inveniri
1208 1318 1454 1385 posset3
1497 1326 1615 1370 nec
1642 1316 1860 1369 natura
1889 1309 2216 1385 quicquam

249 1394 403 1455 satis
434 1393 693 1453 arduum
722 1400 827 1453 aut
854 1391 1166 1453 abscisum
1195 1400 1342 1469 erat,
1377 1394 1545 1471 quod
1566 1392 1729 1455 hosti
1751 1393 1978 1453 aditum
2001 1408 2214 1453 ascen-

250 1492 475 1539 sumve
504 1476 815 1537 difficilem
860 1476 1216 1553 praeberet3
1256 1479 1460 1540 omnia
1490 1478 1733 1555 fastigio
1765 1477 1886 1537 leni
1915 1476 2214 1537 subvexa.

246 1568 315 1623 ut
356 1570 562 1622 tamen
605 1560 871 1636 aliquam
912 1560 1233 1636 imaginem
1260 1564 1404 1623 valli
1435 1563 1776 1635 obicerent,
1823 1562 2075 1623 clitellas
2104 1560 2213 1621 illi-

244 1652 426 1723 gatas
458 1644 749 1706 oneribus
787 1646 956 1706 velut
986 1652 1291 1707 struentes
1317 1646 1402 1707 'ad
1431 1646 1803 1708 altitudinem
1833 1644 2082 1705 solitam·
2103 1645 2212 1703 cir-

248 1729 649 1799 cumdabant,
706 1732 947 1791 cumulo
999 1730 1377 1791 sarcinarum
1426 1729 1622 1791 omnis
1665 1728 1911 1804 generis
1955 1728 2216 1799 obiecto,

249 1814 359 1875 ubi
404 1812 485 1874 ad
526 1810 897 1876 moliendum
942 1813 1199 1875 clitellae
1246 1814 1586 1875 defuerant.
1655 1810 1867 1873 Punici
1909 1810 2214 1871 exercitus

251 1903 587 1975 postquam
616 1896 952 1973 advenere,
983 1898 1043 1957 in
1074 1900 1369 1959 tumulum
1402 1898 1648 1973 quidem
1677 1895 1970 1971 perfacile
1997 1910 2214 1969 agmen

248 1996 540 2043 erexere=
582 1980 936 2044 munitionis
966 1982 1153 2043 facies
1183 2000 1348 2045 nova
1377 1982 1571 2057 primo
1595 1997 1706 2043 eos
1734 1979 1903 2041 velut
1921 1978 2213 2039 miraculo

250 2066 527 2143 quodam
554 2065 776 2141 tenuit,
820 2081 959 2127 curn
987 2066 1177 2127 duces
1207 2066 1482 2143 undique
1509 2066 2020 2138 vociferarentur,
2067 2062 2212 2138 quid

248 2154 487 2211 starent
526 2156 588 2211 et
625 2166 750 2210 non
791 2149 1117 2211 ludibrium
1158 2150 1310 2211 illud
1349 2151 1452 2211 vix
1497 2150 1737 2210 seminis
1769 2148 2057 2225 puerisve
2085 2162 2212 2206 mo-

244 2234 465 2295 randis
508 2233 657 2293 satis
692 2235 963 2316 validum
992 2234 1404 2295 distraherent
1431 2234 1928 2309 diriperentque?
1971 2236 2210 2310 captum

246 2319 495 2380 hostem
535 2317 729 2377 teneri
767 2320 1051 2378 latentem
1092 2324 1236 2395 post
1276 2318 1569 2379 sarcinas.
1641 2317 1798 2377 haec
1825 2316 2214 2389 contemptim

249 2404 447 2463 duces
486 2401 904 2477 increpabant.
970 2408 1239 2464 ceterum
1276 2417 1481 2479 neque
1520 2400 1826 2462 transilire
1867 2414 1982 2459 nec
2019 2400 2216 2459 moliri

250 2502 450 2547 onera
489 2485 731 2546 obiecta
769 2502 886 2546 nec
930 2486 1191 2546 caedere
1220 2486 1478 2559 stipatas
1511 2484 1764 2546 clitellas
1796 2482 2076 2557 ipsisque
2106 2484 2214 2542 ob-

249 2578 423 2631 rutas
453 2570 712 2631 sarcinis
742 2571 922 2629 facile
950 2576 1096 2629 erat.
1140 2568 1394 2630 tardatis
1425 2567 1532 2629 diu
1561 2582 1699 2627 cum
1727 2565 1955 2626 amoliti
1978 2563 2218 2627 obiecta

248 2670 446 2715 onera
472 2654 718 2715 armatis
749 2653 1069 2713 dedissent
1095 2652 1274 2726 viam,
1315 2651 1719 2729 pluribusque
1749 2650 1911 2710 idem
1939 2648 2216 2726 partibus

248 2738 487 2818 fieret„
516 2738 864 2813 captajam
902 2737 1179 2813 undique
1220 2745 1423 2797 castra
1462 2743 1664 2805 erant;
1715 2733 1893 2809 pauci
1937 2749 1974 2792 a
2011 2734 2214 2793 multis

249 2821 651 2899 perculsique
674 2838 713 2881 a
730 2820 1069 2883 victoribus
1092 2820 1324 2897 passim
1351 2820 1778 2881 caedebantur.
1824 2830 2049 2892 magna
2069 2832 2216 2893 pars

244 2915 457 2967 tamen
504 2906 759 2966 militum
803 2922 940 2967 curn
981 2905 1043 2965 in
1064 2904 1470 2981 propinquas
1513 2902 1846 2979 refugisset
1887 2900 2105 2976 silvas,
2153 2901 2214 2961 in

250 2996 460 3051 castra
485 2990 551 3049 P.
587 2989 927 3065 Scipionis,
961 2989 1182 3065 quibus
1211 2989 1298 3048 Ti.
1328 2987 1618 3049 Fonteius
1649 2989 1888 3062 legatus
1917 2995 2215 3061 praeerat,

248 3075 672 3151 perfugerant.
746 3074 849 3135 Cn.
882 3072 1231 3149 Scipionem
1272 3074 1374 3133 alii
1402 3074 1463 3133 in
1491 3071 1722 3132 tumulo
1763 3070 1960 3147 primo
1991 3070 2214 3144 impetu

246 3158 517 3219 hostium
561 3172 810 3219 caesum
850 3156 1122 3231 tradunt,
1172 3157 1273 3217 alii
1304 3171 1440 3216 cum
1469 3156 1685 3232 paucis
1713 3155 1774 3214 in
1805 3153 2216 3229 propinquam

247 3240 471 3305 castris
512 3241 727 3303 turrim
766 3240 1145 3319 perfugisse3
1200 3240 1364 3301 hanc
1403 3240 1527 3315 igni
1571 3238 2000 3301 circumdatam
2029 3242 2216 3313 atque

248 3326 335 3387 ita
354 3326 595 3387 exustis
618 3324 875 3401 foribus,
908 3342 1061 3401 quas
1083 3324 1252 3385 nulla
1270 3322 1470 3385 moliri
1493 3328 1819 3399 potuerant
1839 3320 1918 3396 vi,
1951 3327 2213 3397 captam,

250 3410 580 3487 omnisque
600 3409 766 3471 intus
791 3424 931 3470 cum
952 3411 1091 3485 ipso
1115 3408 1484 3484 imperatore
1509 3406 1774 3468 occisos.
1806 3420 1966 3468 anno
1993 3412 2210 3467 octavo

251 3500 587 3572 postquam
627 3492 689 3555 in
719 3492 1079 3571 Hispaniam
1118 3498 1374 3552 venerat
1401 3491 1505 3552 Cn.
1539 3489 1782 3567 Scipio,
1809 3487 2206 3551 undetricesi-
