2550 3959
395 257 475 320 50
695 256 925 319 LIBER
951 256 1165 316 XXIV.
1215 256 1381 317 CAP-
1413 264 1499 320 48.
1525 263 1611 319 49.
1658 262 1713 331 [a
1758 261 1827 315 U.
1852 280 1902 315 c.
1926 263 2050 329 539]

398 409 670 473 Numidis
713 414 972 484 coeptae
997 406 1150 468 fieri.
1203 407 1288 467 ita
1318 422 1455 467 eum
1488 406 1777 484 Syphace
1804 409 2099 470 Romanis
2130 416 2354 487 coepta

397 494 655 558 amicitia
685 498 796 553 est.

567 577 745 651 Quod
783 575 887 635 ubi
916 574 1447 649 Carthaginienses
1491 582 1889 651 acceperunt,
1932 578 2241 653 extemplo
2273 578 2351 637 ad

397 663 609 723 Galam
639 660 698 720 in
727 663 903 737 parte
933 659 1120 719 altera
1134 658 1455 719 Numidiae
1476 688 1561 699 --
1579 658 1859 720 Maesulii
1889 674 1965 719 ea
1990 675 2143 735 gens
2165 676 2352 722 voca-

393 755 496 807 tur
514 778 601 789 -
621 749 976 819 regnantem
1009 744 1245 818 legatos
1273 742 1532 803 mittunt.
1586 742 1786 802 XLIX.
1832 742 2020 803 filium
2050 744 2200 804 Gala
2224 744 2355 803 Ma·

395 828 686 891 sinissam
726 827 992 887 habebat
1039 826 1492 903 septemdecem
1544 842 1740 887 annos
1789 833 2025 900 natum,
2086 834 2355 888 ceterum

397 916 679 973 iuvenem
720 926 794 971 ea
835 910 1070 985 indole,
1111 917 1178 969 ut
1218 911 1339 969 iam
1367 915 1491 969 tum
1522 917 1849 986 appareret
1874 910 2071 971 maius
2098 926 2355 987 regnum

397 996 875 1083 opulentiusque
927 1010 1108 1071 quam
1159 994 1329 1069 quod
1376 994 1723 1069 accepisset
1771 994 2087 1055 facturum.
2151 995 2355 1071 legati,

399 1081 689 1158 quoniam
718 1078 978 1157 Syphax
1019 1092 1088 1139 se
1117 1078 1411 1139 Romanis
1450 1077 1782 1151 iunxisset,
1824 1085 1891 1139 ut
1920 1078 2225 1153 potentior
2252 1095 2355 1139 so-

399 1166 616 1225 cietate
657 1179 870 1225 eorum
911 1162 1211 1223 adversus
1254 1177 1433 1237 reges
1471 1162 1867 1238 populosque
1894 1163 2139 1223 Ali-icae
2168 1168 2351 1239 esset,

399 1249 625 1311 docent
650 1248 867 1307 melius
899 1248 1031 1307 rore
1062 1247 1248 1307 Galae
1277 1261 1527 1321 quoque
1558 1245 2157 1321 Carthaginiensibus
2186 1246 2355 1321 iungi

401 1348 584 1409 quam
623 1332 885 1407 primum
927 1336 1252 1405 antequam
1296 1329 1556 1408 Syphax
1597 1330 1658 1390 in
1698 1329 2055 1405 Hispaniam
2100 1337 2204 1391 aut
2229 1330 2357 1391 Ro-

399 1416 562 1476 mani
602 1417 664 1475 in
691 1415 963 1475 Africam
1001 1419 1345 1487 transeant,
1388 1414 1647 1490 opprimi
1680 1413 2029 1493 Syphacem
2062 1414 2357 1474 nihildum

397 1506 641 1577 praeter
682 1514 904 1559 nomen
946 1513 1025 1559 ex
1066 1498 1319 1559 foedere
1343 1498 1621 1560 Romano
1664 1498 1985 1558 habentem
2014 1512 2222 1574 posse.
2268 1499 2355 1557 fa-

400 1583 515 1643 cile
544 1598 910 1658 persuasum
941 1582 1158 1657 Galae,
1188 1580 1315 1642 filio
1346 1582 1728 1657 deposcente
1754 1582 1816 1641 id
1847 1582 2100 1656 bellum,
2130 1588 2197 1642 ut
2222 1580 2359 1640 mit-

401 1672 550 1727 teret
598 1667 963 1741 exercitum,
1016 1666 1121 1742 qui
1163 1664 1761 1741 Carthaginiensibus
1816 1665 2157 1741 legionibus
2210 1680 2359 1725 con-

397 1752 638 1812 iunctus
679 1766 904 1826 magno
945 1750 1182 1825 proelio
1214 1748 1564 1827 Syphacem
1608 1748 1849 1809 devicit.
1914 1749 2155 1825 triginta
2192 1748 2361 1807 milia

399 1849 474 1895 eo
505 1835 749 1910 proelio
768 1832 1079 1894 hominum
1109 1849 1295 1893 caesa
1323 1833 1624 1895 dicuntur.
1682 1832 1943 1911 Syphax
1972 1848 2109 1893 cum
2137 1831 2361 1907 paucis

399 1918 704 1995 equitibus
739 1917 800 1978 in
821 1917 1169 1979 Maurusios
1199 1933 1279 1978 ex
1308 1917 1439 1979 acie
1459 1917 1751 1987 Numidas
1772 1946 1853 1956 -—
1878 1916 2130 1979 extremi
2159 1930 2363 1992 prope

401 2002 710 2063 Oceanum
739 2002 1041 2062 adversus
1075 2002 1279 2062 Gades
1311 2002 1517 2063 colunt
1540 2034 1617 2048 --
1638 1999 1876 2076 refugit,
1914 1998 2361 2061 adfluentibus-

401 2100 522 2163 que
563 2086 642 2145 ad
682 2086 904 2145 ramam
944 2085 1076 2145 eius
1115 2084 1390 2161 undique
1429 2084 1707 2146 barbaris
1740 2086 2018 2159 ingentes
2047 2084 2218 2145 brevi
2248 2098 2360 2145 co—

401 2169 538 2245 pias
578 2168 852 2229 armavit.
918 2184 1056 2229 cum
1099 2168 1325 2245 quibus
1370 2169 1732 2246 priusquam
1772 2169 1832 2228 in
1860 2167 2218 2244 Hispaniam
2246 2182 2359 2227 an-

401 2259 585 2329 gusto
633 2252 994 2328 diremptam
1037 2253 1190 2315 ireto
1234 2252 1544 2328 traiceret,
1585 2252 1917 2315 Masinissa
1959 2268 2094 2313 cum
2121 2251 2361 2312 victore

401 2336 672 2397 exercitu
715 2336 990 2406 advenit3
1036 2336 1216 2413 isque
1256 2336 1340 2396 ibi
1382 2350 1521 2398 cum
1562 2336 1853 2415 Syphace
1896 2336 2120 2411 ingenti
2161 2334 2361 2411 gloria

402 2434 512 2495 per
541 2434 611 2481 se
640 2421 774 2481 sine
803 2420 941 2481 ullis
973 2420 1559 2496 Carthaginiensium
1588 2421 1811 2496 opibus
1839 2420 2034 2496 gessit
2058 2420 2300 2479 bellum.

566 2504 633 2564 In
675 2504 973 2580 Hispania
1012 2505 1158 2566 nihil
1207 2504 1599 2566 memorabile
1640 2511 1877 2580 gestum
1926 2508 2361 2581 praeterquam

401 2589 569 2666 quod
601 2588 964 2649 Celtiberum
1005 2589 1378 2649 iuventutem
1418 2587 1633 2648 eadem
1664 2588 1976 2662 mercede,
2024 2603 2147 2663 qua
2175 2593 2361 2662 pacta

401 2687 539 2733 cum
582 2670 1179 2747 Carthaginiensibus
1220 2676 1381 2747 erat,
1424 2672 1825 2747 imperatores
1866 2670 2123 2732 Romani
2164 2670 2243 2731 ad
2286 2684 2361 2730 se

399 2756 844 2833 perduxerunt,
899 2759 958 2815 et
1003 2753 1423 2816 nobilissimos
1463 2754 1777 2831 Hispanos
1818 2771 2009 2831 supra
2048 2759 2363 2816 trecentos

397 2840 460 2899 in
501 2840 730 2899 Italiam
785 2839 862 2898 ad
914 2838 1335 2899 sollicitandos
1377 2842 1738 2915 populares,
1791 2840 1895 2915 qui
1934 2839 2091 2899 inter
2132 2838 2365 2897 auxilia

397 2922 753 2983 Hannibalis
787 2928 974 2995 erant,
1006 2922 1319 2983 miserunt.
1363 2922 1425 2983 id
1449 2924 1631 2985 modo
1656 2923 1789 2984 eius
1811 2922 1953 2983 anni
1975 2922 2035 2982 in
2060 2921 2365 2997 Hispania

401 3006 480 3066 ad
522 3008 874 3065 memoriam
924 3004 1163 3082 insigne
1203 3013 1329 3080 est,
1380 3007 1551 3083 quod
1590 3006 2070 3067 mercennarium
2110 3005 2363 3065 militem

397 3090 459 3150 fn
513 3088 732 3175 castris
783 3088 1086 3151 neminem
1135 3095 1277 3151 ante
1327 3106 1511 3166 quam
1554 3097 1679 3152 tum
1722 3090 2056 3151 ‘'eltiberos
2099 3088 2363 3151 Romani

397 3172 760 3235 habuerunt.
