2550 3959
551 239 784 300 LIBER
808 239 1026 301 XXIV.
1068 239 1236 300 CAP.
1265 250 1318 303 4.
1347 253 1400 302 5.
1448 247 1524 315 [a.
1545 246 1612 300 C.
1634 246 1761 313 215]
2101 242 2143 307 5

341 388 452 449 IV.
495 387 572 449 ln
587 385 796 449 Sicilia
815 388 1112 449 Romanis
1141 389 1346 451 omnia
1373 397 1713 453 mutaverat
1740 409 1909 455 mors
1930 394 2147 457 Hiero-

179 473 270 535 nis
295 486 687 548 reg-numque
713 472 796 532 ad
815 472 1258 553 Hieronymum
1288 481 1575 551 nepotem
1604 476 1739 537 eius
1766 479 2143 554 translatum,

179 572 438 635 puerum
466 556 722 617 vixdum
759 554 1100 618 libertatem
1128 558 1356 619 nedum
1386 558 1863 621 dominationem
1903 564 2147 625 modice

179 644 457 703 iamrum.
521 654 600 699 ea
637 646 842 713 aetna,
887 640 952 701 id
992 642 1333 717 ingeniumz
1378 650 1439 702 et
1468 650 1703 704 tutores
1740 651 1927 721 atque
1967 640 2145 707 amici

179 727 256 787 ad
295 722 838 801 praecipitandum
877 724 938 784 in
981 726 1188 786 omnia
1219 727 1365 787 vitia
1404 735 1795 804 acceperunt.
1863 745 2024 805 quae
2063 731 2147 791 ita

181 812 378 871 initura
405 823 666 869 cernens
694 808 880 868 Hiero
923 809 1131 869 ultima
1158 816 1409 871 senecta
1438 812 1712 873 voluisse
1742 813 1962 873 dicitur
1996 813 2147 874 libe-

178 910 274 955 ras
315 892 674 969 Syracusas
711 893 1087 969 relinquere,
1140 910 1220 953 ne
1263 896 1379 955 sub
1423 896 1736 958 dominatu
1774 897 1994 974 puerili
2033 912 2147 975 per

177 975 512 1039 ludibrium
535 974 718 1036 bonis
757 976 990 1039 artibus
1021 984 1262 1053 partum
1288 979 1714 1055 firmatumque
1756 980 2027 1042 interiret
2051 997 2147 1041 re-

177 1078 384 1137 gnum.
447 1060 594 1121 huie
623 1061 884 1123 consilio
913 1061 1046 1123 eius
1075 1078 1317 1124 summa
1342 1079 1465 1139 ope
1494 1063 1787 1126 obstitere
1814 1064 1996 1140 filiae,
2038 1082 2140 1127 no-

176 1162 312 1207 men
339 1144 584 1219 regium
611 1160 808 1220 penes
834 1161 1092 1222 puerum
1121 1147 1383 1207 futurum
1410 1154 1608 1223 ratae,
1646 1148 1917 1225 regimen
1944 1165 2146 1210 rerum

179 1229 450 1291 omnium
466 1244 658 1304 penes
673 1244 744 1291 se
756 1229 1048 1305 virosque
1061 1247 1211 1292 suos
1221 1231 1739 1293 Andranodorum
1754 1239 1815 1292 et
1826 1233 2143 1310 Zoippum,

179 1314 278 1389 qui
307 1312 850 1389 Syracusanorum
879 1314 1058 1390 primi
1087 1314 1601 1391 relinquebantur.
1650 1330 1774 1375 non
1806 1316 1987 1376 facile
2016 1326 2145 1377 erat

179 1397 646 1473 nonagesimum
667 1398 790 1458 iam
809 1396 1013 1474 agenti
1036 1414 1277 1473 annum,
1312 1396 1722 1461 circumsesso
1746 1400 1881 1461 dies
1906 1406 2145 1461 noctes-

179 1498 294 1557 que
323 1480 726 1543 muliebribus
751 1481 1078 1555 blanditiis,
1111 1483 1374 1543 liberare
1400 1484 1667 1544 animum
1696 1490 1758 1545 et
1787 1491 2146 1546 convertere

177 1566 252 1627 ad
289 1564 608 1641 publicam
649 1566 891 1642 privata
929 1583 1154 1627 curam.
1221 1568 1428 1641 itaque
1468 1575 1702 1629 tutores
1742 1569 1931 1629 modo
1974 1570 2140 1645 quin-

179 1650 378 1711 decim
399 1665 598 1725 puero
619 1650 924 1725 relinquit,
951 1668 1109 1726 quos
1130 1658 1417 1727 precatus
1442 1661 1537 1714 est
1560 1653 1847 1727 moriens,
1877 1659 1944 1713 ut
1959 1654 2141 1713 fldem

180 1748 322 1809 erga
362 1734 663 1809 populum
690 1736 1034 1795 Romanum
1075 1736 1517 1810 quinquaginta
1556 1752 1754 1796 annos
1798 1735 1875 1795 ab
1907 1752 1977 1795 se
2020 1738 2142 1798 cul-

179 1825 295 1879 tam
333 1816 696 1879 inviolatam
736 1827 1085 1895 servarent,
1139 1818 1545 1896 iuvenemque
1586 1820 1717 1880 suis
1758 1818 2141 1895 potissimum

179 1901 456 1977 vestigiis
487 1902 771 1963 insistere
802 1903 1042 1975 vellent,
1085 1903 1469 1979 disciplinae,
1512 1904 1571 1963 in
1606 1920 1730 1981 qua
1757 1903 2015 1965 eductus
2046 1920 2141 1964 es-

177 1993 286 2046 set.
357 1984 518 2045 haec
558 1987 862 2047 mandata.
933 2003 1070 2048 cum
1111 1986 1495 2064 exspirasset
1533 2003 1647 2064 per
1684 1994 1917 2048 tutores
1958 1994 2141 2049 testa-

175 2075 384 2130 mento
423 2068 668 2145 pro-lato
709 2086 1028 2146 pueroque
1063 2070 1124 2130 in
1167 2071 1516 2132 contionem
1555 2072 1857 2149 producto
1899 2104 1986 2117 —
2014 2079 2144 2132 erat

175 2160 380 2216 autem
410 2153 758 2229 quindecim
785 2162 914 2217 tum
942 2156 1133 2215 ferme
1161 2171 1461 2216 annorum
1495 2190 1571 2201 —-
1604 2156 1849 2231 pauciS,
1899 2156 2004 2232 qui
2033 2172 2143 2231 per

175 2238 526 2299 contionem
553 2238 633 2297 ad
661 2240 1023 2300 excitando-s
1047 2239 1349 2300 clamores
1380 2240 1665 2315 dispositi
1696 2247 1885 2314 erant,
1916 2256 2140 2315 appro-

173 2320 460 2381 bantibus
491 2328 944 2397 testamentum,
987 2322 1206 2384 ceteris
1237 2325 1405 2384 velut
1431 2330 1605 2399 patre
1635 2322 1867 2388 amisso
1897 2324 1958 2383 in
1989 2322 2141 2384 orba

174 2404 418 2466 civitate
462 2406 666 2465 omnia
705 2406 1050 2467 timentibus
1081 2408 1263 2467 funus
1293 2408 1361 2467 fit
1396 2407 1661 2483 regium,
1706 2407 1901 2481 magis
1932 2423 2141 2467 amore

171 2490 398 2551 civium
419 2496 482 2548 et
503 2488 752 2550 caritate
776 2507 957 2565 quarn
981 2506 1128 2551 eura
1149 2506 1401 2551 suorum
1426 2490 1685 2550 celebre.
1715 2490 1891 2549 brevi
1916 2491 2140 2550 deinde

171 2580 413 2633 cetero-s
443 2578 692 2635 ‚tutores
739 2581 1082 2635 summovet
1119 2574 1643 2635 Andranodorus':
1695 2572 1977 2632 iuvenem
2020 2572 2141 2633 iam

171 2670 310 2717 esse
341 2655 631 2717 dictitans
647 2656 1088 2737 Hieronymum
1118 2674 1192 2717 ac
1218 2657 1393 2733 regni
1426 2664 1733 2733 potentem
1765 2658 2137 2733 deponendo

171 2742 418 2801 tutelam
455 2740 626 2816 ipse,
685 2757 843 2815 quae
885 2758 1024 2803 cum
1064 2741 1343 2817 pluribus
1387 2742 1725 2803 communis
1773 2747 1931 2814 erat,
1976 2741 2039 2801 in
2068 2757 2139 2801 se

169 2841 358 2885 unum
390 2824 659 2885 omnium
687 2826 851 2885 vires
881 2826 1198 2888 convertit.

336 2908 418 2967 V.
474 2908 600 2969 Vix
641 2909 887 2983 quidem
929 2909 1037 2970 ulli
1077 2909 1242 2971 bono
1284 2910 1728 2987 moderatoque
1766 2910 1898 2985 regi
1940 2910 2136 2970 facilis

169 2998 297 3051 erat
339 2992 518 3053 favor
566 2994 734 3068 apud
778 2993 1211 3070 Syracusanos
1264 2994 1619 3055 succedenti
1658 3000 1859 3055 tantae
1904 2993 2137 3054 caritati

167 3074 475 3137 Hieronis.
539 3092 757 3137 verum
785 3076 946 3137 enim
974 3092 1120 3139 vero
1148 3077 1582 3155 HieronymuS,
1616 3079 1783 3139 velut
1811 3077 1943 3138 suis
1972 3076 2134 3137 vitiis

169 3158 644 3221 desiderabilem
667 3160 914 3221 efficere
929 3162 1112 3222 vellet
1132 3178 1331 3234 avum,
1359 3162 1555 3238 primo
1580 3163 1780 3224 statim
1798 3166 2135 3235 conspectu

166 3245 374 3305 omnia
395 3259 580 3318 quam
605 3242 878 3318 disparia
909 3253 1120 3307 essent
1149 3246 1433 3307 ostendit.
1480 3262 1620 3307 nam
1646 3245 1759 3323 qui,
1775 3260 1885 3320 per
1910 3250 2001 3305 tot
2025 3260 2131 3303 an-

167 3342 278 3389 nos
307 3327 644 3389 Hieronem
685 3328 1000 3403 filiumque
1042 3328 1176 3391 eius
1209 3330 1503 3391 Gelonem
1542 3344 1658 3389 nec
1689 3328 1877 3389 vestis
1921 3326 2157 3387 habitu.

165 3426 276 3470 nec
307 3411 434 3473 alio
455 3411 580 3472 ullo
609 3410 837 3487 insigni
858 3412 1211 3479 differentes
1243 3430 1283 3473 a
1304 3414 1525 3475 ceteris
1548 3411 1785 3473 civibus
1810 3412 2129 3486 vidissent,

165 3508 553 3571 conspexere
594 3512 928 3573 purpuram
971 3512 1044 3557 ac
1077 3497 1360 3559 diadema
1388 3513 1463 3557 ae
1503 3496 1795 3559 satellites
1838 3505 2125 3564 armatos,
