2550 3959
376 215 503 281 256
642 215 875 275 LIBER
902 215 1171 276 XXVIII.
1218 215 1384 274 CAP.
1413 223 1503 278 3⁰.
1531 223 1622 278 31.
1667 221 1741 288 [a.
1771 219 1842 272 U.
1873 237 1922 272 c.
1953 221 2108 287 5461,

376 377 562 434 esset.
626 386 751 432 una
779 375 997 432 natura
1026 369 1161 430 freti
1204 374 1572 444 aestusque,
1618 367 1806 434 totius
1847 366 2194 429 certaminis
2237 383 2352 446 po—

376 465 533 532 tens,
576 455 739 527 suis,
786 453 1004 516 alienis
1034 452 1298 514 navibus
1327 452 1706 528 nequiquam
1725 451 1985 526 remigio
2015 450 2079 510 in
2107 459 2352 512 contra·

376 543 533 604 rium
572 539 895 602 tendentes
952 537 1308 610 invehebat,
1368 543 1430 598 et
1470 536 1800 610 fugientem
1839 551 2059 596 navem
2098 535 2351 597 videres

380 624 607 688 vertice
636 631 799 686 retro
830 623 1113 686 intortam
1144 619 1477 682 victoribus
1507 621 1752 696 illatam,
1783 627 1845 682 et
1872 627 2252 696 sequentem,
2295 621 2351 682 si

376 711 438 772 in
480 709 848 773 contrarium
890 712 1147 768 tractum
1198 705 1518 768 incidisset
1557 704 1776 780 maris,
1833 704 2123 780 fugientis
2161 706 2350 766 modo

378 810 522 856 sese
550 798 943 856 avertentem.
992 791 1116 852 iam
1145 789 1207 852 in
1236 790 1380 867 ipsa
1410 805 1622 866 pugna
1646 789 1804 850 haee
1831 805 1970 855 cum
1998 789 2224 850 infesta
2251 804 2352 851 ro-

379 886 505 940 stro
553 883 789 953 peteret
825 875 1098 938 hostium
1125 890 1378 948 navem,
1426 873 1678 948 obliqua
1705 873 1846 950 ipsa
1873 873 2057 934 ictum
2091 873 2351 937 alterius

372 962 559 1024 rostri
599 959 972 1037 accipiebat3
1027 959 1163 1034 illa,
1204 975 1345 1020 cum
1383 965 1740 1020 transversa
1781 957 2126 1020 obiceretur
2164 958 2350 1036 hosti,

376 1052 629 1122 repente
659 1045 881 1105 intorta
908 1045 969 1104 in
998 1060 1248 1120 proram
1277 1041 1818 1117 circumagebatur.
1892 1057 2031 1103 cum
2059 1042 2218 1106 inter
2245 1043 2349 1104 tri-

374 1145 575 1192 remes
608 1129 850 1194 fortuna
876 1135 1127 1204 regente
1156 1142 1390 1204 anceps
1422 1127 1721 1204 proelium
1751 1127 2127 1203 misceretur,
2171 1127 2349 1203 quin-

377 1215 683 1290 queremis
723 1215 1003 1276 Romana
1052 1228 1168 1275 seu
1220 1211 1496 1288 pondere
1543 1211 1844 1284 tenacior,
1899 1227 2020 1274 seu
2067 1212 2350 1287 pluribus

376 1315 683 1361 remorum
710 1297 1032 1360 ordinibus
1062 1295 1487 1360 scindentibus
1516 1295 1781 1358 vertices
1811 1311 1953 1359 cum
1983 1295 2224 1360 facilius
2254 1311 2350 1359 re·

372 1392 638 1460 geretur,
686 1385 842 1445 duas
871 1382 1151 1444 triremes
1183 1380 1564 1458 suppressit,
1601 1380 1784 1442 unius
1811 1380 2086 1457 praelata
2114 1380 2350 1458 impetu

378 1469 585 1531 lateris
615 1467 865 1531 alterius
893 1483 1101 1530 remos
1132 1465 1414 1536 detersit3
1473 1471 1835 1541 ceterasque
1851 1510 1867 1538 ‚
1913 1481 2069 1540 quas
2095 1465 2350 1542 indepta

374 1559 572 1626 esset,
616 1552 980 1626 mulcasset,
1023 1552 1085 1612 ni
1127 1565 1266 1612 cum
1304 1548 1560 1625 reliquis
1605 1549 1878 1627 quinque
1915 1548 2176 1611 navibus
2219 1551 2347 1612 Ad-

372 1637 584 1697 herbal
614 1636 770 1698 velis
800 1637 859 1695 in
891 1635 1163 1696 Africam
1190 1633 1654 1696 transmisisset.

538 1720 750 1784 XXXI.
792 1720 1039 1782 Laelius
1061 1719 1259 1782 victor
1272 1718 1575 1781 Carteiam
1597 1723 1882 1781 revectus
1907 1717 2154 1793 auditiS,
2188 1735 2350 1795 quae

372 1811 509 1866 acta
524 1804 803 1866 Gadibus
828 1812 1015 1879 erant,
1047 1805 1414 1882 patefactam
1437 1803 1846 1880 proditionem
1865 1802 2348 1880 coniuratosque

374 1890 600 1960 missos
632 1888 1055 1966 Carthaginem
1070 1935 1085 1962 ‚
1132 1905 1312 1965 spem
1351 1888 1432 1950 ad
1473 1887 1706 1952 irritum
1745 1889 2060 1951 redactam
2089 1904 2212 1962 qua
2239 1905 2347 1950 ve·

374 1975 635 2049 dissent,
681 1974 905 2034 nuntiis
934 1973 1017 2034 ad
1046 1973 1113 2034 L.
1142 1973 1439 2034 Marcium
1466 1973 1706 2047 missiS‚
1752 1971 1870 2034 nisi
1901 1972 1955 2034 si
1995 1978 2196 2036 terere
2225 1975 2346 2034 tru-

369 2063 499 2119 stra
537 2064 779 2133 tempus
834 2057 1112 2118 sedendo
1167 2058 1250 2118 ad
1293 2057 1498 2120 Gades
1537 2058 1792 2132 vellent,
1841 2056 2227 2118 redeundum
2265 2058 2348 2119 ad

374 2141 805 2216 imperatorem
846 2156 1019 2214 esse,
1066 2141 1454 2202 adsentiente
1479 2141 1712 2205 Marcio
1753 2157 1992 2218 paucos
2037 2149 2183 2217 post
2211 2141 2347 2204 dies

372 2225 553 2286 ambo
598 2225 1024 2300 Carthaginem
1063 2225 1324 2286 rediere.
1395 2226 1482 2288 ad
1525 2242 1788 2303 quorum
1832 2226 2180 2288 discessum
2223 2243 2347 2291 non

368 2310 699 2385 respiravit
740 2310 926 2372 modo
956 2309 1172 2386 Mago,
1217 2324 1356 2370 cum
1385 2317 1548 2372 terra
1589 2310 1868 2386 marique
1901 2309 2152 2387 ancipiti
2181 2318 2347 2372 metu

369 2400 703 2470 urgeretur,
742 2394 856 2456 sed
886 2394 1067 2457 etiam
1080 2394 1304 2457 -audita
1331 2393 1667 2455 rebellione
1691 2395 2012 2470 Ilergetum
2041 2411 2222 2471 spem
2245 2412 2346 2456 re-

368 2479 764 2554 cuperandae
801 2478 1140 2556 Hispaniae
1180 2485 1439 2540 nanctus
1495 2479 1742 2542 nuntios
1785 2478 2210 2554 Carthaginem
2264 2481 2345 2540 ad

371 2569 651 2624 senatum
690 2563 893 2638 mittit,
954 2563 1059 2639 qui
1101 2563 1284 2624 simul
1324 2561 1691 2624 seditionem
1732 2563 1975 2624 civilem
2011 2563 2074 2624 in
2119 2564 2342 2626 eastris

366 2646 681 2720 RomaniS,
709 2647 894 2708 simul
918 2646 1326 2711 defectionem
1352 2647 1662 2708 sociorum
1691 2645 1754 2707 in
1774 2647 1972 2708 maius
1997 2647 2206 2710 verbis
2235 2663 2342 2708 ex-

368 2730 652 2792 tollentes
680 2730 1026 2806 hortentur,
1065 2737 1131 2792 ut
1169 2731 1400 2792 auxilia
1427 2730 1760 2804 mitterent,
1804 2730 2025 2806 quibus
2053 2733 2343 2796 traditum

368 2829 407 2875 a
433 2814 710 2891 patribus
741 2815 1060 2892 imperium
1087 2815 1426 2891 Hispaniae
1453 2815 1648 2891 repeti
1675 2822 1910 2892 posset.

536 2899 907 2962 Mandonius
956 2906 1017 2961 et
1056 2899 1350 2962 Indebilis
1392 2899 1454 2960 in
1499 2900 1657 2962 fines
1697 2899 1966 2976 regressi
2005 2900 2341 2978 paulisper,

370 2981 516 3043 dum
560 2984 854 3057 quidnam
894 2984 974 3044 de
1004 2983 1313 3048 seditione
1350 2990 1714 3046 statueretur
1749 2985 2006 3060 scirent,
2051 2985 2341 3062 suspensi

371 3065 752 3144 quieverunt,
793 3068 847 3128 si
877 3067 1101 3132 civium
1130 3069 1326 3131 errori
1353 3068 1794 3144 ignosceretur,
1833 3083 1959 3130 non
1989 3068 2339 3132 diffidentes

369 3149 487 3212 sibi
517 3168 769 3227 quoque
796 3150 1036 3228 ignosci
1063 3166 1279 3229 posse.
1355 3159 1688 3230 postquam
1721 3153 1970 3228 vulgata
1995 3158 2094 3214 est
2119 3155 2339 3216 atroci-

369 3241 463 3297 tas
492 3236 797 3313 supplicii,
827 3253 1005 3298 suam
1030 3253 1282 3313 quoque
1308 3253 1536 3298 noxam
1565 3235 1700 3313 pari
1731 3253 1934 3313 poena
1962 3238 2340 3303 aestimatam

366 3319 479 3380 rati
493 3366 512 3396 ,
564 3321 804 3384 vocatis
842 3337 1063 3384 rursus
1102 3320 1185 3384 ad
1226 3337 1398 3382 arma
1436 3320 1839 3398 popularibus
1885 3323 2338 3400 contractisque

368 3419 529 3478 quae
568 3411 709 3466 ante
748 3404 1089 3468 habuerant
1124 3404 1370 3468 auxiliis
1409 3405 1474 3467 in
1513 3407 1896 3468 Ausetanum
1937 3421 2186 3482 agrum,
2238 3406 2340 3468 ubi

371 3487 671 3566 principio
704 3490 1066 3553 defectionis
1098 3478 1319 3550 statiita
1359 3489 1730 3567 habuerant,
1773 3505 1914 3552 cum
1943 3490 2166 3566 viginti,
2187 3490 2336 3552 mili-
