2550 3959
386 193 510 260 218
587 155 605 168 ’
662 193 895 253 LmER
922 193 1163 254 xxvn.
1208 191 1376 252 cAP.
1407 199 1495 253 so.
1525 202 1613 254 51.
1659 198 1736 266 [a.
1765 196 1835 249 n.
1867 215 1914 249 ο.
1944 197 2070 264 ⁵45]

390 363 513 424 que
551 347 793 407 hostem
834 345 1137 421 pervenit.
1199 344 1316 404 iter
1359 345 1494 406 eius
1524 345 1865 420 frequentia
1903 345 2166 421 minore,
2213 347 2379 424 quia

386 445 567 492 nemo
612 435 1039 506 praecesserat
1088 428 1336 489 nuntius
1350 473 1366 503 ,
1435 429 1661 488 laetitia
1701 443 1850 489 vero
1893 435 2062 490 tanta
2075 477 2089 503 ‚
2145 430 2254 490 vix
2299 438 2380 492 ut

388 523 708 591 compotes
750 512 1041 574 mentium
1081 527 1233 588 prae
1267 512 1496 593 gaudio
1540 518 1780 587 essent,
1827 513 2199 577 celebratum
2241 521 2372 576 est.

386 615 529 659 nam
568 599 801 659 Romae
842 601 1057 656 neuter
1096 590 1291 656 animi
1321 595 1566 658 habitus
1604 597 1758 657 satis
1802 597 1924 656 dici
1963 613 2374 674 enarrarique
2429 613 2434 616 ·

389 688 615 758 potest,
646 695 763 740 nec
792 696 915 754 quo
946 680 1178 740 ineerta
1204 681 1670 755 exspectatione
1697 688 1955 742 eventus
1978 680 2195 762 civitas
2227 681 2371 742 fue·

386 774 510 840 rat,
568 779 685 823 nec
739 780 861 838 quo
911 763 1207 823 victoriae
1255 765 1480 824 famam
1529 763 1786 840 aceepit.
1862 781 2196 839 numquam
2247 781 2373 841 per

391 863 607 909 omnes
637 847 803 920 dies,
850 861 929 908 ex
960 861 1083 923 quo
1117 847 1433 909 Claudium
1464 848 1780 910 consulem
1821 849 2165 924 profectum
2193 849 2370 910 fama

388 931 597 1004 attulit,
647 929 724 990 ab
756 936 891 990 orto
921 932 1055 992 sole
1085 932 1167 991 ad
1198 931 1581 992 occidentem
1609 937 1716 994 aut
1740 939 1994 992 >senator
2025 932 2369 1010 quisquam

390 1032 429 1076 a
458 1015 625 1076 curia
664 1021 850 1090 atque
892 1015 970 1074 ab
1011 1014 1468 1090 magistratibus
1509 1015 1844 1092 abscessit,
1889 1021 1994 1076 aut
2017 1015 2294 1094 populus
2327 1031 2368 1075 e

391 1099 547 1159 foro.
612 1105 955 1173 matronae,
1004 1100 1149 1174 quia
1176 1099 1326 1158 nihil
1354 1100 1416 1159 in
1457 1099 1614 1175 ipsis
1647 1099 1788 1174 opis
1830 1105 1992 1174 erat,
2036 1100 2098 1158 in
2130 1115 2361 1175 preces

391 1183 957 1258 obtestationesque
977 1197 1217 1256 versae,
1246 1197 1361 1258 per
1388 1183 1593 1244 omnia
1617 1183 1870 1243 delubra
1895 1193 2094 1258 vagae
2117 1185 2364 1259 supp-li-

390 1267 502 1327 ciis
542 1268 829 1341 votisque
870 1266 1125 1341 fatigare
1164 1267 1339 1326 deos.
1399 1273 1522 1328 tam
1565 1267 1864 1327 sollicitae
1904 1282 1979 1327 ac
2007 1283 2366 1345 suspensae

391 1350 619 1412 civitati
648 1351 810 1412 tama
836 1350 1067 1412 ineerta
1095 1350 1294 1426 primo
1321 1350 1562 1425 accidit,
1593 1351 1750 1411 duos
1780 1350 2152 1412 Narnienses
2179 1351 2362 1427 equi-

389 1444 484 1497 tes
528 1437 587 1496 in
632 1443 863 1509 castra,
910 1449 1070 1508 quae
1111 1435 1172 1494 in
1202 1435 1481 1496 faucibus
1509 1433 1796 1496 Umbriae
1838 1437 2129 1511 opposita
2161 1441 2362 1511 erant,

388 1519 641 1579 venisse
682 1534 762 1578 ex
802 1516 1039 1593 proelio
1080 1519 1427 1580 nuntiantes
1470 1533 1691 1579 caesos
1742 1519 1975 1580 hostes.
2055 1527 2117 1579 et
2153 1520 2359 1597 primo

390 1602 587 1677 magis
629 1601 878 1662 auribus
926 1617 1111 1677 quam
1152 1601 1370 1662 animis
1411 1602 1475 1662 id
1517 1609 1839 1678 acceptum
1877 1609 2011 1663 erat
2047 1609 2116 1665 ut
2153 1603 2359 1664 maius

389 1687 734 1761 laetiusque
753 1731 770 1760 ,
814 1701 999 1760 quam
1041 1685 1213 1760 quod
1253 1693 1456 1748 mente
1495 1701 1722 1762 capere
1763 1693 1868 1747 aut
1907 1685 2058 1748 satiS
2096 1687 2359 1748 eredere

391 1777 677 1846 possent;
725 1777 785 1829 et
827 1770 967 1845 ipsa
994 1769 1275 1828 celeritas
1305 1769 1490 1830 fidem
1521 1769 1920 1846 impediebat,
1962 1771 2132 1846 quod
2160 1770 2357 1830 biduo

390 1860 540 1915 ante.
574 1858 910 1930 pugnatum
953 1851 1288 1912 dicebatur.
1363 1853 1602 1915 litterae
1641 1853 1866 1912 deinde
1905 1853 1984 1912 ab
2025 1854 2094 1913 L.
2122 1853 2354 1916 Manlio

388 1938 650 1997 Acidino
676 1937 905 1997 missae
928 1951 1008 1994 ex
1031 1936 1247 1996 castris
1272 1937 1627 1997 adseruntur
1644 1937 1724 1997 de
1735 1937 2159 1997 Narniensium
2181 1938 2355 2014 equi-

390 2029 517 2080 tum
546 2021 833 2080 adventu.
878 2019 997 2077 hae
1018 2018 1249 2079 litterae
1281 2034 1396 2095 per
1423 2021 1620 2081 forum
1649 2019 1732 2080 ad
1759 2020 2022 2081 tribunal
2050 2019 2355 2096 praetoris

392 2105 549 2165 latae
600 2109 880 2163 senatum
922 2102 1092 2162 curia
1133 2102 1519 2173 exciverunt3
1573 2109 1868 2179 tantoque
1907 2105 2240 2165 certamine
2279 2121 2355 2165 ac

392 2188 645 2247 tumultu
691 2186 902 2262 populi
952 2186 1033 2245 ad
1068 2174 1251 2246 fores*
1280 2187 1484 2248 curiae
1515 2202 1880 2250 concursum
1909 2194 2032 2264 est,
2074 2195 2144 2250 ut
2181 2188 2354 2249 adire

387 2270 633 2331 nuntius
662 2286 785 2330 non
816 2275 1061 2346 posset,
1103 2270 1444 2332 traheretur
1471 2287 1508 2330 a
1549 2271 2082 2348 percunctantibus
2121 2273 2353 2332 vocife-

386 2354 819 2433 rantibusque,
864 2360 933 2414 ut
972 2353 1034 2414 in
1074 2354 1292 2416 rostris
1334 2354 1508 2430 prius
1553 2372 1735 2430 quam
1763 2355 1826 2416 in
1867 2363 2086 2416 sen-atu
2115 2356 2352 2417 litterae

387 2439 799 2499 recitarentur.
842 2437 1090 2498 tandem
1113 2439 1400 2499 summoti
1428 2445 1492 2498 et
1519 2437 1766 2499 coerciti
1797 2454 1835 2498 a
1861 2439 2349 2514 magistratibus3

388 2521 861 2598 dispensarique
884 2520 1111 2583 laetitia
1136 2523 1294 2584 inter
1323 2522 1688 2598 impotentes
1712 2523 1844 2583 eius
1875 2523 2112 2586 animos
2139 2524 2348 2599 potuit.

388 2604 449 2663 in
494 2611 713 2666 senatu
756 2605 1015 2681 primum
1032 2652 1047 2680 ,
1093 2605 1320 2666 deinde
1358 2606 1421 2665 in
1463 2607 1750 2667 contione
1789 2607 2024 2668 litterae
2062 2607 2350 2667 recitatae

387 2695 562 2758 sunt3
606 2695 669 2748 et
692 2704 807 2766 pro
839 2687 1141 2763 cuiusque
1182 2688 1428 2764 ingenio
1467 2689 1604 2750 aliis
1633 2689 1753 2751 iam
1781 2697 2012 2752 certum
2040 2690 2345 2766 gaudium,

388 2772 525 2833 aliis
548 2773 713 2832 nulla
734 2779 877 2833 ante
898 2773 1101 2834 futura
1120 2773 1280 2833 fides
1305 2780 1452 2847 erat,
1483 2789 1668 2849 quam
1688 2774 1926 2850 legatos
1950 2775 2347 2835 consulumve

386 2855 615 2917 litteras
644 2856 979 2917 audissent.
1066 2856 1161 2916 LI.
1205 2856 1382 2932 ipsos
1406 2857 1630 2919 deinde
1660 2858 2158 2934 appropinquare
2185 2858 2346 2934 lega-

384 2945 484 2998 tos
508 2939 777 2999 adlatum
799 2946 911 2999 est.
955 2941 1103 3000 tunc
1124 2939 1286 3000 enim
1307 2955 1456 3002 vero
1481 2942 1680 3002 omnis
1701 2948 1874 3002 aetas
1897 2957 2142 3002 currere
2166 2941 2344 3016 obvii,

385 3023 617 3096 primus
644 3023 909 3097 quisque
931 3021 1129 3084 oeulis
1152 3023 1526 3101 auribusque
1545 3025 1790 3087 haurire
1812 3031 2042 3086 tantum
2059 3025 2345 3102 gaudium

386 3105 725 3182 cupientes.
788 3106 870 3166 ad
902 3105 1197 3168 Mulvium
1232 3123 1436 3184 usquc
1478 3117 1726 3184 pontem
1770 3109 2090 3170 contlnens
2131 3123 2344 3186 agmen

384 3190 678 3264 pervenit.
749 3190 931 3265 legati
976 3223 1065 3236 —-
1104 3199 1275 3252 erant
1316 3192 1384 3252 L.
1426 3193 1714 3254 Veturius
1753 3193 1928 3254 Philo
1975 3192 2039 3252 P.
2083 3193 2343 3254 Licinius

384 3274 591 3333 Varus
624 3273 691 3347 Q.
725 3274 1023 3335 Caecilius
1050 3274 1330 3334 Metellus
1370 3307 1458 3322 --
1496 3277 1847 3338 circumfusi
1878 3277 2076 3338 omnis
2105 3276 2342 3353 generis

382 3355 694 3416 hominum
716 3358 1060 3432 frequentia
1086 3358 1147 3417 in
1170 3359 1370 3419 forum
1391 3366 1820 3434 pervenerunt,
1853 3377 1991 3422 cum
2021 3359 2122 3421 alii
2151 3361 2340 3436 ipsos,

382 3439 485 3499 alii
516 3440 767 3501 comites
813 3457 1025 3502 eorum
1056 3457 1217 3518 quae
1256 3449 1394 3502 acta
1423 3449 1634 3503 essent
1662 3450 2222 3520 percunctarentur.
2283 3451 2341 3504 et
