2550 3959
611 223 841 287 LIBER
871 222 1078 284 XXIX.
1126 222 1293 285 CAP.
1327 231 1409 284 13.
1439 230 1522 284 14.
1569 230 1642 297 [a.
1667 230 1732 282 0.
1757 230 1884 297 204]
2089 224 2214 287 293

226 400 229 404 ·
260 376 525 438 urbana.
566 374 635 434 L.
678 374 1000 438 Scribonio
1040 374 1257 436 Liboni
1299 367 1622 453 peregrina
1663 384 1725 438 ct
1763 376 1962 438 eidem
2005 378 2218 452 Gallia,

260 463 343 531 M,
367 458 707 535 Pomponio
734 458 1009 521 Mathoni
1040 457 1275 533 Sicilia,
1318 459 1446 519 Tib.
1479 460 1729 521 Claudio
1758 460 1984 521 Neroni
2013 461 2218 523 Sardi-

260 546 363 605 nia
390 544 612 604 evenit.
680 542 746 602 P.
779 541 1052 619 Scipioni
1094 558 1233 603 cum
1262 558 1340 605 eo
1371 544 1676 617 exercitu,
1723 558 1860 604 cum
1889 560 1966 605 ca
1995 546 2216 620 classe,

258 642 442 703 quam
473 625 755 699 habebat,
789 632 1184 702 prorogatum
1214 627 1275 687 in
1304 642 1532 688 annum
1559 627 1879 703 imperium
1909 635 2036 689 est=
2077 628 2220 689 item

224 762 229 767 .
260 711 323 775 P.
356 710 606 786 Licinio,
636 718 703 771 ut
723 711 992 771 Bruttios
1022 711 1263 771 duabus
1294 711 1637 786 legionibus
1667 711 1981 787 obtineret,
2015 713 2218 787 quoad

261 811 402 857 eum
429 796 491 856 in
520 794 837 871 provincia
864 810 1002 855 cum
1030 793 1287 869 imperio
1317 795 1540 856 morari
1563 796 1804 856 consuli
1827 811 1863 855 c
1884 812 1952 857 re
1978 796 2224 871 publica

260 879 464 940 visum
492 882 677 939 esset.
732 884 797 941 et
820 878 900 939 Μ.
931 878 1103 939 Livio
1134 886 1193 939 et
1222 877 1330 954 Sp.
1359 879 1643 939 Lucretio
1671 895 1814 940 cum
1843 878 2004 939 binis
2033 879 2220 955 leg-io·

264 963 473 1039 nibnS,
516 961 739 1039 quibus
782 962 1085 1023 adversus
1113 961 1438 1037 Magonem
1472 962 1702 1023 Galliae
1729 963 2040 1039 praesidio
2073 964 2221 1024 fuis·

262 1053 429 1118 sent,
463 1052 859 1122 prorogatum
888 1045 1208 1121 imperium
1250 1051 1379 1117 θεῖς
1425 1053 1488 1107 et
1520 1045 1626 1106 Cn.
1661 1046 1944 1119 Octavio,
1985 1054 2056 1108 ut
2083 1063 2220 1108 cum

263 1130 605 1191 Sardiniam
636 1128 1061 1206 legionemque
1088 1130 1220 1190 Tib.
1250 1130 1506 1192 Claudio
1534 1129 1909 1206 tradidisset,
1950 1132 2087 1206 ipse
2114 1148 2221 1191 na·

262 1214 442 1275 vibus
472 1214 671 1290 longis
702 1214 1109 1290 quadraginta
1140 1214 1498 1277 maritimam
1526 1228 1715 1289 oram,
1751 1213 1973 1291 quibus
1997 1214 2222 1275 finibus

264 1306 515 1361 senatus
558 1297 935 1374 censuisset,
980 1303 1292 1360 tutaretur.
1364 1298 1444 1357 M.
1473 1297 1814 1374 Pomponio
1857 1297 2128 1374 praetori·
2161 1300 2222 1359 in

264 1381 471 1443 Sicilia
512 1380 849 1442 Cannensis
898 1382 1208 1443 exercitus
1261 1384 1421 1444 duae
1470 1382 1746 1457 legiones
1793 1382 2097 1443 decretae.
2155 1384 2208 1441 T.

264 1466 579 1541 Quinctius
619 1465 973 1541 Tarentum,
1016 1465 1080 1527 C.
1120 1464 1420 1527 Hostilius
1459 1464 1733 1527 Tubulus
1765 1464 2036 1541 Capuam
2078 1482 2219 1541 pro·

263 1556 581 1626 praetores
624 1550 784 1611 sicut
812 1548 1017 1625 priore
1044 1565 1208 1610 anno
1240 1564 1379 1610 cum
1408 1558 1618 1611 vetere
1645 1551 1958 1627 pracsidio
1986 1549 2221 1611 obtine·

260 1641 415 1695 rent.
454 1634 535 1694 de
553 1632 890 1709 Hispaniae
918 1633 1193 1710 irnperio,
1226 1648 1386 1711 quos
1417 1634 1478 1693 in
1501 1649 1637 1695 cam
1659 1634 2041 1711 provinciam
2064 1634 2223 1694 duos

264 1719 669 1795 proconsules
700 1718 849 1778 mitti
877 1718 1161 1793 placeret,
1195 1720 1381 1779 latum
1409 1719 1490 1778 ad
1518 1720 1812 1794 populum
1843 1724 1955 1777 est.
2009 1732 2223 1777 omnes

264 1802 455 1863 tribus
485 1802 758 1875 eosdem,
790 1802 855 1861 L.
880 1800 1225 1863 Cornelium
1247 1802 1568 1862 Lentulum
1598 1807 1657 1862 et
1677 1802 1743 1861 L.
1765 1800 2060 1863 Manlium
2080 1799 2222 1860 Aci·

264 1886 474 1947 dinum
504 1900 615 1963 pro
648 1884 1027 1960 consulibus,
1072 1886 1231 1947 sicut
1260 1886 1466 1963 priore
1493 1900 1654 1946 anno
1684 1884 2042 1960 tenuissent,
2073 1883 2224 1945 obti-

266 1986 413 2031 nere
442 1984 551 2030 eas
582 1970 931 2045 provincias
958 1970 1290 2031 iusserunt.
1364 1971 1654 2031 consules
1687 1970 1974 2031 dilectum
1997 1968 2226 2028 habere

265 2052 652 2115 instituerunt
693 2060 753 2115 et
794 2055 875 2114 ad
916 2070 1113 2115 novas
1155 2052 1520 2116 scribendas
1553 2052 1616 2114 in
1645 2052 1916 2115 Bruttios
1949 2048 2226 2127 legiones

263 2146 325 2199 et
352 2138 415 2197 in
445 2145 788 2199 ceterorum
808 2136 999 2199 —ita
1026 2136 1187 2199 enim
1216 2138 1371 2200 iussi
1401 2138 1480 2199 ab
1511 2146 1729 2201 senatu
1749 2146 1922 2199 erant
1949 2170 2024 2180 —
2052 2150 2227 2195 exer-

264 2222 493 2283 cituum
522 2222 1035 2298 supplementum.

431 2305 590 2366 XIV.
634 2304 1018 2383 Quamquam
1063 2307 1339 2367 nondum
1387 2312 1600 2381 aperte
1650 2304 1861 2366 Africa
1909 2302 2228 2379 provincia

264 2391 517 2451 decreta
543 2397 703 2463 crat,
738 2386 1185 2465 occultantibus
1214 2387 1310 2463 id,
1341 2390 1560 2465 credo,
1591 2388 1900 2465 patribuS‚
1941 2404 2020 2447 ne
2052 2403 2227 2463 prae-

265 2473 605 2535 sciscerent
620 2473 1169 2551 Carthaginienses,
1182 2482 1386 2536 tamen
1411 2472 1472 2533 in
1495 2488 1631 2533 eam
1654 2488 1833 2548 spem
1855 2479 2060 2532 erecta
2081 2468 2228 2531 civi·
2313 2464 2330 2486 ”

264 2566 361 2620 tas
403 2565 565 2634 crat,
612 2557 674 2618 in
716 2556 927 2619 Africa
966 2574 1043 2619 eo
1088 2574 1249 2619 anno
1292 2557 1581 2619 bellatum
1620 2554 1698 2617 iri
1726 2556 2036 2631 finemque
2063 2554 2228 2614 bello

264 2640 496 2704 Punico
526 2642 772 2703 adesse.
817 2642 1177 2719 impleverat
1204 2658 1282 2703 ea
1309 2656 1412 2704 res
1441 2635 2229 2717 superstitionumanimos,

267 2723 573 2802 pronique
604 2733 668 2787 et
696 2727 776 2787 ad
805 2725 1143 2787 nuntianda
1170 2734 1233 2789 et
1258 2726 1340 2787 ad
1373 2725 1690 2788 credenda
1723 2722 2008 2801 prodigia
2037 2727 2227 2783 erant.

267 2824 344 2870 eo
389 2810 566 2886 plura
608 2810 1042 2886 vulgabantura
1096 2812 1257 2873 duos
1301 2811 1470 2872 soles
1497 2808 1706 2882 vis0S,
1749 2816 1811 2869 et
1837 2814 2018 2868 nocte
2046 2804 2229 2867 inter·

268 2893 521 2967 luxisse,
554 2902 616 2956 et
642 2894 841 2955 facem
870 2894 1085 2955 stellae
1115 2896 1191 2956 ab
1223 2903 1362 2975 ortu
1389 2891 1543 2956 solis
1568 2894 1645 2953 ad
1679 2890 2064 2953 occidentem
2087 2904 2228 2965 por-

265 2976 379 3052 rigi
421 2976 647 3050 visam3
704 2977 1073 3041 Tarracinae
1112 2988 1384 3055 portam,
1425 2976 1746 3053 Anagniae
1789 2983 1852 3036 et
1890 2981 2130 3051 portam
2171 2980 2233 3034 et

268 3059 473 3120 multis
520 3060 675 3123 locis
726 3078 965 3124 murum
1006 3062 1085 3122 de
1126 3065 1299 3125 caelo
1349 3069 1641 3131 tactum3·
1676 3060 1739 3121 in
1781 3060 1938 3121 aede
1977 3054 2230 3119 Iunonis

268 3141 557 3218 Sospitae
578 3145 837 3208 Lanuvii
866 3162 1006 3207 cum
1032 3145 1340 3207 horrendo
1373 3146 1616 3222 fragore
1639 3144 1958 3219 strepitum
1981 3140 2230 3203 editum.

266 3242 485 3288 eorum
512 3232 1038 3304 procurandorum
1066 3244 1256 3291 causa
1279 3229 1442 3291 diem
1467 3246 1658 3291 unum
1687 3224 2056 3305 supplicatio
2083 3222 2229 3284 fulta

268 3318 331 3372 ct
371 3312 758 3376 novemdiale
795 3330 1069 3388 sacrum,
1114 3314 1280 3389 quod
1325 3314 1404 3374 de
1443 3315 1616 3375 caelo
1662 3310 1996 3387 lapidatum
2037 3314 2227 3380 esset,

269 3395 513 3457 factum.
572 3412 648 3458 eo
684 3399 949 3462 accessit
976 3396 1344 3461 consultatio
1374 3397 1455 3459 dc
1481 3405 1674 3457 matre
1702 3396 1888 3456 Idaea
1915 3391 2227 3470 accipien-

268 3478 344 3539 da
411 3496 595 3555 quam
623 3490 1053 3560 praeterquam
1083 3481 1251 3559 quod
1280 3480 1359 3540 Μ.
1391 3478 1676 3542 Valerius
1707 3494 1868 3538 unus
1901 3494 1978 3539 ex
2009 3476 2228 3553 legalis
