2550 3959
339 216 436 281 24
653 217 884 277 LIBER
911 217 1122 277 XXIV.
1167 214 1336 275 cAP.
1366 224 1453 277 22.
1478 223 1565 277 23.
1608 216 1679 294 [a.
1706 221 1774 273 U.
1802 238 1849 273 c.
1875 216 2000 293 538}

347 367 588 430 veniam
618 366 832 443 petivit
850 388 867 422 ε
909 382 982 427 se
1010 365 1172 426 enim
1201 367 1447 427 clausas
1478 365 1774 427 habuisse
1804 374 2019 443 portas
2050 384 2173 431 nun
2206 384 2301 429 se-

350 458 666 530 parantem
704 466 852 511 suas
891 465 995 509 res
1023 464 1064 509 a
1089 448 1385 524 publicis,
1430 448 1545 510 sed
1582 448 1808 511 strictis
1850 452 2041 512 semel
2082 451 2299 527 gladiis

347 536 680 609 timentem,
717 534 824 611 qui
852 533 994 593 finis
1023 531 1319 595 caedibus
1348 539 1520 594 esset
1545 533 1814 606 suturuS,
1858 538 2089 609 utrum,
2133 536 2299 611 quod

349 618 500 682 satis
527 618 786 680 libertati
816 617 993 691 roret,
1025 615 1292 677 contenti
1322 632 1475 677 nece
1503 616 1748 694 tyranni
1777 624 2003 691 essent,
2034 633 2132 692 an,
2168 620 2299 694 qui·

351 717 616 778 cumque
655 708 762 761 aut
804 700 1259 777 propinquitate
1302 706 1406 761 aut
1446 700 1757 762 adfinitate
1794 708 1901 761 aut
1938 701 2163 777 aliquis
2191 703 2300 762 mi-

348 786 615 848 nisteriis
657 784 886 859 regiam
933 782 1361 859 contigissent,
1410 784 1645 846 alienae
1674 786 1893 860 culpae
1918 783 2009 845 rei
2039 784 2298 846 trucida·

349 877 576 931 rentur.
643 875 971 944 postquam
1029 866 1527 929 animadverterit
1578 883 1722 942 eos,
1780 867 1885 943 qui
1935 867 2304 930 liberassent

349 951 635 1029 patriam,
689 966 938 1011 servare
983 951 1162 1011 etiam
1211 949 1525 1011 liberatam
1565 952 1755 1027 velle,
1804 958 1989 1026 atque
2028 952 2301 1029 undique

349 1035 589 1099 consuli
617 1034 678 1095 in
707 1034 993 1110 medium,
1023 1051 1146 1096 non
1176 1034 1494 1095 dubitasse
1522 1034 1669 1110 quin
1700 1042 1761 1097 et
1788 1050 2016 1113 corpus
2038 1051 2219 1096 suum
2242 1044 2303 1097 et

349 1128 554 1182 cetera
584 1118 787 1181 omnia
816 1134 976 1194 quae
1003 1134 1156 1179 suae
1184 1118 1327 1179 fidei
1356 1119 1701 1195 tutelaeque
1728 1125 1968 1194 essent,
2012 1119 2301 1195 quoniam

349 1220 488 1265 eum
521 1202 627 1279 qui
654 1202 1012 1264 mandasset
1039 1219 1190 1263 suus
1221 1203 1392 1263 furor
1420 1202 1899 1279 absumpsisset,
1944 1202 2176 1278 patriae
2203 1218 2298 1263 re-

349 1288 643 1350 stitueret.
710 1302 1054 1348 conversus
1094 1284 1318 1347 deinde
1359 1286 1437 1346 ad
1478 1285 1898 1348 interfectores
1941 1287 2185 1364 tyranni
2228 1303 2299 1347 ac

351 1372 596 1433 nomine
635 1371 958 1447 appellans
999 1369 1378 1431 Theodotum
1420 1384 1494 1429 ac
1522 1369 1709 1431 Sosin
1746 1369 2065 1445 ,‚facinus“
2106 1370 2297 1445 inquit

350 1454 785 1534 „memorabile
827 1453 1089 1515 fecistis=
1138 1453 1253 1513 sed
1293 1452 1437 1513 mihi
1478 1453 1739 1529 credite,
1782 1453 2068 1515 inchoata
2094 1462 2297 1515 vestra

349 1540 544 1614 gloria
573 1537 842 1599 nondum
875 1538 1148 1613 perfecta
1175 1542 1298 1611 est,
1344 1538 1805 1613 periculumque
1832 1537 2050 1613 ingens
2079 1546 2299 1611 manet,

353 1622 466 1683 nisi
508 1620 646 1698 paci
674 1627 736 1681 et
767 1620 1136 1683 concordiae
1166 1619 1512 1696 consulitis,
1555 1636 1635 1681 ne
1663 1620 1853 1682 libera
1881 1620 2171 1682 efferatur
2197 1636 2299 1681 res

351 1705 657 1781 publica“.

516 1789 725 1849 XXIII.
779 1788 928 1850 Post
963 1787 1122 1851 hanc
1164 1788 1500 1851 orationem
1531 1789 1739 1849 claves
1768 1795 2083 1864 portarum
2112 1804 2297 1865 pecu-

352 1874 612 1948 niaeque
651 1872 856 1948 regiae
895 1878 1034 1933 ante
1063 1872 1257 1948 pedes
1287 1888 1500 1934 eorum
1532 1874 1754 1946 posuit.
1820 1879 2006 1948 atque
2034 1872 2137 1934 illo
2168 1872 2297 1948 qui-

349 1958 490 2017 dem
533 1956 633 2018 die
660 1954 897 2017 dimissi
926 1970 1004 2015 ex
1035 1955 1323 2017 contione
1356 1954 1494 2016 laeti
1523 1955 1689 2017 circa
1714 1958 1857 2017 fana
1886 1956 2092 2017 omnia
2116 1957 2301 2017 deum

353 2040 859 2117 supplicaverunt
905 2052 1042 2100 cum
1095 2039 1460 2115 coniugibus
1501 2054 1577 2099 ac
1614 2038 1855 2115 liberis,
1907 2046 2157 2116 postero
2200 2040 2297 2101 die

353 2122 594 2185 comitia
625 2129 974 2199 praetorum
1005 2123 1252 2184 creandi
1282 2129 1427 2185 sunt
1450 2121 1672 2183 habita.
1727 2131 1966 2185 creatus
1996 2123 2057 2183 in
2089 2123 2301 2200 primis

351 2205 869 2281 AndranodoruS‚
917 2205 1102 2267 ceteri
1143 2222 1367 2282 magna
1405 2221 1484 2265 ex
1529 2214 1701 2281 parte
1742 2206 2162 2268 interfectores
2204 2214 2300 2285 ty-

352 2292 558 2359 ranni;
619 2289 780 2351 duos
823 2289 1000 2351 etiam
1045 2290 1365 2363 absentes,
1418 2288 1746 2365 Sopatrum
1788 2306 1861 2351 ac
1900 2290 2298 2365 Dinomenen,

353 2374 646 2435 recerunt.
693 2372 798 2449 qui
825 2372 1049 2433 auditis
1079 2372 1186 2448 iis,
1229 2389 1389 2449 quae
1418 2372 1751 2452 Syracusis
1782 2382 1919 2435 acta
1948 2381 2149 2449 erant,
2194 2390 2299 2450 pe-

355 2457 594 2519 cuniam
621 2456 882 2533 regiam,
914 2472 1074 2531 quae
1101 2457 1163 2518 in
1191 2456 1504 2518 Leontinis
1536 2466 1694 2532 erat,
1738 2456 2085 2537 Syracusas
2117 2457 2299 2517 deve-

353 2548 510 2602 ctam
541 2540 974 2616 quaestoribus
1004 2541 1085 2601 ad
1112 2541 1176 2602 id
1206 2540 1411 2617 ipsum
1442 2542 1661 2602 creatis
1692 2541 2085 2602 tradiderunt.
2140 2546 2203 2601 et
2228 2556 2305 2601 ea

355 2640 514 2702 quae
553 2624 613 2685 in
645 2625 852 2685 Insula
888 2632 1020 2685 erat
1045 2624 1459 2684 Achradinam
1497 2625 1715 2685 tradita
1756 2631 1881 2695 est;
1920 2624 2203 2701 murique
2230 2640 2306 2685 ea

355 2725 530 2785 pars,
577 2724 735 2783 quae
775 2707 852 2769 ab
884 2714 1088 2769 cetera
1126 2706 1281 2767 urbe
1309 2707 1488 2769 nimis
1517 2709 1691 2769 firmo
1720 2708 2090 2771 munimento
2120 2708 2302 2769 inter-

355 2792 670 2868 saepiebat
689 2791 974 2864 Insulam,
1008 2806 1319 2852 consensu
1348 2792 1615 2854 omnium
1644 2791 1881 2853 deiecta
1902 2799 2015 2853 est.
2055 2799 2305 2853 secutae

353 2882 415 2936 et
443 2882 684 2935 ceterae
705 2890 805 2935 res
830 2873 989 2947 hanc
1011 2873 1463 2936 inclinationem
1484 2876 1823 2936 animorum
1845 2874 1925 2935 ad
1946 2876 2303 2937 libertatem.

520 2959 925 3034 Hippocrates
978 2965 1166 3033 atque
1203 2958 1517 3035 Epicydes
1560 2959 1765 3020 audita
1804 2966 2001 3020 morte
2040 2958 2305 3038 tyranni,

357 3058 538 3119 quam
564 3041 973 3118 Hippocrates
1004 3040 1185 3103 etiam
1206 3042 1419 3104 nuntio
1444 3042 1759 3104 interfecto
1786 3042 1987 3103 celare
2005 3045 2303 3116 voluerat,

355 3125 580 3188 deserti
621 3141 662 3187 a
699 3124 1014 3200 militibus,
1066 3126 1210 3201 quia
1247 3126 1311 3187 id
1352 3126 1713 3187 tutissimum
1752 3142 1832 3186 ex
1872 3125 2305 3201 praesentibus

355 3209 706 3283 videbatur,
751 3208 1100 3288 Syracusas
1140 3209 1398 3271 rediere.
1466 3209 1571 3270 ubi
1601 3225 1680 3271 ne
1708 3210 1982 3283 suspecti
2012 3208 2303 3271 obversa-

354 3300 564 3355 rentur
603 3300 912 3369 tamquam
951 3292 1221 3355 novandi
1260 3308 1373 3353 res
1396 3293 1663 3369 aliquam
1693 3284 2085 3354 occasionem
2117 3307 2303 3368 quae—

353 3382 586 3451 renteS,
631 3384 946 3452 praetores
977 3376 1267 3454 primum,
1300 3376 1438 3439 dein
1471 3393 1583 3453 per
1612 3392 1723 3437 eos
1754 3382 2032 3437 senatum
2058 3378 2307 3438 adeunt.

353 3459 432 3521 ab
464 3460 800 3523 Hannibale
830 3477 902 3523 se
928 3462 1154 3523 missos
1186 3460 1543 3537 praedicant
1569 3461 1646 3522 ad
1682 3459 2125 3540 Hieronymum.
2157 3466 2308 3521 tam·
