2550 3959
580 221 807 283 LIBER
835 222 1101 284 XXVIII.
1149 223 1314 285 CAP.
1337 231 1426 286 33.
1449 233 1537 288 34.
1585 235 1657 298 [a.
1683 232 1748 283 C·
1768 231 1894 299 206]
2091 223 2216 286 259

246 373 663 436 circumducat
698 373 938 451 equites
954 419 970 449 ,
1000 380 1428 452 segregetque,
1461 383 1751 453 quantum
1783 376 2000 452 possit,
2028 373 2211 453 equ'e·

245 467 434 520 strem
477 457 553 517 ab
598 458 873 534 pedestri
899 475 1199 535 pugnamz
1242 459 1382 535 ipse
1413 459 1616 522 omnia
1643 460 1820 535 signa
1847 460 2122 536 peditum
2153 461 2213 521 in

244 545 457 604 hostes
504 541 713 618 vertit,
768 549 1061 617 quattuor
1099 543 1388 605 cohortes
1429 543 1491 603 in
1537 544 1736 606 fronte
1779 543 2016 620 statuit,
2071 545 2215 620 quia

243 627 425 688 latius
456 627 731 702 pandere
758 627 955 688 aciem
982 643 1107 689 non
1142 634 1399 704 poterat.
1471 644 1706 690 moram
1736 627 2050 705 pugnandi
2079 631 2211 690 nul-

242 715 364 772 lam
396 709 555 786 feeit,
586 716 655 771 ut
680 709 821 787 ipso
854 712 1185 773 certamine
1209 719 1518 774 aver-teret
1547 713 1624 774 ab
1649 718 1992 789 conspectu
2013 719 2210 774 trans-

244 794 515 857 euntium
563 809 679 870 per
730 796 923 856 colles
968 797 1260 871 equitum.
1324 811 1530 874 neque
1571 804 1711 859 ante
1755 797 2208 858 circumductos

242 893 503 941 sensere
542 893 724 955 quam
767 881 1085 964 tumultum
1114 881 1420 956 equestris
1454 895 1698 956 pugnae
1727 881 1804 942 ab
1837 887 2008 956 tergo
2037 895 2209 941 acce-

243 977 412 1040 pere.
486 962 570 1023 ita
610 963 735 1024 duo
785 964 1021 1040 proelia
1061 971 1261 1026 etanta
1325 965 1486 1025 duae
1530 965 1803 1041 peditum
1844 964 2042 1040 acies,
2089 965 2212 1027 duo

243 1047 551 1124 equitatus
581 1061 694 1122 per
720 1047 1160 1123 longitudinem
1193 1048 1410 1124 campi,
1445 1049 1589 1124 quia
1616 1048 1860 1109 misceri
1884 1065 1964 1108 ex
1985 1063 2212 1126 genere

242 1138 511 1208 utroque
540 1130 843 1207 proelium
870 1133 1191 1209 angustiae
1220 1146 1346 1194 non
1375 1131 1782 1209 patiebantur,
1833 1133 2210 1208 pugnabant.

244 1217 657 1292 Hispanorum
699 1231 838 1278 cum
878 1229 1083 1294 neque
1124 1217 1320 1294 pedes
1351 1216 1540 1293 equiti
1566 1231 1770 1293 neque
1799 1231 1992 1292 eques
2021 1217 2212 1291 pediti

242 1301 473 1363 auxilio
523 1305 720 1375 esset,
772 1301 995 1376 pedes·
1023 1301 1251 1362 fiducia
1299 1301 1525 1378 equitis
1565 1305 1797 1360 temere
1841 1299 2210 1361 commissus

244 1399 465 1460 eampo
516 1385 905 1460 caederetur,
958 1400 1153 1460 eques
1207 1387 1656 1446 circumventus
1708 1399 1824 1446 nec
1866 1384 2146 1460 peditem·
2177 1402 2213 1445 a

244 1471 445 1529 fronte
464 1500 553 1513 -—
572 1467 691 1528 iam
732 1468 894 1528 enim
936 1476 1160 1530 stratae
1190 1470 1516 1546 pedestres
1546 1469 1765 1546 copiae
1797 1473 2075 1529 erant-
2095 1483 2212 1529 nec

244 1553 321 1612 ab
364 1558 535 1626 tergo
577 1551 845 1629 equitem
888 1553 1245 1628 sustineret,
1297 1560 1358 1614 et
1395 1553 1549 1631 ipsi,
1593 1570 1732 1616 cum
1774 1553 1880 1614 diu
1907 1553 1968 1614 in
2001 1551 2213 1614 orbem

244 1651 389 1698 sese
430 1635 733 1698 stantibus
764 1637 942 1714 equis
974 1638 1426 1714 defendissent,
1469 1638 1550 1699 ad
1579 1654 1766 1701 unum
1797 1652 2013 1698 omnes
2045 1637 2214 1698 caesi

244 1725 418 1796 sunt,
448 1735 565 1780 nec
596 1721 926 1798 quisquam
956 1723 1233 1797 peditum
1262 1723 1614 1799 equitumve
1650 1721 1982 1797 superfuit,
2017 1719 2124 1794 qui
2152 1719 2212 1781 in

246 1807 405 1866 valle
436 1811 881 1880 pugnaverunt.
954 1805 1131 1866 tertia
1157 1821 1339 1882 pars,
1387 1821 1548 1883 quae
1575 1806 1636 1865 in
1672 1806 1830 1866 colle
1859 1807 1940 1866 ad
1969 1810 2211 1880 specta-

246 1890 451 1951 culum
499 1889 695 1965 magis
738 1896 932 1951 tutum
975 1906 1159 1966 quam
1200 1891 1281 1951 ad
1320 1897 1558 1968 partem
1594 1904 1838 1966 pugnae
1881 1903 2211 1965 capessen-

246 1975 390 2035 dam
430 1978 709 2048 steterat,
752 1981 814 2035 et
852 1977 1055 2036 locum
1100 1981 1163 2035 et
1200 1981 1446 2051 tempus
1487 1975 1572 2035 ad
1599 1973 1957 2051 fugiendum
1987 1971 2213 2033 habuit.

244 2059 403 2119 inter
439 2071 551 2118 eos
582 2064 644 2118 et
668 2059 864 2134 reguli
894 2059 1014 2134 ipsi
1044 2059 1361 2135 fugerunt,
1408 2056 1770 2135 priusquam
1798 2063 1928 2119 tota
1956 2056 2212 2118 circum-

244 2142 555 2202 veniretur
592 2141 787 2219 acies,
839 2142 995 2203 inter
1034 2146 1356 2205 tumultum
1399 2144 1614 2220 elapsi.
1683 2141 1952 2204 XXXIV.
2011 2147 2211 2202 castra

244 2227 465 2288 eodem
514 2225 614 2286 die
662 2226 1078 2304 Hispanorum
1118 2234 1364 2304 praeter
1414 2233 1678 2287 ceteram
1728 2227 2025 2303 praedam
2077 2241 2212 2285 cum

246 2310 437 2371 tribus
482 2310 671 2370 ferme
710 2311 953 2372 milibus
981 2311 1298 2372 hominum
1328 2311 1668 2386 capiuntur.
1740 2309 2001 2372 Romani
2031 2308 2210 2369 socii-

206 2406 367 2470 ‘que
418 2393 496 2454 ad
547 2393 711 2454 mille
760 2396 1006 2456 ducenti
1056 2410 1133 2456 eo
1177 2394 1416 2472 proelio
1467 2395 1854 2468 ceciderunt,
1890 2394 2211 2454 vulnerata

244 2479 507 2554 amplius
536 2478 651 2538 tria
676 2479 841 2539 milia
869 2477 1201 2544 hominum.
1258 2480 1462 2540 minus
1491 2484 1746 2540 cruenta
1772 2476 2030 2537 victoria
2063 2475 2211 2536 ruis-

188 2631 202 2642 ,
244 2568 370 2638 set,
411 2563 468 2623 si
511 2562 851 2638 patentiore
884 2579 1103 2641 campo
1136 2563 1308 2624 etad
1337 2564 1541 2639 fugam
1571 2560 2022 2638 capessendam
2051 2557 2214 2620 facili

247 2649 405 2709 foret
435 2653 788 2723 pugnatum.

412 2729 705 2792 Indebilis
746 2731 1000 2792 abiectis
1046 2732 1192 2793 belli
1236 2731 1511 2795 consiliis
1557 2730 1704 2790 nihil
1731 2729 1918 2790 tutius
1949 2727 2212 2788 adflictis

248 2816 433 2876 rebus
477 2820 736 2890 experta
775 2815 899 2876 fide
927 2822 990 2876 et
1018 2817 1340 2880 clementia
1370 2815 1680 2892 Scipionis
1709 2821 1912 2886 ratuS,
1955 2811 2212 2872 Mando·

248 2901 411 2960 nium
456 2900 700 2960 fratrem
739 2899 821 2959 ad
858 2915 998 2960 eum
1025 2901 1233 2973 mittit3
1279 2901 1384 2977 qui
1412 2901 1744 2962 advolutus
1773 2895 2033 2974 genibus
2064 2896 2213 2958 fata-

248 2999 365 3044 .em
406 2983 639 3044 rabiem
667 2983 965 3060 temporis
994 2984 1139 3046 eius·
1160 2992 1440 3060 accusat,
1485 3001 1625 3046 cum
1651 2985 1821 3044 velut
1849 2979 2217 3056 contagione

251 3068 517 3144 quadam
572 3067 865 3143 pestifera
912 3083 1037 3129 non
1076 3070 1371 3144 Ilergetes
1423 3070 1608 3131 modo
1661 3075 1722 3130 et
1759 3064 2048 3127 Lacetani
2101 3065 2216 3125 sed

248 3157 453 3212 castra
494 3166 743 3228 quoque
770 3152 1050 3214 Romana
1076 3152 1451 3214 insanierint.
1516 3169 1692 3214 suam
1732 3151 1980 3231 quidem
2008 3156 2068 3208 et
2097 3149 2217 3208 fra-

180 3235 183 3240 ’
248 3235 355 3296 tris
386 3242 447 3296 et
470 3235 849 3312 reliquorum
888 3237 1281 3312 popularium
1311 3253 1445 3297 eam
1473 3236 1899 3298 condicionem
1929 3247 2107 3308 esse,
2154 3238 2217 3292 nt

246 3325 381 3394 aut,
426 3320 481 3382 si
510 3320 595 3380 ita
632 3319 941 3394 videatur,
985 3319 1247 3382 reddant
1288 3320 1568 3397 spiritum
1609 3320 1672 3379 P.
1705 3317 1982 3397 Scipioni
2013 3317 2088 3378 ab
2111 3331 2215 3378 eo·

250 3405 390 3464 dem
418 3404 522 3466 illo
552 3410 907 3480 acceptum,
937 3412 1044 3466 aut
1069 3404 1299 3466 servati
1327 3403 1424 3466 bis
1453 3404 1560 3466 uni
1590 3403 1856 3465 debitam
1883 3403 2072 3463 vitam
2102 3416 2214 3478 pro

248 3502 325 3548 eo
356 3487 417 3548 in
450 3495 813 3564 perpetuum
842 3489 1207 3552 devoveant.
1266 3494 1446 3552 antea
1473 3489 1533 3548 in
1565 3502 1758 3548 causa
1787 3503 1903 3550 sua
1932 3486 2214 3548 fiduciam

1690 3575 1756 3636 17
1774 3573 1804 3610 *
