<?xml version="1.0" encoding="UTF-8"?>
<!DOCTYPE html PUBLIC "-//W3C//DTD XHTML 1.0 Transitional//EN"
    "http://www.w3.org/TR/xhtml1/DTD/xhtml1-transitional.dtd">
<html xmlns="http://www.w3.org/1999/xhtml" xml:lang="en" lang="en">
 <head>
  <title>
</title>
<meta http-equiv="Content-Type" content="text/html;charset=utf-8" />
  <meta name='ocr-system' content='tesseract 3.04.00' />
  <meta name='ocr-capabilities' content='ocr_page ocr_carea ocr_par ocr_line ocrx_word'/>
</head>
<body>
  <div class='ocr_page' id='page_1' title='image "./aburbeconditali13livygoog_0094.png"; bbox 0 0 2550 3959; ppageno 0'>
   <div class='ocr_carea' id='block_1_1' title="bbox 594 206 2197 289">
    <p class='ocr_par' dir='ltr' id='par_1_1' title="bbox 594 206 2197 289">
     <span class='ocr_line' id='line_1_1' title="bbox 594 206 2197 289; baseline 0.006 -24"><span class='ocrx_word' id='word_1_1' title='bbox 594 206 825 267; x_wconf 82' lang='lat' dir='ltr'>LIBER</span> <span class='ocrx_word' id='word_1_2' title='bbox 851 206 1037 284; x_wconf 80' lang='lat' dir='ltr'><strong>XXV.</strong></span> <span class='ocrx_word' id='word_1_3' title='bbox 1086 207 1248 267; x_wconf 87' lang='lat' dir='ltr'><strong>cAP.</strong></span> <span class='ocrx_word' id='word_1_4' title='bbox 1282 216 1369 270; x_wconf 84' lang='lat'><strong>13.</strong></span> <span class='ocrx_word' id='word_1_5' title='bbox 1402 217 1485 270; x_wconf 80' lang='lat'><strong>14.</strong></span> <span class='ocrx_word' id='word_1_6' title='bbox 1529 212 1601 287; x_wconf 77' lang='lat' dir='ltr'><strong>[a.</strong></span> <span class='ocrx_word' id='word_1_7' title='bbox 1631 214 1696 270; x_wconf 84' lang='lat' dir='ltr'><strong>e.</strong></span> <span class='ocrx_word' id='word_1_8' title='bbox 1724 212 1851 289; x_wconf 76' lang='lat'>212]</span> <span class='ocrx_word' id='word_1_9' title='bbox 2110 209 2197 277; x_wconf 75' lang='lat'><strong>67</strong></span> 
     </span>
    </p>
   </div>
   <div class='ocr_carea' id='block_1_2' title="bbox 197 355 2197 3454">
    <p class='ocr_par' dir='ltr' id='par_1_2' title="bbox 197 355 2197 3454">
     <span class='ocr_line' id='line_1_2' title="bbox 243 355 2194 435; baseline 0.001 -14"><span class='ocrx_word' id='word_1_10' title='bbox 243 372 447 421; x_wconf 71' lang='lat' dir='ltr'><strong>euram</strong></span> <span class='ocrx_word' id='word_1_11' title='bbox 477 371 692 417; x_wconf 84' lang='lat' dir='ltr'><strong>eorum</strong></span> <span class='ocrx_word' id='word_1_12' title='bbox 721 355 1034 416; x_wconf 85' lang='lat' dir='ltr'><strong>stimulare</strong></span> <span class='ocrx_word' id='word_1_13' title='bbox 1059 362 1296 432; x_wconf 90' lang='lat' dir='ltr'><strong>posset,</strong></span> <span class='ocrx_word' id='word_1_14' title='bbox 1342 358 1463 418; x_wconf 91' lang='lat' dir='ltr'><strong>alia</strong></span> <span class='ocrx_word' id='word_1_15' title='bbox 1492 359 1772 435; x_wconf 80' lang='lat' dir='ltr'><strong>prodicta</strong></span> <span class='ocrx_word' id='word_1_16' title='bbox 1801 361 1935 423; x_wconf 92' lang='lat' dir='ltr'><strong>dies</strong></span> <span class='ocrx_word' id='word_1_17' title='bbox 1964 362 2045 423; x_wconf 89' lang='lat' dir='ltr'><strong>ad</strong></span> <span class='ocrx_word' id='word_1_18' title='bbox 2074 362 2194 423; x_wconf 69' lang='lat' dir='ltr'><strong>stu-</strong></span> 
     </span>
     <span class='ocr_line' id='line_1_3' title="bbox 239 439 2197 517; baseline 0.002 -14"><span class='ocrx_word' id='word_1_19' title='bbox 239 446 506 503; x_wconf 86' lang='lat' dir='ltr'><strong>mentum</strong></span> <span class='ocrx_word' id='word_1_20' title='bbox 534 439 770 499; x_wconf 90' lang='lat' dir='ltr'><strong>maiore</strong></span> <span class='ocrx_word' id='word_1_21' title='bbox 797 446 1096 516; x_wconf 86' lang='lat' dir='ltr'><strong>apparatu</strong></span> <span class='ocrx_word' id='word_1_22' title='bbox 1125 442 1475 517; x_wconf 87' lang='lat' dir='ltr'><strong>petendum.</strong></span> <span class='ocrx_word' id='word_1_23' title='bbox 1540 458 1615 503; x_wconf 88' lang='lat' dir='ltr'><strong>ea</strong></span> <span class='ocrx_word' id='word_1_24' title='bbox 1644 444 1847 505; x_wconf 88' lang='lat' dir='ltr'><strong>omnia</strong></span> <span class='ocrx_word' id='word_1_25' title='bbox 1874 446 2035 507; x_wconf 87' lang='lat' dir='ltr'><strong>sicut</strong></span> <span class='ocrx_word' id='word_1_26' title='bbox 2060 452 2197 507; x_wconf 82' lang='lat' dir='ltr'><strong>acta</strong></span> 
     </span>
     <span class='ocr_line' id='line_1_4' title="bbox 235 524 2192 603; baseline 0.002 -17"><span class='ocrx_word' id='word_1_27' title='bbox 235 530 410 586; x_wconf 87' lang='lat' dir='ltr'><strong>erant</strong></span> <span class='ocrx_word' id='word_1_28' title='bbox 437 539 580 585; x_wconf 89' lang='lat' dir='ltr'><strong>cum</strong></span> <span class='ocrx_word' id='word_1_29' title='bbox 620 524 930 583; x_wconf 88' lang='lat' dir='ltr'><strong>enuntiata</strong></span> <span class='ocrx_word' id='word_1_30' title='bbox 954 524 1405 585; x_wconf 85' lang='lat' dir='ltr'><strong>Beneventanis</strong></span> <span class='ocrx_word' id='word_1_31' title='bbox 1436 531 1673 601; x_wconf 77' lang='lat' dir='ltr'><strong>essent,</strong></span> <span class='ocrx_word' id='word_1_32' title='bbox 1714 529 1951 603; x_wconf 88' lang='lat' dir='ltr'><strong>legatos</strong></span> <span class='ocrx_word' id='word_1_33' title='bbox 1980 529 2192 591; x_wconf 87' lang='lat' dir='ltr'><strong>decem</strong></span> 
     </span>
     <span class='ocr_line' id='line_1_5' title="bbox 223 607 2194 684; baseline 0.002 -14"><span class='ocrx_word' id='word_1_34' title='bbox 223 608 546 684; x_wconf 80' lang='lat' dir='ltr'><strong>extemplo</strong></span> <span class='ocrx_word' id='word_1_35' title='bbox 577 607 659 667; x_wconf 91' lang='lat' dir='ltr'><strong>ad</strong></span> <span class='ocrx_word' id='word_1_36' title='bbox 689 608 978 668; x_wconf 91' lang='lat' dir='ltr'><strong>consules</strong></span> <span class='ocrx_word' id='word_1_37' title='bbox 1004 638 1092 651; x_wconf 91' lang='lat'>—</span> <span class='ocrx_word' id='word_1_38' title='bbox 1121 608 1285 668; x_wconf 89' lang='lat' dir='ltr'><strong>circa</strong></span> <span class='ocrx_word' id='word_1_39' title='bbox 1304 608 1645 671; x_wconf 89' lang='lat' dir='ltr'><strong>Bovianum</strong></span> <span class='ocrx_word' id='word_1_40' title='bbox 1676 613 2194 673; x_wconf 85' lang='lat' dir='ltr'><strong>castraRomano·</strong></span> 
     </span>
     <span class='ocr_line' id='line_1_6' title="bbox 197 690 2193 773; baseline 0.006 -27"><span class='ocrx_word' id='word_1_41' title='bbox 197 740 212 746; x_wconf 83' lang='grc'><em>,</em></span> <span class='ocrx_word' id='word_1_42' title='bbox 234 710 365 754; x_wconf 89' lang='lat' dir='ltr'><strong>rum</strong></span> <span class='ocrx_word' id='word_1_43' title='bbox 395 696 569 753; x_wconf 87' lang='lat' dir='ltr'><strong>erant</strong></span> <span class='ocrx_word' id='word_1_44' title='bbox 593 723 683 735; x_wconf 93' lang='lat'>-</span> <span class='ocrx_word' id='word_1_45' title='bbox 708 690 1019 751; x_wconf 86' lang='lat' dir='ltr'><strong>miserunt.</strong></span> <span class='ocrx_word' id='word_1_46' title='bbox 1065 690 1168 766; x_wconf 86' lang='lat' dir='ltr'><strong>qui</strong></span> <span class='ocrx_word' id='word_1_47' title='bbox 1196 707 1335 752; x_wconf 90' lang='lat' dir='ltr'><strong>cum</strong></span> <span class='ocrx_word' id='word_1_48' title='bbox 1362 694 1601 766; x_wconf 77' lang='lat' dir='ltr'><strong>auditiS,</strong></span> <span class='ocrx_word' id='word_1_49' title='bbox 1636 711 1795 769; x_wconf 89' lang='lat' dir='ltr'><strong>quae</strong></span> <span class='ocrx_word' id='word_1_50' title='bbox 1822 696 1902 755; x_wconf 91' lang='lat' dir='ltr'><strong>ad</strong></span> <span class='ocrx_word' id='word_1_51' title='bbox 1927 696 2193 773; x_wconf 85' lang='lat' dir='ltr'><strong>Capuam</strong></span> 
     </span>
     <span class='ocr_line' id='line_1_7' title="bbox 236 775 2193 857; baseline 0.002 -19"><span class='ocrx_word' id='word_1_52' title='bbox 236 781 579 853; x_wconf 81' lang='lat' dir='ltr'>agerentur,</span> <span class='ocrx_word' id='word_1_53' title='bbox 622 775 778 835; x_wconf 86' lang='lat' dir='ltr'><strong>inter</strong></span> <span class='ocrx_word' id='word_1_54' title='bbox 804 791 876 835; x_wconf 92' lang='lat' dir='ltr'><strong>se</strong></span> <span class='ocrx_word' id='word_1_55' title='bbox 905 783 1398 853; x_wconf 81' lang='lat' dir='ltr'><strong>comparassent,</strong></span> <span class='ocrx_word' id='word_1_56' title='bbox 1440 783 1509 838; x_wconf 88' lang='lat' dir='ltr'><strong>ut</strong></span> <span class='ocrx_word' id='word_1_57' title='bbox 1535 778 1685 838; x_wconf 80' lang='lat' dir='ltr'><strong>alter</strong></span> <span class='ocrx_word' id='word_1_58' title='bbox 1711 779 1773 839; x_wconf 90' lang='lat' dir='ltr'><strong>in</strong></span> <span class='ocrx_word' id='word_1_59' title='bbox 1804 778 2193 857; x_wconf 81' lang='lat' dir='ltr'><strong>Campaniam</strong></span> 
     </span>
     <span class='ocr_line' id='line_1_8' title="bbox 233 858 2193 941; baseline 0.002 -19"><span class='ocrx_word' id='word_1_60' title='bbox 233 860 572 922; x_wconf 88' lang='lat' dir='ltr'><strong>exercitum</strong></span> <span class='ocrx_word' id='word_1_61' title='bbox 605 859 889 933; x_wconf 79' lang='lat' dir='ltr'><strong>duceret,</strong></span> <span class='ocrx_word' id='word_1_62' title='bbox 932 858 1181 920; x_wconf 87' lang='lat' dir='ltr'><strong>Fulvius</strong></span> <span class='ocrx_word' id='word_1_63' title='bbox 1198 905 1213 932; x_wconf 95' lang='lat'><strong><em>‚</em></strong></span> <span class='ocrx_word' id='word_1_64' title='bbox 1261 860 1359 920; x_wconf 91' lang='lat' dir='ltr'><strong>cui</strong></span> <span class='ocrx_word' id='word_1_65' title='bbox 1389 876 1463 921; x_wconf 88' lang='lat' dir='ltr'><strong>ea</strong></span> <span class='ocrx_word' id='word_1_66' title='bbox 1488 863 1809 937; x_wconf 88' lang='lat' dir='ltr'><strong>provincia</strong></span> <span class='ocrx_word' id='word_1_67' title='bbox 1842 863 2193 941; x_wconf 77' lang='lat' dir='ltr'><strong>obvenerat,</strong></span> 
     </span>
     <span class='ocr_line' id='line_1_9' title="bbox 237 942 2191 1024; baseline 0.002 -18"><span class='ocrx_word' id='word_1_68' title='bbox 237 945 553 1022; x_wconf 87' lang='lat' dir='ltr'><strong>profectus</strong></span> <span class='ocrx_word' id='word_1_69' title='bbox 583 949 766 1003; x_wconf 88' lang='lat' dir='ltr'><strong>nocte</strong></span> <span class='ocrx_word' id='word_1_70' title='bbox 789 942 1126 1003; x_wconf 88' lang='lat' dir='ltr'><strong>Beneventi</strong></span> <span class='ocrx_word' id='word_1_71' title='bbox 1153 945 1397 1005; x_wconf 90' lang='lat' dir='ltr'><strong>moenia</strong></span> <span class='ocrx_word' id='word_1_72' title='bbox 1426 951 1521 1005; x_wconf 90' lang='lat' dir='ltr'><strong>est</strong></span> <span class='ocrx_word' id='word_1_73' title='bbox 1547 946 1885 1022; x_wconf 85' lang='lat' dir='ltr'><strong>ingressus.</strong></span> <span class='ocrx_word' id='word_1_74' title='bbox 1943 964 2022 1009; x_wconf 92' lang='lat' dir='ltr'><strong>ex</strong></span> <span class='ocrx_word' id='word_1_75' title='bbox 2050 965 2191 1024; x_wconf 90' lang='lat' dir='ltr'><strong>pro-</strong></span> 
     </span>
     <span class='ocr_line' id='line_1_10' title="bbox 233 1027 2190 1108; baseline 0.002 -18"><span class='ocrx_word' id='word_1_76' title='bbox 233 1030 469 1106; x_wconf 87' lang='lat' dir='ltr'><strong>pinquo</strong></span> <span class='ocrx_word' id='word_1_77' title='bbox 521 1027 842 1103; x_wconf 81' lang='lat' dir='ltr'>cognoscit</span> <span class='ocrx_word' id='word_1_78' title='bbox 871 1027 1243 1088; x_wconf 85' lang='lat' dir='ltr'><strong>Hannonem</strong></span> <span class='ocrx_word' id='word_1_79' title='bbox 1294 1042 1431 1089; x_wconf 90' lang='lat' dir='ltr'><strong>cum</strong></span> <span class='ocrx_word' id='word_1_80' title='bbox 1480 1030 1786 1091; x_wconf 89' lang='lat' dir='ltr'><strong>exercitus</strong></span> <span class='ocrx_word' id='word_1_81' title='bbox 1836 1039 2009 1108; x_wconf 87' lang='lat' dir='ltr'><strong>parte</strong></span> <span class='ocrx_word' id='word_1_82' title='bbox 2048 1048 2190 1108; x_wconf 92' lang='lat' dir='ltr'><strong>pro-</strong></span> 
     </span>
     <span class='ocr_line' id='line_1_11' title="bbox 235 1112 2191 1191; baseline 0.003 -19"><span class='ocrx_word' id='word_1_83' title='bbox 235 1115 460 1174; x_wconf 80' lang='lat' dir='ltr'><strong>fectum</strong></span> <span class='ocrx_word' id='word_1_84' title='bbox 501 1112 956 1182; x_wconf 78' lang='lat' dir='ltr'><strong>frumentatum3</strong></span> <span class='ocrx_word' id='word_1_85' title='bbox 1013 1126 1126 1188; x_wconf 90' lang='lat' dir='ltr'><strong>per</strong></span> <span class='ocrx_word' id='word_1_86' title='bbox 1175 1118 1569 1189; x_wconf 81' lang='lat' dir='ltr'><strong>quaestorem</strong></span> <span class='ocrx_word' id='word_1_87' title='bbox 1609 1113 1933 1191; x_wconf 84' lang='lat' dir='ltr'><strong>Campanis</strong></span> <span class='ocrx_word' id='word_1_88' title='bbox 1984 1117 2191 1177; x_wconf 88' lang='lat' dir='ltr'><strong>datum</strong></span> 
     </span>
     <span class='ocr_line' id='line_1_12' title="bbox 234 1193 2189 1271; baseline 0.001 -14"><span class='ocrx_word' id='word_1_89' title='bbox 234 1193 630 1267; x_wconf 71' lang='lat' dir='ltr'><strong>frumentui&#39;m</strong></span> <span class='ocrx_word' id='word_1_90' title='bbox 675 1195 800 1257; x_wconf 90' lang='lat' dir='ltr'><strong>duo</strong></span> <span class='ocrx_word' id='word_1_91' title='bbox 829 1195 994 1255; x_wconf 90' lang='lat' dir='ltr'><strong>milia</strong></span> <span class='ocrx_word' id='word_1_92' title='bbox 1021 1197 1432 1271; x_wconf 81' lang='lat' dir='ltr'><strong>plaustrorum</strong></span> <span class='ocrx_word' id='word_1_93' title='bbox 1473 1198 1844 1259; x_wconf 83' lang='lat' dir='ltr'><strong>inconditam</strong></span> <span class='ocrx_word' id='word_1_94' title='bbox 1873 1199 2189 1260; x_wconf 89' lang='lat' dir='ltr'><strong>inermem—</strong></span> 
     </span>
     <span class='ocr_line' id='line_1_13' title="bbox 231 1278 2190 1359; baseline 0.001 -17"><span class='ocrx_word' id='word_1_95' title='bbox 231 1296 356 1357; x_wconf 85' lang='lat' dir='ltr'><strong>que</strong></span> <span class='ocrx_word' id='word_1_96' title='bbox 384 1280 564 1341; x_wconf 88' lang='lat' dir='ltr'><strong>aliam</strong></span> <span class='ocrx_word' id='word_1_97' title='bbox 589 1278 827 1341; x_wconf 89' lang='lat' dir='ltr'><strong>turbam</strong></span> <span class='ocrx_word' id='word_1_98' title='bbox 856 1280 1217 1353; x_wconf 87' lang='lat' dir='ltr'><strong>advenisse;</strong></span> <span class='ocrx_word' id='word_1_99' title='bbox 1248 1296 1363 1356; x_wconf 88' lang='lat' dir='ltr'><strong>per</strong></span> <span class='ocrx_word' id='word_1_100' title='bbox 1390 1282 1706 1342; x_wconf 87' lang='lat' dir='ltr'><strong>tumultum</strong></span> <span class='ocrx_word' id='word_1_101' title='bbox 1738 1298 1811 1342; x_wconf 92' lang='lat' dir='ltr'><strong>ac</strong></span> <span class='ocrx_word' id='word_1_102' title='bbox 1840 1284 2190 1359; x_wconf 87' lang='lat' dir='ltr'><strong>trepidatio-</strong></span> 
     </span>
     <span class='ocr_line' id='line_1_14' title="bbox 231 1363 2189 1441; baseline 0.001 -15"><span class='ocrx_word' id='word_1_103' title='bbox 231 1380 374 1426; x_wconf 82' lang='lat' dir='ltr'><strong>nem</strong></span> <span class='ocrx_word' id='word_1_104' title='bbox 406 1363 610 1426; x_wconf 84' lang='lat' dir='ltr'><strong>omnia</strong></span> <span class='ocrx_word' id='word_1_105' title='bbox 641 1364 768 1439; x_wconf 85' lang='lat' dir='ltr'><strong>agi,</strong></span> <span class='ocrx_word' id='word_1_106' title='bbox 813 1370 1279 1441; x_wconf 87' lang='lat' dir='ltr'><strong>castrorumque</strong></span> <span class='ocrx_word' id='word_1_107' title='bbox 1308 1364 1564 1425; x_wconf 79' lang='lat' dir='ltr'><strong>formam</strong></span> <span class='ocrx_word' id='word_1_108' title='bbox 1593 1372 1653 1426; x_wconf 88' lang='lat' dir='ltr'><strong>ct</strong></span> <span class='ocrx_word' id='word_1_109' title='bbox 1678 1366 1997 1430; x_wconf 85' lang='lat' dir='ltr'><strong>militarem</strong></span> <span class='ocrx_word' id='word_1_110' title='bbox 2026 1367 2189 1428; x_wconf 90' lang='lat' dir='ltr'><strong>ordi·</strong></span> 
     </span>
     <span class='ocr_line' id='line_1_15' title="bbox 229 1447 2188 1523; baseline 0.002 -13"><span class='ocrx_word' id='word_1_111' title='bbox 229 1465 374 1510; x_wconf 88' lang='lat' dir='ltr'><strong>nem</strong></span> <span class='ocrx_word' id='word_1_112' title='bbox 401 1447 689 1509; x_wconf 88' lang='lat' dir='ltr'><strong>immixtis</strong></span> <span class='ocrx_word' id='word_1_113' title='bbox 729 1447 1074 1523; x_wconf 83' lang='lat' dir='ltr'><strong>agrestibus</strong></span> <span class='ocrx_word' id='word_1_114' title='bbox 1104 1448 1180 1509; x_wconf 92' lang='lat' dir='ltr'><strong>iis</strong></span> <span class='ocrx_word' id='word_1_115' title='bbox 1210 1464 1289 1509; x_wconf 93' lang='lat' dir='ltr'><strong>ex</strong></span> <span class='ocrx_word' id='word_1_116' title='bbox 1322 1450 1500 1509; x_wconf 89' lang='lat' dir='ltr'><strong>terris</strong></span> <span class='ocrx_word' id='word_1_117' title='bbox 1530 1450 1850 1513; x_wconf 86' lang='lat' dir='ltr'><strong>sublatum.</strong></span> <span class='ocrx_word' id='word_1_118' title='bbox 1913 1450 2009 1513; x_wconf 88' lang='lat' dir='ltr'><strong>his</strong></span> <span class='ocrx_word' id='word_1_119' title='bbox 2038 1454 2188 1513; x_wconf 84' lang='lat' dir='ltr'><strong>satis</strong></span> 
     </span>
     <span class='ocr_line' id='line_1_16' title="bbox 228 1531 2189 1613; baseline 0.002 -18"><span class='ocrx_word' id='word_1_120' title='bbox 228 1533 564 1609; x_wconf 80' lang='lat' dir='ltr'><strong>compertis</strong></span> <span class='ocrx_word' id='word_1_121' title='bbox 595 1532 810 1593; x_wconf 90' lang='lat' dir='ltr'><strong>consul</strong></span> <span class='ocrx_word' id='word_1_122' title='bbox 836 1531 1125 1593; x_wconf 81' lang='lat' dir='ltr'><strong>militibus</strong></span> <span class='ocrx_word' id='word_1_123' title='bbox 1169 1532 1380 1607; x_wconf 90' lang='lat' dir='ltr'><strong>edicit,</strong></span> <span class='ocrx_word' id='word_1_124' title='bbox 1426 1534 1602 1610; x_wconf 92' lang='lat' dir='ltr'><strong>signa</strong></span> <span class='ocrx_word' id='word_1_125' title='bbox 1629 1542 1858 1597; x_wconf 89' lang='lat' dir='ltr'><strong>tantum</strong></span> <span class='ocrx_word' id='word_1_126' title='bbox 1900 1552 2189 1613; x_wconf 88' lang='lat' dir='ltr'><strong>armaque</strong></span> 
     </span>
     <span class='ocr_line' id='line_1_17' title="bbox 227 1617 2189 1696; baseline 0.002 -19"><span class='ocrx_word' id='word_1_127' title='bbox 227 1618 294 1678; x_wconf 91' lang='lat' dir='ltr'><strong>in</strong></span> <span class='ocrx_word' id='word_1_128' title='bbox 334 1617 679 1693; x_wconf 83' lang='lat' dir='ltr'><strong>proximam</strong></span> <span class='ocrx_word' id='word_1_129' title='bbox 729 1623 973 1677; x_wconf 86' lang='lat' dir='ltr'><strong>noctem</strong></span> <span class='ocrx_word' id='word_1_130' title='bbox 1021 1617 1410 1692; x_wconf 85' lang='lat' dir='ltr'><strong>expedirent,</strong></span> <span class='ocrx_word' id='word_1_131' title='bbox 1478 1625 1680 1680; x_wconf 86' lang='lat' dir='ltr'><strong>castra</strong></span> <span class='ocrx_word' id='word_1_132' title='bbox 1718 1618 1943 1680; x_wconf 89' lang='lat' dir='ltr'><strong>Punica</strong></span> <span class='ocrx_word' id='word_1_133' title='bbox 1994 1636 2189 1696; x_wconf 90' lang='lat' dir='ltr'><strong>oppu-</strong></span> 
     </span>
     <span class='ocr_line' id='line_1_18' title="bbox 227 1700 2187 1778; baseline 0.001 -17"><span class='ocrx_word' id='word_1_134' title='bbox 227 1701 482 1778; x_wconf 82' lang='lat' dir='ltr'><strong>gnanda</strong></span> <span class='ocrx_word' id='word_1_135' title='bbox 509 1715 671 1761; x_wconf 86' lang='lat' dir='ltr'><strong>esse.</strong></span> <span class='ocrx_word' id='word_1_136' title='bbox 715 1707 931 1776; x_wconf 87' lang='lat' dir='ltr'><strong>quarta</strong></span> <span class='ocrx_word' id='word_1_137' title='bbox 957 1700 1164 1775; x_wconf 85' lang='lat' dir='ltr'><strong>vigilia</strong></span> <span class='ocrx_word' id='word_1_138' title='bbox 1193 1701 1451 1776; x_wconf 77' lang='lat' dir='ltr'><strong>profecti</strong></span> <span class='ocrx_word' id='word_1_139' title='bbox 1480 1702 1737 1762; x_wconf 85' lang='lat' dir='ltr'><strong>sarcinis</strong></span> <span class='ocrx_word' id='word_1_140' title='bbox 1769 1702 2049 1763; x_wconf 88' lang='lat' dir='ltr'><strong>omnibus</strong></span> <span class='ocrx_word' id='word_1_141' title='bbox 2080 1704 2187 1762; x_wconf 90' lang='lat' dir='ltr'><strong>im-</strong></span> 
     </span>
     <span class='ocr_line' id='line_1_19' title="bbox 227 1783 2185 1863; baseline 0.001 -17"><span class='ocrx_word' id='word_1_142' title='bbox 227 1784 721 1863; x_wconf 84' lang='lat' dir='ltr'><strong>pedimentisque</strong></span> <span class='ocrx_word' id='word_1_143' title='bbox 739 1784 1076 1844; x_wconf 91' lang='lat' dir='ltr'><strong>Beneventi</strong></span> <span class='ocrx_word' id='word_1_144' title='bbox 1095 1783 1321 1853; x_wconf 86' lang='lat' dir='ltr'><strong>relictis</strong></span> <span class='ocrx_word' id='word_1_145' title='bbox 1348 1786 1533 1860; x_wconf 85' lang='lat' dir='ltr'><strong>paulo</strong></span> <span class='ocrx_word' id='word_1_146' title='bbox 1563 1792 1703 1845; x_wconf 87' lang='lat' dir='ltr'><strong>ante</strong></span> <span class='ocrx_word' id='word_1_147' title='bbox 1724 1787 1923 1847; x_wconf 90' lang='lat' dir='ltr'><strong>lucem</strong></span> <span class='ocrx_word' id='word_1_148' title='bbox 1946 1802 2085 1847; x_wconf 89' lang='lat' dir='ltr'><strong>cum</strong></span> <span class='ocrx_word' id='word_1_149' title='bbox 2109 1788 2185 1847; x_wconf 91' lang='lat' dir='ltr'><strong>ad</strong></span> 
     </span>
     <span class='ocr_line' id='line_1_20' title="bbox 213 1868 2184 1945; baseline 0.001 -16"><span class='ocrx_word' id='word_1_150' title='bbox 213 1876 436 1929; x_wconf 69' lang='lat' dir='ltr'><strong>castra</strong></span> <span class='ocrx_word' id='word_1_151' title='bbox 477 1868 933 1945; x_wconf 87' lang='lat' dir='ltr'><strong>pervenissent,</strong></span> <span class='ocrx_word' id='word_1_152' title='bbox 975 1874 1204 1929; x_wconf 90' lang='lat' dir='ltr'><strong>tantum</strong></span> <span class='ocrx_word' id='word_1_153' title='bbox 1248 1869 1499 1943; x_wconf 89' lang='lat' dir='ltr'><strong>pavoris</strong></span> <span class='ocrx_word' id='word_1_154' title='bbox 1542 1869 1904 1944; x_wconf 87' lang='lat' dir='ltr'><strong>iniecerunt,</strong></span> <span class='ocrx_word' id='word_1_155' title='bbox 1951 1876 2015 1930; x_wconf 89' lang='lat' dir='ltr'><strong>ut</strong></span> <span class='ocrx_word' id='word_1_156' title='bbox 2042 1870 2096 1929; x_wconf 89' lang='lat' dir='ltr'><strong>si</strong></span> <span class='ocrx_word' id='word_1_157' title='bbox 2125 1872 2184 1931; x_wconf 91' lang='lat' dir='ltr'><strong>in</strong></span> 
     </span>
     <span class='ocr_line' id='line_1_21' title="bbox 226 1951 2187 2031; baseline 0.002 -20"><span class='ocrx_word' id='word_1_158' title='bbox 226 1954 418 2029; x_wconf 86' lang='lat' dir='ltr'><strong>plano</strong></span> <span class='ocrx_word' id='word_1_159' title='bbox 448 1958 651 2013; x_wconf 87' lang='lat' dir='ltr'><strong>castra</strong></span> <span class='ocrx_word' id='word_1_160' title='bbox 677 1952 882 2027; x_wconf 86' lang='lat' dir='ltr'><strong>posita</strong></span> <span class='ocrx_word' id='word_1_161' title='bbox 908 1958 1132 2027; x_wconf 90' lang='lat' dir='ltr'><strong>essent,</strong></span> <span class='ocrx_word' id='word_1_162' title='bbox 1163 1951 1334 2011; x_wconf 86' lang='lat' dir='ltr'><strong>haud</strong></span> <span class='ocrx_word' id='word_1_163' title='bbox 1363 1952 1547 2013; x_wconf 85' lang='lat' dir='ltr'><strong>dubie</strong></span> <span class='ocrx_word' id='word_1_164' title='bbox 1573 1952 1770 2029; x_wconf 88' lang='lat' dir='ltr'><strong>primo</strong></span> <span class='ocrx_word' id='word_1_165' title='bbox 1799 1954 2027 2029; x_wconf 89' lang='lat' dir='ltr'><strong>impetu</strong></span> <span class='ocrx_word' id='word_1_166' title='bbox 2049 1955 2187 2031; x_wconf 89' lang='lat' dir='ltr'><strong>capi</strong></span> 
     </span>
     <span class='ocr_line' id='line_1_22' title="bbox 225 2035 2189 2114; baseline 0.001 -16"><span class='ocrx_word' id='word_1_167' title='bbox 225 2036 558 2113; x_wconf 88' lang='lat' dir='ltr'><strong>potuerint.</strong></span> <span class='ocrx_word' id='word_1_168' title='bbox 639 2035 892 2097; x_wconf 85' lang='lat' dir='ltr'><strong>altitudo</strong></span> <span class='ocrx_word' id='word_1_169' title='bbox 933 2035 1054 2099; x_wconf 91' lang='lat' dir='ltr'><strong>loci</strong></span> <span class='ocrx_word' id='word_1_170' title='bbox 1096 2042 1156 2096; x_wconf 87' lang='lat' dir='ltr'><strong>et</strong></span> <span class='ocrx_word' id='word_1_171' title='bbox 1193 2036 1565 2096; x_wconf 88' lang='lat' dir='ltr'><strong>munimenta</strong></span> <span class='ocrx_word' id='word_1_172' title='bbox 1607 2036 1938 2098; x_wconf 87' lang='lat' dir='ltr'><strong>defendere</strong></span> <span class='ocrx_word' id='word_1_173' title='bbox 1953 2084 1968 2111; x_wconf 94' lang='lat'><strong>,</strong></span> <span class='ocrx_word' id='word_1_174' title='bbox 2028 2054 2189 2114; x_wconf 87' lang='lat' dir='ltr'><strong>quae</strong></span> 
     </span>
     <span class='ocr_line' id='line_1_23' title="bbox 223 2119 2185 2198; baseline 0.001 -17"><span class='ocrx_word' id='word_1_175' title='bbox 223 2122 399 2181; x_wconf 85' lang='lat' dir='ltr'><strong>nulla</strong></span> <span class='ocrx_word' id='word_1_176' title='bbox 435 2135 515 2179; x_wconf 88' lang='lat' dir='ltr'><strong>ex</strong></span> <span class='ocrx_word' id='word_1_177' title='bbox 542 2126 716 2195; x_wconf 86' lang='lat' dir='ltr'><strong>parte</strong></span> <span class='ocrx_word' id='word_1_178' title='bbox 758 2119 912 2181; x_wconf 87' lang='lat' dir='ltr'><strong>adiri</strong></span> <span class='ocrx_word' id='word_1_179' title='bbox 942 2119 1062 2180; x_wconf 86' lang='lat' dir='ltr'><strong>nisi</strong></span> <span class='ocrx_word' id='word_1_180' title='bbox 1104 2119 1297 2181; x_wconf 91' lang='lat' dir='ltr'><strong>arduo</strong></span> <span class='ocrx_word' id='word_1_181' title='bbox 1328 2136 1401 2180; x_wconf 91' lang='lat' dir='ltr'><strong>ac</strong></span> <span class='ocrx_word' id='word_1_182' title='bbox 1444 2120 1675 2181; x_wconf 84' lang='lat' dir='ltr'><strong>difficili</strong></span> <span class='ocrx_word' id='word_1_183' title='bbox 1718 2137 1985 2182; x_wconf 88' lang='lat' dir='ltr'><strong>ascensu</strong></span> <span class='ocrx_word' id='word_1_184' title='bbox 2014 2128 2185 2198; x_wconf 86' lang='lat' dir='ltr'><strong>pote-</strong></span> 
     </span>
     <span class='ocr_line' id='line_1_24' title="bbox 223 2203 2187 2280; baseline 0 -15"><span class='ocrx_word' id='word_1_185' title='bbox 223 2210 384 2265; x_wconf 86' lang='lat' dir='ltr'><strong>rant.</strong></span> <span class='ocrx_word' id='word_1_186' title='bbox 433 2205 570 2264; x_wconf 89' lang='lat' dir='ltr'><strong>luce</strong></span> <span class='ocrx_word' id='word_1_187' title='bbox 596 2203 791 2280; x_wconf 90' lang='lat' dir='ltr'><strong>prima</strong></span> <span class='ocrx_word' id='word_1_188' title='bbox 819 2203 1118 2279; x_wconf 88' lang='lat' dir='ltr'><strong>proelium</strong></span> <span class='ocrx_word' id='word_1_189' title='bbox 1147 2204 1364 2278; x_wconf 88' lang='lat' dir='ltr'><strong>ingens</strong></span> <span class='ocrx_word' id='word_1_190' title='bbox 1393 2220 1721 2265; x_wconf 87' lang='lat' dir='ltr'><strong>accensum</strong></span> <span class='ocrx_word' id='word_1_191' title='bbox 1750 2211 1860 2265; x_wconf 88' lang='lat' dir='ltr'><strong>est.</strong></span> <span class='ocrx_word' id='word_1_192' title='bbox 1917 2220 2032 2265; x_wconf 93' lang='lat' dir='ltr'><strong>nec</strong></span> <span class='ocrx_word' id='word_1_193' title='bbox 2058 2206 2187 2266; x_wconf 88' lang='lat' dir='ltr'><strong>val—</strong></span> 
     </span>
     <span class='ocr_line' id='line_1_25' title="bbox 223 2286 2189 2364; baseline 0.001 -17"><span class='ocrx_word' id='word_1_194' title='bbox 223 2288 354 2349; x_wconf 84' lang='lat' dir='ltr'><strong>lum</strong></span> <span class='ocrx_word' id='word_1_195' title='bbox 397 2289 584 2348; x_wconf 89' lang='lat' dir='ltr'><strong>modo</strong></span> <span class='ocrx_word' id='word_1_196' title='bbox 625 2293 892 2349; x_wconf 89' lang='lat' dir='ltr'><strong>tutantur</strong></span> <span class='ocrx_word' id='word_1_197' title='bbox 928 2286 1147 2361; x_wconf 90' lang='lat' dir='ltr'><strong>Poeni,</strong></span> <span class='ocrx_word' id='word_1_198' title='bbox 1193 2287 1309 2348; x_wconf 90' lang='lat' dir='ltr'><strong>sed</strong></span> <span class='ocrx_word' id='word_1_199' title='bbox 1348 2292 1415 2347; x_wconf 88' lang='lat' dir='ltr'><strong>ut</strong></span> <span class='ocrx_word' id='word_1_200' title='bbox 1455 2287 1674 2363; x_wconf 90' lang='lat' dir='ltr'><strong>quibus</strong></span> <span class='ocrx_word' id='word_1_201' title='bbox 1716 2287 1891 2349; x_wconf 91' lang='lat' dir='ltr'><strong>locus</strong></span> <span class='ocrx_word' id='word_1_202' title='bbox 1934 2291 2189 2364; x_wconf 85' lang='lat' dir='ltr'><strong>aequior</strong></span> 
     </span>
     <span class='ocr_line' id='line_1_26' title="bbox 223 2370 2190 2447; baseline 0.001 -15"><span class='ocrx_word' id='word_1_203' title='bbox 223 2378 430 2447; x_wconf 80' lang='lat' dir='ltr'><strong>esset,</strong></span> <span class='ocrx_word' id='word_1_204' title='bbox 470 2371 792 2432; x_wconf 86' lang='lat' dir='ltr'><strong>deturbant</strong></span> <span class='ocrx_word' id='word_1_205' title='bbox 833 2370 1093 2431; x_wconf 89' lang='lat' dir='ltr'><strong>nitentes</strong></span> <span class='ocrx_word' id='word_1_206' title='bbox 1133 2386 1248 2446; x_wconf 91' lang='lat' dir='ltr'><strong>per</strong></span> <span class='ocrx_word' id='word_1_207' title='bbox 1285 2371 1480 2432; x_wconf 84' lang='lat' dir='ltr'><strong>ardua</strong></span> <span class='ocrx_word' id='word_1_208' title='bbox 1511 2372 1747 2433; x_wconf 88' lang='lat' dir='ltr'><strong>hostes.</strong></span> <span class='ocrx_word' id='word_1_209' title='bbox 1804 2372 1963 2431; x_wconf 92' lang='lat' dir='ltr'><strong>XIV.</strong></span> <span class='ocrx_word' id='word_1_210' title='bbox 2002 2373 2190 2434; x_wconf 86' lang='lat' dir='ltr'><strong>vincit</strong></span> 
     </span>
     <span class='ocr_line' id='line_1_27' title="bbox 221 2454 2187 2532; baseline -0.001 -15"><span class='ocrx_word' id='word_1_211' title='bbox 221 2463 434 2517; x_wconf 82' lang='lat' dir='ltr'><strong>tamen</strong></span> <span class='ocrx_word' id='word_1_212' title='bbox 464 2454 668 2516; x_wconf 89' lang='lat' dir='ltr'><strong>omnia</strong></span> <span class='ocrx_word' id='word_1_213' title='bbox 695 2454 976 2532; x_wconf 86' lang='lat' dir='ltr'><strong>pertinax</strong></span> <span class='ocrx_word' id='word_1_214' title='bbox 1003 2454 1214 2527; x_wconf 82' lang='lat' dir='ltr'><strong>virtuS,</strong></span> <span class='ocrx_word' id='word_1_215' title='bbox 1249 2461 1310 2513; x_wconf 89' lang='lat' dir='ltr'><strong>et</strong></span> <span class='ocrx_word' id='word_1_216' title='bbox 1338 2454 1571 2530; x_wconf 87' lang='lat' dir='ltr'><strong>aliquot</strong></span> <span class='ocrx_word' id='word_1_217' title='bbox 1597 2456 1775 2515; x_wconf 89' lang='lat' dir='ltr'><strong>simul</strong></span> <span class='ocrx_word' id='word_1_218' title='bbox 1804 2454 2077 2531; x_wconf 86' lang='lat' dir='ltr'><strong>partibus</strong></span> <span class='ocrx_word' id='word_1_219' title='bbox 2107 2457 2187 2515; x_wconf 90' lang='lat' dir='ltr'><strong>ad</strong></span> 
     </span>
     <span class='ocr_line' id='line_1_28' title="bbox 224 2537 2187 2615; baseline 0 -16"><span class='ocrx_word' id='word_1_220' title='bbox 224 2540 460 2600; x_wconf 85' lang='lat' dir='ltr'><strong>vallum</strong></span> <span class='ocrx_word' id='word_1_221' title='bbox 489 2554 563 2599; x_wconf 90' lang='lat' dir='ltr'><strong>ac</strong></span> <span class='ocrx_word' id='word_1_222' title='bbox 593 2539 799 2600; x_wconf 79' lang='lat' dir='ltr'><strong>fossas</strong></span> <span class='ocrx_word' id='word_1_223' title='bbox 830 2544 1190 2615; x_wconf 86' lang='lat' dir='ltr'><strong>perventum</strong></span> <span class='ocrx_word' id='word_1_224' title='bbox 1219 2544 1335 2613; x_wconf 91' lang='lat' dir='ltr'><strong>est,</strong></span> <span class='ocrx_word' id='word_1_225' title='bbox 1381 2538 1496 2599; x_wconf 90' lang='lat' dir='ltr'><strong>sed</strong></span> <span class='ocrx_word' id='word_1_226' title='bbox 1524 2553 1661 2599; x_wconf 90' lang='lat' dir='ltr'><strong>cum</strong></span> <span class='ocrx_word' id='word_1_227' title='bbox 1687 2537 1893 2599; x_wconf 88' lang='lat' dir='ltr'><strong>multis</strong></span> <span class='ocrx_word' id='word_1_228' title='bbox 1922 2538 2187 2599; x_wconf 84' lang='lat' dir='ltr'><strong>vulneri-</strong></span> 
     </span>
     <span class='ocr_line' id='line_1_29' title="bbox 219 2621 2185 2699; baseline 0.001 -15"><span class='ocrx_word' id='word_1_229' title='bbox 219 2624 346 2685; x_wconf 88' lang='lat' dir='ltr'><strong>bus</strong></span> <span class='ocrx_word' id='word_1_230' title='bbox 375 2638 452 2684; x_wconf 91' lang='lat' dir='ltr'><strong>ac</strong></span> <span class='ocrx_word' id='word_1_231' title='bbox 479 2623 731 2684; x_wconf 85' lang='lat' dir='ltr'><strong>militum</strong></span> <span class='ocrx_word' id='word_1_232' title='bbox 761 2622 1050 2699; x_wconf 84' lang='lat' dir='ltr'><strong>pernicie.</strong></span> <span class='ocrx_word' id='word_1_233' title='bbox 1121 2622 1330 2697; x_wconf 88' lang='lat' dir='ltr'><strong>itaque</strong></span> <span class='ocrx_word' id='word_1_234' title='bbox 1362 2621 1717 2683; x_wconf 82' lang='lat' dir='ltr'><strong>convocatis</strong></span> <span class='ocrx_word' id='word_1_235' title='bbox 1753 2621 1969 2698; x_wconf 87' lang='lat' dir='ltr'><strong>legatis</strong></span> <span class='ocrx_word' id='word_1_236' title='bbox 1997 2621 2185 2685; x_wconf 89' lang='lat' dir='ltr'><strong>tribu·</strong></span> 
     </span>
     <span class='ocr_line' id='line_1_30' title="bbox 219 2704 2185 2784; baseline -0.003 -16"><span class='ocrx_word' id='word_1_237' title='bbox 219 2707 454 2784; x_wconf 88' lang='lat' dir='ltr'><strong>nisque</strong></span> <span class='ocrx_word' id='word_1_238' title='bbox 481 2707 730 2768; x_wconf 86' lang='lat' dir='ltr'><strong>militum</strong></span> <span class='ocrx_word' id='word_1_239' title='bbox 754 2707 969 2769; x_wconf 88' lang='lat' dir='ltr'><strong>consul</strong></span> <span class='ocrx_word' id='word_1_240' title='bbox 997 2704 1419 2767; x_wconf 88' lang='lat' dir='ltr'><strong>absistendum</strong></span> <span class='ocrx_word' id='word_1_241' title='bbox 1448 2705 1767 2766; x_wconf 86' lang='lat' dir='ltr'><strong>temerario</strong></span> <span class='ocrx_word' id='word_1_242' title='bbox 1799 2704 2043 2782; x_wconf 86' lang='lat' dir='ltr'><strong>incepto</strong></span> <span class='ocrx_word' id='word_1_243' title='bbox 2074 2708 2185 2767; x_wconf 82' lang='lat' dir='ltr'><strong>ait=</strong></span> 
     </span>
     <span class='ocr_line' id='line_1_31' title="bbox 219 2788 2184 2867; baseline -0.002 -15"><span class='ocrx_word' id='word_1_244' title='bbox 219 2793 415 2853; x_wconf 87' lang='lat' dir='ltr'><strong>tutius</strong></span> <span class='ocrx_word' id='word_1_245' title='bbox 461 2790 578 2852; x_wconf 88' lang='lat' dir='ltr'><strong>sibi</strong></span> <span class='ocrx_word' id='word_1_246' title='bbox 615 2790 814 2852; x_wconf 84' lang='lat' dir='ltr'><strong>videri</strong></span> <span class='ocrx_word' id='word_1_247' title='bbox 855 2790 1065 2850; x_wconf 90' lang='lat' dir='ltr'><strong>reduci</strong></span> <span class='ocrx_word' id='word_1_248' title='bbox 1107 2805 1182 2850; x_wconf 90' lang='lat' dir='ltr'><strong>eo</strong></span> <span class='ocrx_word' id='word_1_249' title='bbox 1226 2788 1330 2848; x_wconf 90' lang='lat' dir='ltr'><strong>die</strong></span> <span class='ocrx_word' id='word_1_250' title='bbox 1377 2788 1711 2850; x_wconf 88' lang='lat' dir='ltr'><strong>exercitum</strong></span> <span class='ocrx_word' id='word_1_251' title='bbox 1750 2789 2184 2867; x_wconf 86' lang='lat' dir='ltr'><strong>Beneventum,</strong></span> 
     </span>
     <span class='ocr_line' id='line_1_32' title="bbox 221 2872 2190 2951; baseline -0.001 -14"><span class='ocrx_word' id='word_1_252' title='bbox 221 2876 372 2937; x_wconf 87' lang='lat' dir='ltr'><strong>dein</strong></span> <span class='ocrx_word' id='word_1_253' title='bbox 405 2880 656 2951; x_wconf 84' lang='lat' dir='ltr'><strong>postero</strong></span> <span class='ocrx_word' id='word_1_254' title='bbox 687 2881 890 2935; x_wconf 86' lang='lat' dir='ltr'><strong>castra</strong></span> <span class='ocrx_word' id='word_1_255' title='bbox 918 2873 1135 2934; x_wconf 90' lang='lat' dir='ltr'><strong>castris</strong></span> <span class='ocrx_word' id='word_1_256' title='bbox 1164 2872 1433 2933; x_wconf 88' lang='lat' dir='ltr'><strong>hostium</strong></span> <span class='ocrx_word' id='word_1_257' title='bbox 1473 2872 1669 2949; x_wconf 88' lang='lat' dir='ltr'><strong>iungi,</strong></span> <span class='ocrx_word' id='word_1_258' title='bbox 1716 2889 1793 2933; x_wconf 90' lang='lat' dir='ltr'><strong>ne</strong></span> <span class='ocrx_word' id='word_1_259' title='bbox 1836 2873 2005 2935; x_wconf 90' lang='lat' dir='ltr'><strong>exire</strong></span> <span class='ocrx_word' id='word_1_260' title='bbox 2043 2873 2190 2935; x_wconf 90' lang='lat' dir='ltr'><strong>inde</strong></span> 
     </span>
     <span class='ocr_line' id='line_1_33' title="bbox 221 2956 2187 3035; baseline -0.001 -16"><span class='ocrx_word' id='word_1_261' title='bbox 221 2958 522 3035; x_wconf 86' lang='lat' dir='ltr'><strong>Campani</strong></span> <span class='ocrx_word' id='word_1_262' title='bbox 550 2974 708 3018; x_wconf 84' lang='lat' dir='ltr'><strong>neve</strong></span> <span class='ocrx_word' id='word_1_263' title='bbox 737 2958 955 3018; x_wconf 91' lang='lat' dir='ltr'><strong>Hanno</strong></span> <span class='ocrx_word' id='word_1_264' title='bbox 983 2956 1226 3033; x_wconf 82' lang='lat' dir='ltr'><strong>regredi</strong></span> <span class='ocrx_word' id='word_1_265' title='bbox 1274 2963 1521 3033; x_wconf 85' lang='lat' dir='ltr'><strong>posset=</strong></span> <span class='ocrx_word' id='word_1_266' title='bbox 1560 2956 1627 3017; x_wconf 92' lang='lat' dir='ltr'><strong>id</strong></span> <span class='ocrx_word' id='word_1_267' title='bbox 1657 2972 1779 3033; x_wconf 91' lang='lat' dir='ltr'><strong>quo</strong></span> <span class='ocrx_word' id='word_1_268' title='bbox 1810 2958 2049 3019; x_wconf 80' lang='lat' dir='ltr'><strong>facilius</strong></span> <span class='ocrx_word' id='word_1_269' title='bbox 2078 2958 2187 3020; x_wconf 75' lang='lat' dir='ltr'><strong>ob·</strong></span> 
     </span>
     <span class='ocr_line' id='line_1_34' title="bbox 219 3040 2185 3118; baseline -0.002 -14"><span class='ocrx_word' id='word_1_270' title='bbox 219 3043 506 3116; x_wconf 86' lang='lat' dir='ltr'><strong>tineatur,</strong></span> <span class='ocrx_word' id='word_1_271' title='bbox 536 3043 832 3118; x_wconf 78' lang='lat' dir='ltr'><strong>collegam</strong></span> <span class='ocrx_word' id='word_1_272' title='bbox 856 3057 1103 3118; x_wconf 91' lang='lat' dir='ltr'><strong>quoque</strong></span> <span class='ocrx_word' id='word_1_273' title='bbox 1131 3046 1193 3101; x_wconf 94' lang='lat' dir='ltr'><strong>et</strong></span> <span class='ocrx_word' id='word_1_274' title='bbox 1220 3040 1553 3101; x_wconf 88' lang='lat' dir='ltr'><strong>exercitum</strong></span> <span class='ocrx_word' id='word_1_275' title='bbox 1578 3040 1713 3101; x_wconf 89' lang='lat' dir='ltr'><strong>eius</strong></span> <span class='ocrx_word' id='word_1_276' title='bbox 1738 3057 1809 3102; x_wconf 82' lang='lat' dir='ltr'><strong>se</strong></span> <span class='ocrx_word' id='word_1_277' title='bbox 1838 3042 2185 3115; x_wconf 87' lang='lat' dir='ltr'><strong>acciturum,</strong></span> 
     </span>
     <span class='ocr_line' id='line_1_35' title="bbox 217 3123 2187 3202; baseline -0.003 -13"><span class='ocrx_word' id='word_1_278' title='bbox 217 3132 544 3202; x_wconf 87' lang='lat' dir='ltr'><strong>totumque</strong></span> <span class='ocrx_word' id='word_1_279' title='bbox 572 3140 648 3187; x_wconf 87' lang='lat' dir='ltr'><strong>eo</strong></span> <span class='ocrx_word' id='word_1_280' title='bbox 675 3141 971 3187; x_wconf 87' lang='lat' dir='ltr'><strong>versuros</strong></span> <span class='ocrx_word' id='word_1_281' title='bbox 999 3124 1242 3185; x_wconf 89' lang='lat' dir='ltr'><strong>bellum.</strong></span> <span class='ocrx_word' id='word_1_282' title='bbox 1308 3124 1462 3185; x_wconf 83' lang='lat' dir='ltr'><strong>haec</strong></span> <span class='ocrx_word' id='word_1_283' title='bbox 1502 3123 1759 3186; x_wconf 88' lang='lat' dir='ltr'><strong>consilia</strong></span> <span class='ocrx_word' id='word_1_284' title='bbox 1798 3123 2004 3199; x_wconf 78' lang='lat' dir='ltr'><strong>duciS,</strong></span> <span class='ocrx_word' id='word_1_285' title='bbox 2050 3139 2187 3184; x_wconf 89' lang='lat' dir='ltr'><strong>cum</strong></span> 
     </span>
     <span class='ocr_line' id='line_1_36' title="bbox 217 3205 2187 3285; baseline -0.002 -14"><span class='ocrx_word' id='word_1_286' title='bbox 217 3210 347 3271; x_wconf 84' lang='lat' dir='ltr'><strong>iam</strong></span> <span class='ocrx_word' id='word_1_287' title='bbox 387 3209 662 3285; x_wconf 87' lang='lat' dir='ltr'><strong>receptui</strong></span> <span class='ocrx_word' id='word_1_288' title='bbox 704 3216 980 3285; x_wconf 88' lang='lat' dir='ltr'><strong>caneret,</strong></span> <span class='ocrx_word' id='word_1_289' title='bbox 1023 3210 1252 3270; x_wconf 83' lang='lat' dir='ltr'><strong>clamor</strong></span> <span class='ocrx_word' id='word_1_290' title='bbox 1279 3206 1530 3269; x_wconf 90' lang='lat' dir='ltr'><strong>militum</strong></span> <span class='ocrx_word' id='word_1_291' title='bbox 1569 3205 2022 3285; x_wconf 86' lang='lat' dir='ltr'><strong>aspernantium</strong></span> <span class='ocrx_word' id='word_1_292' title='bbox 2063 3213 2187 3267; x_wconf 90' lang='lat' dir='ltr'><strong>tam</strong></span> 
     </span>
     <span class='ocr_line' id='line_1_37' title="bbox 219 3290 2189 3370; baseline -0.002 -14"><span class='ocrx_word' id='word_1_293' title='bbox 219 3310 422 3369; x_wconf 81' lang='lat' dir='ltr'><strong>segne</strong></span> <span class='ocrx_word' id='word_1_294' title='bbox 463 3293 782 3370; x_wconf 89' lang='lat' dir='ltr'><strong>imperium</strong></span> <span class='ocrx_word' id='word_1_295' title='bbox 826 3292 1085 3355; x_wconf 79' lang='lat' dir='ltr'><strong>disiecit.</strong></span> <span class='ocrx_word' id='word_1_296' title='bbox 1160 3290 1441 3366; x_wconf 87' lang='lat' dir='ltr'><strong>proxime</strong></span> <span class='ocrx_word' id='word_1_297' title='bbox 1483 3297 1721 3367; x_wconf 83' lang='lat' dir='ltr'><strong>portam</strong></span> <span class='ocrx_word' id='word_1_298' title='bbox 1747 3291 2015 3353; x_wconf 87' lang='lat' dir='ltr'><strong>hostium</strong></span> <span class='ocrx_word' id='word_1_299' title='bbox 2055 3296 2189 3353; x_wconf 83' lang='lat' dir='ltr'><strong>erat</strong></span> 
     </span>
     <span class='ocr_line' id='line_1_38' title="bbox 215 3374 2183 3454; baseline -0.003 -15"><span class='ocrx_word' id='word_1_300' title='bbox 215 3378 455 3439; x_wconf 86' lang='lat' dir='ltr'><strong>cohors</strong></span> <span class='ocrx_word' id='word_1_301' title='bbox 469 3376 737 3454; x_wconf 86' lang='lat' dir='ltr'><strong>Peligna,</strong></span> <span class='ocrx_word' id='word_1_302' title='bbox 767 3378 940 3439; x_wconf 90' lang='lat' dir='ltr'><strong>euius</strong></span> <span class='ocrx_word' id='word_1_303' title='bbox 969 3375 1316 3454; x_wconf 80' lang='lat' dir='ltr'><strong>praefectus</strong></span> <span class='ocrx_word' id='word_1_304' title='bbox 1330 3374 1549 3436; x_wconf 90' lang='lat' dir='ltr'><strong>Vibius</strong></span> <span class='ocrx_word' id='word_1_305' title='bbox 1571 3374 1853 3435; x_wconf 86' lang='lat' dir='ltr'><strong>Accaeus</strong></span> <span class='ocrx_word' id='word_1_306' title='bbox 1881 3382 2183 3451; x_wconf 87' lang='lat' dir='ltr'><strong>arreptum</strong></span> 
     </span>
    </p>
   </div>
   <div class='ocr_carea' id='block_1_3' title="bbox 215 3456 2184 3601">
    <p class='ocr_par' dir='ltr' id='par_1_3' title="bbox 215 3456 2184 3601">
     <span class='ocr_line' id='line_1_39' title="bbox 215 3456 2184 3577; baseline -0.003 -55"><span class='ocrx_word' id='word_1_307' title='bbox 215 3460 515 3525; x_wconf 84' lang='lat' dir='ltr'><strong>vexillum</strong></span> <span class='ocrx_word' id='word_1_308' title='bbox 555 3468 726 3523; x_wconf 86' lang='lat' dir='ltr'><strong>trans</strong></span> <span class='ocrx_word' id='word_1_309' title='bbox 767 3463 995 3543; x_wconf 70' lang='lat' dir='ltr'><strong>vallum</strong></span> <span class='ocrx_word' id='word_1_310' title='bbox 1033 3458 1300 3523; x_wconf 83' lang='lat' dir='ltr'><strong>hostiurn</strong></span> <span class='ocrx_word' id='word_1_311' title='bbox 1326 3456 1577 3520; x_wconf 87' lang='lat' dir='ltr'><strong>traiecit.</strong></span> <span class='ocrx_word' id='word_1_312' title='bbox 1644 3464 2006 3577; x_wconf 48' lang='lat' dir='ltr'><strong>exsecratus</strong></span> <span class='ocrx_word' id='word_1_313' title='bbox 2042 3456 2184 3517; x_wconf 87' lang='lat' dir='ltr'><strong>inde</strong></span> 
     </span>
     <span class='ocr_line' id='line_1_40' title="bbox 1700 3550 1733 3601; baseline 0 0"><span class='ocrx_word' id='word_1_314' title='bbox 1700 3550 1733 3601; x_wconf 82' lang='lat'>5</span> 
     </span>
    </p>
   </div>
  </div>
 </body>
</html>
