2550 3959
362 213 497 279 336
688 215 919 277 LIBER
944 214 1133 275 XXX·
1172 213 1338 275 CAP.
1369 222 1563 277 14.15.
1611 220 1685 288 [a.
1716 220 1786 271 11.
1817 238 1864 273 c.
1893 221 2021 288 549]

365 384 529 444 quas
558 365 665 427 tibi
696 366 1081 441 appetendus
1112 365 1286 425 visus
1313 365 1447 440 sim,
1479 382 1604 440 qua
1631 380 1746 441 ego
1781 380 1977 441 aeque
1997 383 2072 428 ac
2094 378 2328 445 tempe-

366 453 565 513 rantia
594 457 657 510 et
682 449 1057 511 continentia
1095 449 1412 509 libidinum
1453 448 1746 523 gloriatus
1777 449 2013 512 fuerim.
2077 450 2240 513 hanc
2268 461 2329 514 te

364 550 619 611 quoque
646 532 729 595 ad
761 541 997 593 ceteras
1026 540 1163 593 tuas
1194 533 1452 593 eximias
1488 533 1769 609 virtuteS,
1811 534 2174 608 Masinissa,
2219 537 2326 597 ad·

362 620 592 679 iecisse
630 619 831 679 velim.
904 633 1027 677 non
1058 622 1182 690 est,
1224 633 1349 677 non
1377 650 1463 661 --
1491 617 1633 677 mihi
1665 618 1850 677 crede
1875 650 1963 665 --·
1987 624 2220 679 tantum
2249 620 2328 679 ab

362 703 649 764 hostibus
690 700 941 761 armatis
981 702 1197 761 aetatis
1228 707 1478 761 nostrae
1507 702 1879 777 periculum,
1925 710 2220 776 quantum
2247 703 2328 765 ab

366 787 754 849 circumfusis
804 785 1077 860 undique
1124 784 1560 861 voluptatibus.
1635 786 1739 861 qui
1777 802 1886 845 eas
1929 786 2328 863 temperantia

364 886 479 931 sua
522 871 781 931 frenavit
818 884 893 927 ac
922 868 1183 941 domuit,
1229 870 1420 929 multo
1463 869 1658 929 maius
1689 870 1880 931 decus
1911 870 2330 946 maioremque

362 955 680 1016 victoriam
708 952 825 1013 sibi
856 952 1113 1027 peperit,
1148 970 1331 1028 quam
1367 970 1482 1015 nos
1509 952 1798 1030 Syphace
1819 954 1982 1015 victo
2005 954 2326 1017 habemus.

362 1053 527 1113 quae
572 1052 671 1097 me
711 1038 967 1097 absente
1014 1042 1263 1099 strenue
1307 1053 1381 1099 ac
1419 1038 1653 1097 fortiter
1692 1037 1921 1111 fecisti,
1967 1038 2229 1099 libenter
2267 1046 2330 1099 et

360 1120 839 1183 commemoravi
868 1128 928 1180 et
955 1121 1230 1181 memini=
1274 1129 1478 1182 cetera
1509 1132 1564 1182 te
1594 1122 1796 1196 ipsum
1819 1129 2108 1197 reputare
2125 1130 2328 1183 tecum

363 1222 549 1281 quam
593 1221 692 1267 me
733 1205 975 1265 dicente
1016 1205 1384 1267 erubescere
1413 1207 1594 1265 malo.
1669 1206 1928 1283 Syphax
1955 1208 2319 1282 1189111130-

360 1291 525 1353 mani
555 1290 847 1365 auspiciis
876 1290 1073 1350 victus
1098 1297 1446 1365 captusque
1470 1298 1582 1351 est.
1625 1291 1830 1365 itaque
1849 1290 2006 1367 ipse,
2039 1292 2328 1365 coniunx,

359 1390 612 1449 regnum
631 1419 646 1448 ‚
677 1388 824 1448 ager
854 1378 914 1433 et
945 1374 1205 1448 oppida,
1235 1374 1515 1435 homines
1549 1375 1652 1449 qui
1683 1375 1984 1447 incolunt,
2023 1376 2327 1450 quidquid

360 1459 629 1533 denique
660 1457 969 1535 Syphacis
1002 1458 1136 1530 fuit,
1183 1459 1416 1532 praeda
1446 1459 1659 1533 populi
1685 1458 1945 1519 Romani
1975 1467 2100 1531 est,
2143 1466 2204 1519 et
2229 1476 2327 1518 re-

359 1557 499 1615 gem
528 1542 978 1615 coniugemque
1006 1541 1159 1613 81113,
1202 1542 1439 1603 etiamsi
1471 1558 1591 1604 non
1625 1542 1776 1601 civis
1807 1541 2327 1617 Carthaginiensis

360 1631 547 1699 esset,
580 1625 816 1685 etiamsi
846 1641 970 1685 11011
994 1629 1227 1700 patrem
1254 1626 1388 1686 eius
1411 1625 1842 1701 imperatorem
1863 1626 2131 1688 hostium
2155 1628 2326 1686 vide-

358 1726 585 1783 remus,
616 1710 877 1775 Romam
906 1716 1219 1782 oporteret
1245 1709 1414 1783 mitti,
1447 1726 1522 1771 ac
1551 1717 1804 1771 senatus
1835 1711 2174 1786 populique
2201 1712 2325 1771 Ro-

358 1794 523 1853 mani
562 1793 642 1852 de
683 1808 757 1851 ea
798 1794 1089 1853 iudicium
1128 1799 1314 1867 atque
1355 1794 1666 1855 arbitrium
1709 1809 1882 1868 esse,
1928 1809 2088 1870 quae
2115 1810 2325 1869 regem

360 1877 597 1937 socium
640 1876 821 1937 1101113
852 1876 1159 1937 alienasse
1190 1886 1374 1953 atque
1403 1878 1462 1937 in
1495 1894 1663 1939 arma
1693 1877 1899 1952 egisse
1928 1879 2326 1954 praecipitem

358 1960 613 2021 dicatur.
680 1960 863 2021 vince
904 1961 1202 2032 animum;
1260 1976 1412 2023 cave
1441 1963 1752 2023 deformes
1793 1964 1980 2023 multa
2007 1964 2174 2025 bona
2200 1979 2328 2024 uno

357 2044 524 2118 viti0,
552 2051 613 2106 et
639 2051 731 2105 tot
756 2044 1108 2107 meritorum
1136 2045 1393 2118 gratiam
1423 2046 1654 2105 maiore
1685 2047 1886 2119 culpa,
1919 2062 2101 2121 quam
2135 2062 2330 2107 causa

357 2128 579 2201 culpae
620 2132 746 2202 est,
788 2132 1210 2201 corrumpas“.
1283 2128 1417 2189 XV.
1461 2128 1830 2190 Masinissae
1871 2131 2028 2191 haec
2053 2130 2328 2192 audienti

357 2228 480 2272 non
530 2211 723 2273 rubor
762 2214 961 2275 solum
1006 2209 1286 2279 suffusus
1328 2213 1442 2273 sed
1484 2213 1772 2275 lacrimae
1812 2213 1992 2273 etiam
2035 2215 2328 2285 obortae3

358 2304 421 2359 et
448 2314 586 2359 cum
618 2314 690 2357 se
722 2296 969 2373 quidem
999 2297 1056 2355 in
1088 2303 1396 2371 potestate
1424 2298 1688 2357 futurum
1717 2297 2100 2372 imperatoris
2133 2298 2326 2359 dixis-

356 2388 480 2456 set,
526 2390 889 2457 orassetque
933 2397 1071 2441 eum
1101 2387 1199 2455 ut,
1242 2388 1532 2456 quantum
1561 2398 1666 2443 res
1696 2381 1954 2453 sineret,
1999 2381 2142 2443 fidei
2173 2398 2330 2441 suae

356 2473 587 2525 temere
628 2466 959 2527 obstrictae
988 2465 1368 2535 consuleret;
1417 2466 1778 2541 promisisse
1804 2467 1968 2525 enim
1999 2482 2070 2526 se
2097 2465 2160 2525 111
2187 2466 2326 2525 11111-

354 2549 473 2609 11113
504 2558 871 2624 potestatem
900 2564 1035 2609 eam
1063 2549 1451 2619 traditurum3
1506 2566 1586 2609 ex
1615 2551 1924 2625 praetorio
1953 2551 2013 2608 in
2043 2549 2326 2611 taberna-

357 2635 558 2693 culum
590 2650 770 2693 suum
800 2634 1099 2693 confusus
1130 2633 1460 2695 concessit.
1511 2633 1593 2694 ibi
1628 2632 1869 2695 arbitris
1899 2632 2150 2693 remotis
2183 2648 2326 2692 cum

356 2717 575 2777 crebro
604 2716 901 2791 suspiritu
925 2723 985 2776 et
1013 2718 1259 2793 gemitu,
1293 2719 1462 2792 quod
1486 2718 1662 2777 facile
1687 2716 1763 2775 ab
1788 2716 2326 2795 circumstantibus

355 2800 815 2861 tabernaculum
844 2801 1123 2861 exaudiri
1152 2808 1400 2876 posset,
1445 2802 1818 2875 aliquantum
1847 2800 2144 2875 temporis
2176 2816 2326 2859 con-

356 2885 759 2960 sumpsisset,
802 2885 1031 2959 ingenti
1074 2885 1154 2945 ad
1197 2891 1575 2960 postremum
1607 2884 1771 2945 edito
1809 2885 2034 2959 gemitu
2067 2884 2258 2943 fidum
2289 2898 2326 2942 8

357 2969 555 3029 servis
598 2976 809 3043 vocat,
855 2970 972 3028 sub
1014 2968 1189 3029 cuius
1232 2968 1518 3029 custodia
1544 2967 1715 3043 regio
1757 2984 1928 3030 more
1971 2969 2049 3028 ad
2093 2969 2328 3029 incerta

357 3053 638 3112 fortunae
668 3068 969 3113 venenum
999 3060 1147 3125 erat,
1190 3062 1252 3113 et
1280 3052 1533 3113 mixtum
1562 3053 1620 3111 in
1651 3046 1874 3127 poculo
1905 3053 2066 3111 ferre
2095 3052 2176 3111 ad
2208 3050 2322 3113 So·

358 3136 690 3211 phonibam
732 3136 929 3207 iubet,
980 3152 1053 3196 ac
1094 3137 1272 3197 simul
1315 3137 1592 3197 nuntiare
1629 3136 2022 3196 Masinissam
2064 3136 2328 3197 libenter

358 3220 611 3295 primam
642 3220 698 3279 ei
728 3220 912 3281 fidem
944 3228 1395 3297 praestaturum
1427 3221 1639 3294 fuisse,
1673 3236 1854 3293 quam
1883 3221 1978 3281 vir
2009 3220 2186 3281 uxori
2213 3220 2326 3279 de-

358 3304 585 3364 buerit=
643 3304 931 3379 quoniam
962 3304 1095 3364 eius
1126 3306 1440 3365 arbitrium
1473 3306 1577 3379 qui
1609 3305 1852 3379 possint
1881 3304 2178 3375 adimant,
2225 3318 2298 3361 se

357 3387 621 3448 cundam
664 3388 846 3448 fidem
890 3396 1235 3464 praestare,
1289 3405 1366 3451 ne
1406 3390 1548 3449 viva
1589 3389 1648 3449 in
1693 3394 2057 3463 potestatem
2098 3389 2328 3449 Roma·

359 3488 575 3551 norum
624 3472 849 3533 veniat.
921 3489 1151 3533 memor
1200 3472 1392 3547 patris
1436 3473 1822 3551 imperatoris
1865 3472 2225 3547 patriaeque
2267 3476 2334 3531 ct
