2550 3959
390 224 477 289 τε.»
698 224 931 287 LIBER
954 222 1141 283 xxv.
1189 222 1589 285 CAP.16.17.
1637 223 1711 301 [a.
1741 228 1814 281 u,
1845 244 1893 282 ο.
1921 218 2046 285 540]

387 378 613 440 abesse
654 383 821 437 ratus
863 391 939 436 ac
990 372 1380 435 similitudine
1419 372 1549 433 veri
1595 380 1810 449 captus
1856 387 1992 433 cum
2035 373 2357 437 lictoribus

389 478 463 523 ae
505 467 701 522 turma
741 458 1009 536 equitum
1040 474 1077 518 e
1104 456 1322 518 castris
1351 458 1664 533 profectus
1697 454 1854 517 duce
1883 456 2129 534 hospite
2157 458 2220 519 in
2261 460 2356 519 in·

388 546 582 607 sidias
622 543 1074 621 praecipitatur.
1140 541 1354 601 hostes
1386 540 1586 601 subito
1632 540 1860 611 exorti3
1919 546 2012 617 et,
2055 558 2134 602 ne
2163 543 2359 605 dubia

386 628 653 707 proditio
694 633 892 701 esset,
942 626 1169 687 Flavus
1210 624 1288 685 iis
1327 640 1398 684 se
1440 624 1729 699 adiungit.
1811 623 1935 685 tela
1974 626 2249 701 undique
2291 628 2353 686 in

388 712 728 774 Gracchum
768 718 954 787 atque
996 710 1233 785 equites
1265 708 1664 771 coniciuntur.
1729 708 2040 769 Gracchus
2069 724 2148 771 ex
2186 726 2352 789 equo

387 797 623 867 desilit;
670 796 833 856 idem
875 800 1115 855 ceteros
1152 793 1358 853 faeere
1395 790 1562 854 iubet
1600 792 2027 869 hortaturque,
2073 800 2139 855 ut
2179 796 2352 871 quod

388 896 574 943 unum
592 880 892 955 reliquum
923 879 1167 941 fortuna
1194 876 1422 949 fecerit,
1453 876 1519 936 id
1549 876 1954 937 cohonestent
1972 876 2211 938 virtute.
2252 894 2350 937 re-

384 966 618 1039 liquum
648 970 851 1024 autem
874 962 1023 1039 quid
1051 977 1196 1023 esse
1218 960 1432 1036 paucis
1455 978 1492 1021 a
1519 959 1897 1021 multitudine
1928 960 1991 1020 in
2011 960 2174 1022 valle
2194 962 2351 1021 silva

386 1064 459 1108 ae
488 1046 796 1109 montibus
826 1052 1043 1122 saepta
1084 1044 1514 1107 circumventis
1539 1051 1784 1120 praeter
1811 1048 2110 1105 mortem?
2160 1045 2226 1105 id
2252 1062 2351 1105 re-

384 1133 564 1205 ferre,
594 1138 794 1192 utrum
818 1129 1183 1207 praebentes
1209 1144 1474 1204 corpora
1495 1144 1789 1206 pecorum
1809 1127 1995 1188 modo
2025 1128 2198 1189 inulti
2225 1136 2348 1190 tru-

386 1216 678 1291 cidentur,
703 1232 779 1275 an
804 1222 931 1276 toto
956 1214 1157 1275 animo
1182 1230 1219 1273 a
1240 1212 1530 1290 patiendo
1556 1212 2103 1289 exspectandoque
2127 1220 2348 1277 eventu

384 1299 447 1359 in
476 1300 767 1377 impetum
798 1306 983 1375 atque
1011 1298 1163 1358 iram
1188 1313 1395 1372 verso,
1441 1302 1692 1373 agentes
1722 1296 2164 1372 audentesque,
2210 1314 2344 1373 per·

385 1384 506 1445 fusi
531 1384 797 1445 hostium
820 1398 1054 1459 eruore,
1085 1382 1242 1444 inter
1270 1380 1710 1457 exspirantium
1738 1378 2118 1441 inimieorum
2141 1395 2346 1442 cumu-

384 1470 505 1527 lata
534 1482 828 1541 armaque
857 1472 918 1526 et
948 1481 1211 1542 corpora
1242 1464 1483 1525 cadant.
1525 1465 1838 1525 Lucanum
1866 1464 2243 1539 proditorem
2275 1481 2351 1525 ac

385 1550 761 1625 transfugam
806 1564 1019 1611 omnes
1063 1554 1370 1625 peterent3
1420 1547 1522 1623 qui
1564 1564 1701 1609 eam
1739 1548 2046 1609 victimam
2089 1564 2239 1625 prae
2278 1566 2350 1611 se

389 1635 469 1694 ad
498 1635 729 1695 interos
759 1632 1048 1709 misisset,
1093 1648 1229 1694 eum
1260 1632 1452 1693 decus
1484 1631 1799 1706 eximium,
1844 1632 2156 1707 egregium
2183 1634 2347 1694 sola-

386 1718 533 1781 tium
556 1733 707 1779 suae
729 1716 908 1777 morti
929 1717 1332 1778 inventurum.
1375 1716 1532 1778 inter
1552 1716 1706 1777 haee
1728 1715 1891 1776 dicta
1914 1716 2348 1792 paludamento

383 1803 547 1863 circa
587 1803 831 1862 laevum
868 1800 1185 1863 brachium
1226 1800 1448 1861 intorto
1489 1832 1577 1843 —
1617 1816 1756 1860 nam
1785 1815 1864 1859 ne
1893 1806 2070 1861 scuta
2099 1801 2348 1876 quidem

382 1902 592 1946 seeum
621 1886 960 1947 extulerant
978 1918 1063 1931 -—
1084 1885 1146 1945 in
1175 1885 1389 1945 hostes
1418 1885 1708 1960 impetum
1739 1884 1896 1944 fecit.
1941 1884 2138 1945 maior
2161 1900 2348 1960 quam

381 1986 494 2047 pro
519 1984 768 2029 numero
792 1968 1105 2029 hominum
1128 1970 1328 2029 editur
1347 1984 1582 2044 pugna:
1607 1967 1821 2029 iaculis
1844 1967 2107 2029 maxime
2130 1976 2348 2045 aperta

382 2068 646 2129 corpora
673 2053 1120 2126 Romanorum,
1167 2057 1388 2112 etcum
1414 2051 1686 2128 undique
1727 2066 1807 2111 ex
1845 2051 2160 2114 altioribus
2189 2052 2346 2114 locis

262 2158 276 2171 ·
379 2138 441 2197 in
471 2152 685 2197 cavam
710 2136 930 2195 vallem
952 2136 1265 2197 coniectus
1289 2142 1472 2211 esset,
1503 2135 1955 2210 transfiguntur.
2001 2135 2345 2197 Gracchum

379 2221 499 2281 iam
528 2222 822 2280 nudatum
850 2220 1161 2295 praesidio
1193 2220 1404 2282 vivum
1437 2234 1660 2295 capere
1686 2218 1876 2279 Poeni
1909 2219 2203 2281 nituntur:
2243 2237 2345 2281 ce-

381 2311 575 2365 terum
605 2304 999 2379 conspicatus
1028 2303 1339 2365 Lucanum
1370 2304 1675 2379 hospitem
1703 2303 1859 2363 inter
1891 2303 2104 2365 hostes
2122 2351 2138 2379 ,
2181 2304 2344 2366 adeo

379 2388 637 2449 infestus
670 2388 979 2450 confertos
1010 2388 1261 2463 invasit,
1308 2395 1372 2448 ut
1400 2386 1570 2463 parci
1602 2387 1657 2447 ei
1686 2386 1821 2447 sine
1850 2388 2175 2449 multorum
2206 2404 2342 2465 per-

378 2472 537 2532 nicie
566 2487 689 2533 non
712 2478 947 2549 posset.
990 2472 1332 2533 exanimem
1362 2487 1500 2531 eum
1521 2470 1702 2546 Mago
1736 2471 2040 2547 extemplo
2073 2471 2153 2532 ad
2178 2471 2345 2531 Han-

380 2556 642 2617 nibalem
681 2557 873 2631 misit,
929 2556 1203 2633 ponique
1243 2572 1380 2616 cum
1426 2556 1621 2630 captis
1664 2554 1842 2615 simul
1884 2555 2158 2617 fascibus
2201 2562 2347 2617 ante

378 2640 639 2700 tribunal
683 2640 1071 2716 imperatoris
1111 2639 1310 2699 iussit.
1394 2637 1547 2698 haec
1588 2654 1737 2699 vera
1779 2638 1939 2699 fama
1979 2645 2102 2699 est=
2155 2638 2344 2700 Grac-

378 2723 531 2785 chus
572 2724 632 2783 in
662 2722 927 2783 Lucanis
969 2725 1046 2783 ad
1079 2738 1334 2798 campos
1379 2721 1482 2796 qui
1510 2721 1770 2784 Veteres
1812 2730 2112 2784 vocantur
2139 2723 2342 2799 periit.

376 2806 562 2867 XVII.
609 2812 752 2867 sunt
793 2806 989 2882 quiin
1026 2822 1173 2881 agro
1202 2806 1636 2867 Beneventano
1678 2822 1876 2883 prope
1905 2806 2182 2870 Calorem
2225 2806 2343 2868 ssu-

332 2898 337 2903 ·
379 2890 544 2951 vium
587 2890 916 2951 ostendant
952 2906 990 2950 a
1032 2890 1249 2951 eastris
1281 2906 1418 2951 eum
1458 2889 1768 2950 lictoribus
1811 2907 1882 2951 ae
1912 2891 2106 2953 tribus
2137 2893 2344 2953 servis

378 2972 624 3033 lavandi
655 2988 846 3034 causa
874 2988 1306 3049 progressum,
1353 2988 1490 3033 cum
1522 2974 1676 3035 forte
1704 2974 1860 3035 inter
1889 2975 2106 3037 salicta
2131 2974 2344 3037 innata

376 3056 527 3133 ripis
550 3058 807 3119 laterent
826 3057 1059 3131 hostes,
1082 3056 1314 3119 nudum
1337 3063 1519 3133 atquc
1542 3056 1832 3119 inermem
1853 3060 2152 3135 saxisque
2177 3076 2344 3135 quae

360 3140 569 3201 ‘volvit
606 3141 802 3201 amnis
832 3146 1320 3218 propugnantem
1359 3140 1757 3202 interfectum.
1823 3148 1966 3203 sunt
2006 3143 2110 3219 qui
2154 3142 2342 3205 haru-

376 3224 614 3300 spicum
656 3224 884 3287 monitu
926 3224 1293 3299 quingentos
1322 3240 1548 3300 passus
1579 3242 1616 3286 a
1656 3225 1874 3287 castris
1917 3242 2340 3303 progressum,

376 3309 460 3368 uti
488 3310 625 3370 loco
657 3325 811 3385 puro
842 3325 921 3369 ea
940 3323 1101 3384 quae
1128 3315 1267 3368 ante
1296 3308 1460 3371 dicta
1481 3309 1764 3385 prodigia
1789 3316 1932 3370 sunt
1959 3320 2342 3386 procuraret,

374 3390 452 3452 ab
506 3392 908 3455 insidentibus
956 3392 1111 3453 forte
1151 3392 1354 3453 locum
1397 3390 1634 3453 duabus
1691 3392 1900 3455 turmis
1941 3392 2342 3455 Numidarum

376 3474 849 3538 circumventum
890 3476 1177 3537 scribant.
1240 3475 1401 3537 adeo
1429 3491 1545 3537 nec
1573 3476 1750 3537 locus
1779 3491 1897 3540 nec
1935 3476 2094 3541 ratio
2121 3476 2342 3541 mortio
