2550 3959
594 231 828 293 LIBER
855 231 1068 293 XXVI.
1111 232 1276 293 CAP.
1304 241 1358 296 6.
1388 240 1441 297 7.
1485 240 1560 309 [a.
1593 162 1656 295 ὁ.
1684 241 1810 310 211]
2063 234 2184 299 109

228 386 594 464 elephantos
619 384 745 461 igni
774 400 809 445 e
830 386 1049 453 castris
1079 391 1353 446 exactos.
1397 386 1530 446 Hoc
1557 386 1828 449 ultimum
1847 422 1934 434 —-
1954 396 2185 449 utcum—

229 486 348 547 que
370 469 587 530 initum
608 468 965 545 finitumque
986 474 1083 530 est
1096 476 1330 529 -ante
1353 469 1725 531 deditionem
1741 470 1986 547 Capuae
2008 488 2186 548 proe-

228 555 375 615 lium
416 552 547 614 ruit.
611 552 819 613 medix
858 554 1111 627 tuticuS,
1152 554 1258 629 qui
1287 570 1560 617 summus
1587 554 1976 630 magistratus
2022 556 2188 631 apud

190 654 195 659 “
233 638 579 713 Campanos
622 642 745 709 est,
792 652 867 697 eo
909 652 1071 697 anno
1101 634 1372 713 Seppius
1400 638 1662 701 Loesius
1693 645 1849 713 erat,
1905 639 2046 699 loco
2077 639 2186 699 ob-

228 736 411 783 scuro
443 720 735 797 tenuique
762 720 1003 781 fortuna
1030 725 1220 782 ortus.
1284 728 1535 784 matrem
1561 724 1696 784 eius
1728 723 2041 800 quondam
2069 739 2183 800 pro

230 806 465 882 pupillo
498 820 573 865 eo
606 809 1033 879 procurantem
1062 804 1356 887 familiare
1385 812 1720 882 ostentum,
1765 821 1902 868 cum
1928 821 2184 883 respon·

230 890 428 950 disset
468 887 785 964 haruspex
828 904 1131 950 summum
1175 889 1344 964 quod
1384 896 1553 950 esset
1591 890 1910 967 imperium
1941 891 2186 967 Capuae

227 978 664 1050 perventurum
706 973 787 1032 ad
826 988 967 1033 eum
1006 987 1296 1049 puerum,
1339 973 1487 1035 nihil
1521 973 1604 1033 ad
1630 990 1766 1035 eam
1793 990 1970 1052 spem
1997 990 2186 1050 agno·

230 1062 507 1119 scentem
537 1055 773 1115 dixisse
799 1055 999 1117 ferunt
1028 1060 1188 1116 “non
1218 1062 1286 1119 tu
1311 1056 1582 1133 perditas
1611 1074 1712 1118 res
1743 1058 2188 1134 Campanorum

228 1155 477 1213 murae,
520 1137 627 1200 ubi
666 1156 941 1201 summus
970 1139 1171 1202 honos
1200 1140 1284 1201 ad
1311 1140 1500 1203 filium
1540 1156 1742 1201 meum
1782 1142 2186 1218 perveniet'i„

226 1240 305 1285 ea
329 1222 669 1286 ludificatio
699 1224 829 1284 veri
858 1230 921 1285 et
946 1223 1085 1300 ipsa
1110 1224 1175 1284 in
1202 1240 1414 1286 verum
1439 1224 1645 1287 vertit=
1689 1240 1831 1285 nam
1861 1240 1999 1285 cum
2027 1227 2188 1286 rame

230 1309 523 1384 ferroque
549 1314 923 1383 urgerentur,
959 1324 1075 1370 nee
1094 1324 1248 1384 spes
1274 1309 1398 1369 ulla
1425 1315 1784 1385 superesset
1811 1308 1946 1369 sisti
1977 1308 2186 1385 [posse‚

224 1396 300 1455 iis
320 1394 430 1468 qm·
442 1393 595 1471 naci]
622 1391 681 1451 in
705 1406 881 1467 spem
894 1391 1195 1453 honorum
1218 1398 1392 1454 erant
1403 1392 1670 1455 honores
1695 1392 2187 1466 detractantibus,

228 1474 493 1537 Loesius
518 1476 833 1551 querendo
859 1476 1164 1537 desertam
1192 1492 1267 1538 ac
1297 1476 1602 1553 proditam
1629 1494 1668 1537 a
1695 1476 2063 1553 primoribus
2079 1476 2187 1539 Ca-

227 1576 415 1637 puam
454 1576 757 1620 summum
795 1558 1213 1635 magistratum
1258 1562 1500 1623 ultimus
1541 1562 1808 1622 omnium
1849 1558 2186 1639 Campano-

224 1660 367 1706 rum
396 1644 577 1719 cepit.
1777 1685 1781 1689 -

398 1727 531 1787 V11.
575 1727 853 1789 Ceterum
866 1728 1167 1789 Hannibal
1189 1737 1255 1789 ut
1276 1744 1394 1789 nee
1415 1729 1630 1790 hostes
1653 1730 1790 1789 elici
1819 1730 2080 1805 amplius
2109 1729 2188 1789 ad

228 1828 503 1889 pugnam
541 1811 695 1873 vidit
733 1825 935 1888 neque
978 1828 1093 1889 per
1115 1818 1322 1873 >castra
1363 1829 1576 1875 eorum
1616 1812 1925 1890 perrumpi
1964 1812 2050 1873 ad
2079 1812 2188 1874 Ca·

228 1912 421 1971 puam
448 1910 673 1971 posse,
718 1911 795 1957 ne
824 1913 977 1958 suos
1010 1913 1259 1973 quoque
1301 1904 1677 1959 commeatus
1722 1896 2191 1957 intercluderent

228 1979 379 2039 novi
422 1982 739 2056 consuleS,
782 1980 1123 2043 abscedere
1152 1982 1320 2042 irtito
1364 1982 1608 2057 incepto
1637 1987 1700 2042 et
1723 1995 1974 2041 movere
2011 1996 2050 2040 a
2077 1980 2188 2041 Ga-

228 2079 357 2141 pua
396 2064 602 2125 statuit
640 2071 860 2125 castra.
924 2067 1111 2127 multa
1150 2080 1392 2142 secum,
1439 2083 1561 2140 quo
1602 2066 1724 2127 iam
1763 2065 1907 2125 inde
1934 2065 2024 2125 ire
2053 2079 2190 2141 per-

228 2154 433 2223 geret,
478 2149 751 2209 volventi
782 2147 967 2211 subiit
1006 2149 1271 2210 animum
1313 2150 1576 2227 impetus
1607 2156 1791 2225 caput
1819 2150 2020 2225 ipsum
2047 2148 2188 2209 belli

228 2232 490 2294 Romam
518 2232 800 2308 petendi;
838 2234 1015 2294 cuius
1043 2233 1133 2293 rei
1153 2249 1402 2309 semper
1427 2234 1670 2310 cupitae
1697 2231 2188 2309 praetermissam

231 2316 628 2377 occasionem
659 2324 801 2392 post
830 2316 1211 2379 Cannensem
1239 2334 1511 2393 pugnam
1539 2316 1731 2378 etalii
1759 2320 1942 2392 vulgo
1975 2316 2188 2375 freme-

232 2398 385 2459 bant
414 2407 475 2460 et
512 2401 651 2476 ipse
680 2417 805 2462 non
834 2400 1293 2462 dissimulabatz
1335 2400 1704 2477 necopinato
1734 2416 1968 2476 pavore
1993 2414 2068 2459 ac
2100 2405 2189 2458 tu·

228 2484 425 2545 multu
463 2498 589 2543 non
630 2499 773 2545 esse
815 2484 1269 2561 desperandum
1309 2486 1576 2560 aliquam
1604 2491 1838 2559 partem
1877 2482 2044 2543 urbis
2088 2496 2189 2541 oc-

228 2566 448 2643 cupari
486 2584 709 2644 posse;
756 2575 818 2629 et
856 2569 913 2629 si
952 2570 1151 2630 Roma
1188 2569 1250 2629 in
1293 2566 1644 2631 discrimine
1683 2573 1878 2639 esset,
1924 2566 2192 2642 Capuam

228 2647 545 2727 extemplo
574 2652 919 2713 omissuros
948 2660 1052 2715 aut
1080 2652 1261 2714 ambo
1303 2653 1704 2730 imperatores
1733 2650 2048 2711 Romanos
2087 2655 2192 2709 aut

228 2734 491 2797 alterum
530 2752 611 2797 ex
654 2735 757 2808 iis;
806 2736 950 2798 etsi
993 2737 1349 2798 divisissent
1376 2736 1620 2812 copiae,
1667 2742 1988 2811 utrumque
2029 2733 2192 2793 infir-

231 2819 491 2880 miorem
520 2820 741 2881 factum
786 2829 889 2881 aut
918 2819 1037 2881 sibi
1082 2829 1187 2882 aut
1216 2820 1542 2897 campanis
1570 2820 1728 2880 bene
1767 2817 2075 2895 gerendae
2103 2816 2194 2875 rei

230 2904 539 2965 fortunam
581 2904 833 2965 daturos
878 2920 1043 2965 esse.
1118 2922 1237 2965 una
1279 2922 1354 2965 ea
1396 2920 1544 2965 cura
1583 2904 1876 2979 angebat,
1926 2917 2040 2976 ne,
2088 2899 2190 2961 ubi

232 2986 681 3059 abscessisset,
739 2988 1047 3064 extemplo
1091 2990 1460 3049 dederentur
1499 2987 1817 3063 Campani.‘
1871 2985 2192 3047 Numidam

234 3077 585 3147 promptum
607 3071 689 3131 ad
710 3071 916 3133 omnia
938 3074 1182 3148 agenda⁴
1204 3074 1616 3147 audendaque
1638 3071 1820 3133 donis
1845 3070 2093 3147 perlicit,
2125 3077 2190 3129 ut

235 3154 453 3215 litteris
485 3154 757 3231 acceptis
789 3156 1000 3231 specie
1028 3157 1383 3231 transfugae
1412 3162 1614 3216 castra
1639 3156 1918 3216 Romana
1958 3154 2188 3227 ingres-

232 3254 346 3299 sus
388 3241 580 3300 altera
623 3246 797 3314 parte
822 3242 977 3300 clam
1011 3240 1281 3316 Capuam
1324 3242 1637 3315 pervadat.
1715 3236 1950 3298 litterae
1990 3242 2189 3297 autem

232 3328 409 3383 erant
438 3322 865 3385 adhortatione
896 3324 1145 3398 plenae=
1192 3324 1634 3399 profectionem
1661 3337 1856 3397 suam,
1899 3336 2062 3395 quae
2091 3336 2188 3381 sa-
2268 3362 2274 3369 -

233 3406 447 3469 lutaris
477 3404 597 3468 illis
628 3407 812 3481 foret,
858 3408 1300 3469 abstracturam
1341 3406 1422 3467 ad
1451 3405 1903 3467 defendendam
1931 3406 2184 3467 Romam

230 3488 313 3549 ab
362 3491 783 3566 oppugnanda
812 3491 1020 3566 capua
1061 3492 1253 3552 duces
1293 3497 1478 3567 atque
1520 3490 1825 3551 exercitus
1853 3490 2166 3551 Romanos
