2550 3959
665 260 898 321 LIBER
924 260 1109 319 XXV.
1155 260 1440 323 CAP.15.
1485 268 1559 336 [a.
1586 269 1651 321 c.
1681 267 1807 331 214]
2136 262 2222 329 69

256 411 521 475 celerius
547 410 815 487 Capuam
849 428 1030 487 quam
1052 414 1258 489 Arpos
1291 412 1353 472 in
1386 420 1749 489 potestatem
1778 415 2044 479 hostium
2072 434 2219 479 ven·

256 506 472 559 turam.
541 510 622 555 ne
647 494 967 557 Tarentum
999 495 1263 571 quidem,
1303 513 1426 559 non
1455 498 1643 559 modo
1671 512 1891 575 arcem,
1933 502 2081 563 tanti
2112 502 2219 563 de-

255 581 406 641 bere
424 595 592 654 esse,
623 586 692 641 ut
704 578 991 655 capuam,
1027 594 1208 655 quam
1223 581 1566 657 Carthagini
1589 599 1859 660 aequare
1880 584 1961 645 sit
1980 585 2216 662 solitus,

255 666 568 728 desertam
610 662 1116 739 indefensamque
1143 666 1377 741 populo
1404 666 1687 728 Romano
1714 668 1935 729 tradat.
1990 669 2216 729 Hanni-

255 750 358 811 bal
387 763 576 809 curae
605 746 724 807 sibi
745 748 878 809 fore
903 764 1034 809 rem
1047 747 1417 825 Campanam
1440 751 1747 826 pollicitus
1778 752 1839 813 in
1868 753 2218 828 praoeentia

255 834 384 895 duo
410 832 579 893 milia
605 831 875 909 equitum
902 846 1040 894 cum
1070 832 1286 908 legatis
1314 835 1504 906 mittit,
1536 852 1663 911 quo
1688 836 2001 913 praesidio
2031 849 2216 913 agros

253 915 759 995 populationibus
790 924 1048 992 possent
1076 917 1421 993 prohibere.

423 1000 718 1063 Romanis
749 1000 1002 1077 interim,
1046 1001 1204 1064 sicut
1231 1001 1482 1062 aliarum
1510 1018 1735 1077 rerum,
1759 1005 1920 1065 areis
1948 1007 2215 1068 Tarenti-

253 1100 372 1171 nae
399 1084 838 1161 praesidiique,
883 1085 1160 1161 quodibi
1195 1085 1597 1163 obsideretur,
1628 1102 1776 1149 eura
1804 1095 1916 1149 est.
1986 1089 2049 1149 C.
2074 1089 2215 1150 Ser·

249 1168 440 1230 vilius
467 1170 738 1245 legam,
782 1182 861 1231 ex
898 1170 1258 1232 auctoritate
1286 1176 1527 1247 patrum
1568 1184 1606 1231 a
1633 1170 1697 1230 P.
1728 1171 2009 1233 cornelio
2039 1190 2215 1249 prae-

253 1260 385 1315 tore
417 1252 480 1313 in
507 1254 808 1315 Etruriam
835 1254 917 1315 ad
945 1254 1311 1317 frumentum
1340 1255 1743 1317 coemendum
1770 1257 2029 1331 missua,
2077 1273 2213 1317 cum

249 1337 492 1413 aliquot
530 1338 792 1400 navibus
835 1338 1073 1401 onustis
1116 1338 1180 1399 in
1217 1346 1463 1415 portum
1492 1340 1880 1401 Tarentinum
1918 1340 2077 1400 inter
2104 1340 2214 1401 ho-

250 1424 439 1485 stium
491 1423 808 1484 custodias
857 1422 1154 1499 pervenit.
1231 1424 1405 1484 cuius
1454 1424 1749 1499 adventu,
1804 1424 1911 1500 qui
1962 1430 2103 1485 ante
2152 1425 2213 1485 in

249 1507 479 1583 exigua
508 1523 624 1583 spe
653 1506 856 1567 vocati
883 1523 1074 1583 saepe
1116 1508 1198 1568 ad
1225 1508 1643 1569 transitionem
1687 1508 1762 1568 ab
1790 1508 2073 1570 hostibus
2102 1524 2214 1586 per

249 1590 563 1667 colloquia
606 1598 808 1667 erant,
860 1594 1020 1653 ultro
1062 1592 1146 1651 ad
1187 1593 1626 1653 transeundum
1654 1593 1867 1653 hostes
1907 1595 2207 1661 vocabam

245 1676 804 1753 sollicitabantque.
867 1682 928 1737 et
967 1682 1100 1736 erat
1141 1677 1293 1736 satis
1336 1676 1604 1737 validum
1646 1677 2052 1752 praesidium,
2090 1684 2212 1737 tra-

245 1760 450 1822 ductis
491 1760 574 1821 ad
615 1775 817 1821 arcem
856 1760 1096 1819 Tarenti
1137 1761 1427 1820 tuendam
1503 1762 1608 1834 qui
1644 1760 1980 1835 Metaponti
2025 1770 2204 1823 erum

243 1843 558 1906 militibus.
623 1844 831 1919 itaque
857 1842 1258 1919 Metapontini
1303 1844 1641 1918 extemplo,
1682 1849 1844 1901 metu
1875 1859 1998 1919 quo
2042 1850 2201 1903 tene-

243 1929 472 1989 bantur
490 1927 746 2002 liberati,
778 1928 857 1987 ad
870 1927 1272 1988 Hannibalem
1297 1927 1598 1987 defecere.
1638 1926 1775 1987 Hoc
1799 1926 1963 1987 idem
1991 1927 2208 1987 eadem

245 2028 360 2075 ora
388 2012 576 2071 maris
604 2018 666 2073 et
690 2011 939 2073 Thurini
981 2013 1275 2072 fecerunt.
1318 2010 1519 2073 movit
1558 2024 1669 2072 eos
1705 2026 1829 2072 non
1856 2011 2210 2073 Tarentino·-

243 2112 382 2159 rum
411 2096 605 2170 magis
637 2096 900 2156 desectio
927 2096 1611 2170 Metapontinorumque
1626 2140 1641 2167 ,
1687 2095 1913 2170 <litibus
1939 2096 2209 2156 indidem

243 2179 576 2241 exAchaia
605 2180 846 2241 oriundi
875 2180 1054 2241 etiam
1081 2180 1444 2253 cognatione
1471 2179 1657 2240 iun-oti
1686 2186 1875 2254 erant,
1906 2196 2090 2256 quam
2120 2180 2211 2240 ira

243 2265 306 2324 in
349 2264 666 2325 Romanos
710 2270 962 2339 propter
1003 2263 1260 2323 obsides
1301 2278 1498 2340 nuper
1545 2262 1918 2327 interfectos.
1998 2276 2208 2325 eorum

244 2346 426 2409 amici
455 2347 822 2423 cognatique
851 2348 1080 2408 litteras
1111 2364 1188 2408 ae
1215 2349 1464 2409 nuntios·
1502 2346 1585 2406 ad
1611 2347 1973 2408 Hannonem
1997 2346 2209 2423 Mamo-

243 2447 532 2507 nemque,
577 2431 681 2507 qui
709 2432 770 2491 in
800 2431 1151 2508 propinquo
1181 2432 1244 2491 in
1271 2430 1521 2492 Bruttiis
1556 2437 1745 2504 erant,
1789 2431 2115 2503 miserunt,
2154 2430 2211 2491 si

240 2516 580 2576 exercitum
619 2516 702 2576 ad
729 2516 972 2577 moenia
1014 2515 1467 2588 admovissent,
1510 2514 1671 2573 sein
1702 2520 2064 2589 potestatem
2104 2528 2207 2573 eo-

237 2615 382 2659 rum
421 2598 633 2659 urbem
662 2600 994 2661 tradituros
1035 2612 1200 2660 esse.
1263 2598 1344 2658 M.
1372 2598 1615 2658 Atinius
1644 2596 1884 2657 Thuriis
1914 2612 2049 2658 cum
2080 2608 2211 2658 mo-

241 2683 390 2743 dico
430 2683 740 2759 praesidio
784 2691 1094 2760 praeerat,
1154 2697 1339 2759 quern
1381 2680 1560 2743 facile
1600 2680 1739 2741 elici
1780 2682 1863 2742 ad
1905 2687 2209 2742 certamen

249 2774 483 2828 temere
511 2767 842 2828 ineundum
870 2768 1158 2828 rebantur
1186 2783 1402 2843 pos-se,
1432 2781 1557 2826 non
1585 2765 1857 2841 militum,
1888 2780 2047 2841 quos
2070 2781 2209 2842 per»

237 2866 482 2927 paucos
511 2849 792 2927 habebat,
834 2851 1078 2926 fiducia,
1125 2864 1311 2927 quam
1339 2848 1663 2911 iuventutis
1690 2849 2021 2910 Thurinaez
2074 2861 2210 2909 eam

239 2950 326 2995 ex
370 2934 672 2995 industria
711 2935 1158 2997 centuriaverat
1197 2940 1660 3011 armaveratque
1699 2934 1783 2994 ad
1818 2936 1977 2994 tales
2002 2948 2209 2994 casus.

241 3017 464 3079 divisis
494 3018 692 3094 copiis
735 3018 890 3080 inter
915 3034 989 3080 se
1019 3019 1214 3081 duces
1241 3019 1432 3079 Poeni
1464 3030 1602 3080 eum
1645 3032 1857 3093 agrum
1884 3017 2212 3079 Thminum

239 3101 509 3177 ingressi
532 3110 760 3180 essent,
789 3104 1007 3163 Hanno
1033 3119 1172 3164 cum
1195 3103 1465 3179 peditum
1484 3101 1727 3178 agmine
1756 3102 1993 3162 mtestis
2016 3101 2209 3175 signis

239 3186 334 3246 ire
375 3186 458 3247 ad
495 3188 711 3248 urbem
740 3186 966 3263 pergit,
1008 3187 1194 3262 Mago
1237 3203 1377 3247 cum
1417 3186 1685 3263 equitatu
1715 3191 1912 3247 tectus
1952 3184 2209 3245 collibus

236 3276 387 3344 apte
415 3271 496 3331 ad
525 3272 822 3346 tegendas
849 3270 1108 3332 iusidias
1140 3270 1445 3347 oppositis
1474 3268 1770 3331 subsistit.
1830 3266 2072 3329 Atinius
2102 3282 2208 3345 pe·

238 3352 436 3415 ditum
461 3360 688 3415 tautum
719 3355 961 3431 agmine
984 3372 1098 3432 per
1127 3356 1553 3431 exploratores
1578 3358 1893 3429 comperto
1922 3351 1985 3413 in
2014 3352 2208 3413 aciem

238 3437 461 3514 copias
491 3438 717 3510 educit,
763 3446 825 3500 et
851 3439 1086 3501 fraudis
1115 3438 1437 3500 intestinae
1467 3444 1531 3499 et
1555 3437 1825 3499 hostium
1852 3436 2205 3498 insidiarum

237 3520 514 3596 ignarus.
559 3519 847 3598 pedestre
868 3523 1170 3600 proelium
1194 3523 1305 3583 ruit
1326 3536 1645 3598 persegne,
1677 3522 1895 3597 paucis
1924 3520 1985 3580 in
2012 3518 2204 3597 prims
