<?xml version="1.0" encoding="UTF-8"?>
<!DOCTYPE html PUBLIC "-//W3C//DTD XHTML 1.0 Transitional//EN"
    "http://www.w3.org/TR/xhtml1/DTD/xhtml1-transitional.dtd">
<html xmlns="http://www.w3.org/1999/xhtml" xml:lang="en" lang="en">
 <head>
  <title>
</title>
<meta http-equiv="Content-Type" content="text/html;charset=utf-8" />
  <meta name='ocr-system' content='tesseract 3.04.00' />
  <meta name='ocr-capabilities' content='ocr_page ocr_carea ocr_par ocr_line ocrx_word'/>
</head>
<body>
  <div class='ocr_page' id='page_1' title='image "./aburbeconditali13livygoog_0244.png"; bbox 0 0 2550 3959; ppageno 0'>
   <div class='ocr_carea' id='block_1_1' title="bbox 556 191 2186 270">
    <p class='ocr_par' dir='ltr' id='par_1_1' title="bbox 556 191 2186 270">
     <span class='ocr_line' id='line_1_1' title="bbox 556 191 2186 270; baseline 0.007 -20"><span class='ocrx_word' id='word_1_1' title='bbox 556 191 785 255; x_wconf 75' lang='lat' dir='ltr'>LIBER</span> <span class='ocrx_word' id='word_1_2' title='bbox 812 194 1051 256; x_wconf 84' lang='lat' dir='ltr'><strong>XXVII.</strong></span> <span class='ocrx_word' id='word_1_3' title='bbox 1100 194 1265 254; x_wconf 85' lang='lat' dir='ltr'><strong>CAP.</strong></span> <span class='ocrx_word' id='word_1_4' title='bbox 1295 204 1382 259; x_wconf 83' lang='lat'><strong>49.</strong></span> <span class='ocrx_word' id='word_1_5' title='bbox 1415 205 1501 258; x_wconf 84' lang='lat'><strong>50.</strong></span> <span class='ocrx_word' id='word_1_6' title='bbox 1547 202 1620 270; x_wconf 76' lang='lat' dir='ltr'><strong>[a.</strong></span> <span class='ocrx_word' id='word_1_7' title='bbox 1648 202 1712 256; x_wconf 87' lang='lat' dir='ltr'><strong>c.</strong></span> <span class='ocrx_word' id='word_1_8' title='bbox 1742 203 1870 270; x_wconf 79' lang='lat'>207]</span> <span class='ocrx_word' id='word_1_9' title='bbox 2065 195 2186 264; x_wconf 79' lang='lat'><strong>217</strong></span> 
     </span>
    </p>
   </div>
   <div class='ocr_carea' id='block_1_2' title="bbox 223 345 2192 3521">
    <p class='ocr_par' dir='ltr' id='par_1_2' title="bbox 223 345 2192 1929">
     <span class='ocr_line' id='line_1_2' title="bbox 226 345 2190 424; baseline 0.002 -16"><span class='ocrx_word' id='word_1_10' title='bbox 226 345 577 408; x_wconf 86' lang='lat' dir='ltr'><strong>rantissima</strong></span> <span class='ocrx_word' id='word_1_11' title='bbox 616 345 847 407; x_wconf 86' lang='lat' dir='ltr'><strong>laboris</strong></span> <span class='ocrx_word' id='word_1_12' title='bbox 889 361 1180 423; x_wconf 87' lang='lat' dir='ltr'><strong>corpora,</strong></span> <span class='ocrx_word' id='word_1_13' title='bbox 1220 347 1328 408; x_wconf 88' lang='lat' dir='ltr'><strong>vix</strong></span> <span class='ocrx_word' id='word_1_14' title='bbox 1357 363 1525 408; x_wconf 84' lang='lat' dir='ltr'><strong>arma</strong></span> <span class='ocrx_word' id='word_1_15' title='bbox 1553 349 1820 409; x_wconf 88' lang='lat' dir='ltr'><strong>humeris</strong></span> <span class='ocrx_word' id='word_1_16' title='bbox 1850 349 2190 424; x_wconf 79' lang='lat' dir='ltr'><strong>gestabant.</strong></span> 
     </span>
     <span class='ocr_line' id='line_1_3' title="bbox 225 428 2186 506; baseline 0.002 -16"><span class='ocrx_word' id='word_1_17' title='bbox 225 437 289 493; x_wconf 83' lang='lat' dir='ltr'><strong>et</strong></span> <span class='ocrx_word' id='word_1_18' title='bbox 317 428 439 490; x_wconf 91' lang='lat' dir='ltr'><strong>iam</strong></span> <span class='ocrx_word' id='word_1_19' title='bbox 470 429 588 490; x_wconf 88' lang='lat' dir='ltr'><strong>diei</strong></span> <span class='ocrx_word' id='word_1_20' title='bbox 618 430 883 492; x_wconf 88' lang='lat' dir='ltr'><strong>medium</strong></span> <span class='ocrx_word' id='word_1_21' title='bbox 915 438 1059 504; x_wconf 84' lang='lat' dir='ltr'><strong>erat,</strong></span> <span class='ocrx_word' id='word_1_22' title='bbox 1092 430 1350 506; x_wconf 79' lang='lat' dir='ltr'><strong>sitisque</strong></span> <span class='ocrx_word' id='word_1_23' title='bbox 1379 437 1442 494; x_wconf 87' lang='lat' dir='ltr'><strong>et</strong></span> <span class='ocrx_word' id='word_1_24' title='bbox 1465 431 1633 494; x_wconf 87' lang='lat' dir='ltr'><strong>calor</strong></span> <span class='ocrx_word' id='word_1_25' title='bbox 1661 431 1898 492; x_wconf 79' lang='lat' dir='ltr'><strong>hiantes</strong></span> <span class='ocrx_word' id='word_1_26' title='bbox 1930 433 2186 494; x_wconf 79' lang='lat' dir='ltr'><strong>caeden-</strong></span> 
     </span>
     <span class='ocr_line' id='line_1_4' title="bbox 226 513 2190 591; baseline 0.002 -17"><span class='ocrx_word' id='word_1_27' title='bbox 226 513 346 574; x_wconf 89' lang='lat' dir='ltr'><strong>dos</strong></span> <span class='ocrx_word' id='word_1_28' title='bbox 390 513 853 589; x_wconf 82' lang='lat' dir='ltr'><strong>capiendosque</strong></span> <span class='ocrx_word' id='word_1_29' title='bbox 896 514 1147 574; x_wconf 83' lang='lat' dir='ltr'><strong>adfatim</strong></span> <span class='ocrx_word' id='word_1_30' title='bbox 1189 514 1540 591; x_wconf 81' lang='lat' dir='ltr'><strong>praebebat.</strong></span> <span class='ocrx_word' id='word_1_31' title='bbox 1627 514 1828 575; x_wconf 88' lang='lat' dir='ltr'>XLIX.</span> <span class='ocrx_word' id='word_1_32' title='bbox 1883 516 2190 591; x_wconf 85' lang='lat' dir='ltr'><strong>elephanti</strong></span> 
     </span>
     <span class='ocr_line' id='line_1_5' title="bbox 226 596 2192 674; baseline 0.002 -18"><span class='ocrx_word' id='word_1_33' title='bbox 226 597 438 673; x_wconf 88' lang='lat' dir='ltr'><strong>plures</strong></span> <span class='ocrx_word' id='word_1_34' title='bbox 462 596 539 656; x_wconf 89' lang='lat' dir='ltr'><strong>ab</strong></span> <span class='ocrx_word' id='word_1_35' title='bbox 565 597 721 673; x_wconf 87' lang='lat' dir='ltr'><strong>ipsis</strong></span> <span class='ocrx_word' id='word_1_36' title='bbox 745 597 1086 658; x_wconf 86' lang='lat' dir='ltr'><strong>rectoribus</strong></span> <span class='ocrx_word' id='word_1_37' title='bbox 1108 596 1290 674; x_wconf 80' lang='lat' dir='ltr'><strong>quani</strong></span> <span class='ocrx_word' id='word_1_38' title='bbox 1315 598 1390 658; x_wconf 87' lang='lat' dir='ltr'><strong>ab</strong></span> <span class='ocrx_word' id='word_1_39' title='bbox 1413 598 1594 660; x_wconf 87' lang='lat' dir='ltr'><strong>hoste</strong></span> <span class='ocrx_word' id='word_1_40' title='bbox 1615 599 1930 660; x_wconf 81' lang='lat' dir='ltr'><strong>interfecti.</strong></span> <span class='ocrx_word' id='word_1_41' title='bbox 1976 598 2192 662; x_wconf 80' lang='lat' dir='ltr'><strong>fabrile</strong></span> 
     </span>
     <span class='ocr_line' id='line_1_6' title="bbox 226 681 2189 756; baseline 0.001 -15"><span class='ocrx_word' id='word_1_42' title='bbox 226 682 538 756; x_wconf 89' lang='lat' dir='ltr'><strong>scalprum</strong></span> <span class='ocrx_word' id='word_1_43' title='bbox 568 697 704 740; x_wconf 91' lang='lat' dir='ltr'><strong>cum</strong></span> <span class='ocrx_word' id='word_1_44' title='bbox 732 681 951 742; x_wconf 88' lang='lat' dir='ltr'><strong>malleo</strong></span> <span class='ocrx_word' id='word_1_45' title='bbox 981 681 1316 743; x_wconf 81' lang='lat' dir='ltr'><strong>habebant=</strong></span> <span class='ocrx_word' id='word_1_46' title='bbox 1348 682 1429 756; x_wconf 75' lang='lat' dir='ltr'><strong>id,</strong></span> <span class='ocrx_word' id='word_1_47' title='bbox 1461 682 1564 742; x_wconf 88' lang='lat' dir='ltr'><strong>ubi</strong></span> <span class='ocrx_word' id='word_1_48' title='bbox 1595 683 1838 743; x_wconf 89' lang='lat' dir='ltr'><strong>saevire</strong></span> <span class='ocrx_word' id='word_1_49' title='bbox 1863 682 2086 744; x_wconf 88' lang='lat' dir='ltr'><strong>beluae</strong></span> <span class='ocrx_word' id='word_1_50' title='bbox 2115 699 2189 743; x_wconf 89' lang='lat' dir='ltr'><strong>ac</strong></span> 
     </span>
     <span class='ocr_line' id='line_1_7' title="bbox 223 765 2184 843; baseline 0.002 -20"><span class='ocrx_word' id='word_1_51' title='bbox 223 779 409 826; x_wconf 88' lang='lat' dir='ltr'><strong>ruere</strong></span> <span class='ocrx_word' id='word_1_52' title='bbox 450 765 511 824; x_wconf 90' lang='lat' dir='ltr'><strong>in</strong></span> <span class='ocrx_word' id='word_1_53' title='bbox 554 780 705 826; x_wconf 90' lang='lat' dir='ltr'><strong>suos</strong></span> <span class='ocrx_word' id='word_1_54' title='bbox 752 770 1111 840; x_wconf 85' lang='lat' dir='ltr'><strong>coeperant,</strong></span> <span class='ocrx_word' id='word_1_55' title='bbox 1155 765 1446 842; x_wconf 87' lang='lat' dir='ltr'><strong>magister</strong></span> <span class='ocrx_word' id='word_1_56' title='bbox 1485 766 1640 827; x_wconf 89' lang='lat' dir='ltr'><strong>inter</strong></span> <span class='ocrx_word' id='word_1_57' title='bbox 1679 781 1862 828; x_wconf 89' lang='lat' dir='ltr'><strong>aures</strong></span> <span class='ocrx_word' id='word_1_58' title='bbox 1905 765 2184 843; x_wconf 84' lang='lat' dir='ltr'><strong>positum,</strong></span> 
     </span>
     <span class='ocr_line' id='line_1_8' title="bbox 224 847 2189 926; baseline 0.002 -19"><span class='ocrx_word' id='word_1_59' title='bbox 224 847 367 924; x_wconf 91' lang='lat' dir='ltr'><strong>ipso</strong></span> <span class='ocrx_word' id='word_1_60' title='bbox 392 848 453 906; x_wconf 90' lang='lat' dir='ltr'><strong>in</strong></span> <span class='ocrx_word' id='word_1_61' title='bbox 476 848 747 922; x_wconf 88' lang='lat' dir='ltr'><strong>articulo,</strong></span> <span class='ocrx_word' id='word_1_62' title='bbox 776 864 897 923; x_wconf 89' lang='lat' dir='ltr'><strong>quo</strong></span> <span class='ocrx_word' id='word_1_63' title='bbox 918 849 1182 926; x_wconf 84' lang='lat' dir='ltr'><strong>iungitur</strong></span> <span class='ocrx_word' id='word_1_64' title='bbox 1205 848 1388 925; x_wconf 89' lang='lat' dir='ltr'><strong>capiti</strong></span> <span class='ocrx_word' id='word_1_65' title='bbox 1413 850 1644 926; x_wconf 83' lang='lat' dir='ltr'><strong>cervix,</strong></span> <span class='ocrx_word' id='word_1_66' title='bbox 1671 856 1898 925; x_wconf 89' lang='lat' dir='ltr'><strong>quanto</strong></span> <span class='ocrx_word' id='word_1_67' title='bbox 1923 849 2189 910; x_wconf 84' lang='lat' dir='ltr'><strong>maximo</strong></span> 
     </span>
     <span class='ocr_line' id='line_1_9' title="bbox 224 931 2191 1006; baseline 0.002 -16"><span class='ocrx_word' id='word_1_68' title='bbox 224 937 471 1006; x_wconf 88' lang='lat' dir='ltr'><strong>poterat</strong></span> <span class='ocrx_word' id='word_1_69' title='bbox 508 931 633 992; x_wconf 92' lang='lat' dir='ltr'><strong>ictu</strong></span> <span class='ocrx_word' id='word_1_70' title='bbox 672 931 977 1006; x_wconf 83' lang='lat' dir='ltr'><strong>adigebat.</strong></span> <span class='ocrx_word' id='word_1_71' title='bbox 1038 948 1115 994; x_wconf 89' lang='lat' dir='ltr'><strong>ea</strong></span> <span class='ocrx_word' id='word_1_72' title='bbox 1153 933 1472 993; x_wconf 87' lang='lat' dir='ltr'><strong>celerrima</strong></span> <span class='ocrx_word' id='word_1_73' title='bbox 1499 933 1602 994; x_wconf 85' lang='lat' dir='ltr'><strong>via</strong></span> <span class='ocrx_word' id='word_1_74' title='bbox 1621 932 1842 994; x_wconf 83' lang='lat' dir='ltr'><strong>mortis</strong></span> <span class='ocrx_word' id='word_1_75' title='bbox 1883 932 1944 993; x_wconf 88' lang='lat' dir='ltr'><strong>in</strong></span> <span class='ocrx_word' id='word_1_76' title='bbox 1988 940 2191 996; x_wconf 87' lang='lat' dir='ltr'><strong>tantae</strong></span> 
     </span>
     <span class='ocr_line' id='line_1_10' title="bbox 226 1014 2188 1093; baseline 0.001 -19"><span class='ocrx_word' id='word_1_77' title='bbox 226 1014 409 1074; x_wconf 89' lang='lat' dir='ltr'><strong>molis</strong></span> <span class='ocrx_word' id='word_1_78' title='bbox 437 1014 623 1076; x_wconf 90' lang='lat' dir='ltr'><strong>belua</strong></span> <span class='ocrx_word' id='word_1_79' title='bbox 649 1016 895 1076; x_wconf 85' lang='lat' dir='ltr'><strong>inventa</strong></span> <span class='ocrx_word' id='word_1_80' title='bbox 923 1021 1069 1090; x_wconf 88' lang='lat' dir='ltr'><strong>erat,</strong></span> <span class='ocrx_word' id='word_1_81' title='bbox 1098 1016 1202 1076; x_wconf 90' lang='lat' dir='ltr'><strong>ubi</strong></span> <span class='ocrx_word' id='word_1_82' title='bbox 1230 1015 1486 1091; x_wconf 86' lang='lat' dir='ltr'><strong>regendi</strong></span> <span class='ocrx_word' id='word_1_83' title='bbox 1517 1032 1693 1092; x_wconf 88' lang='lat' dir='ltr'><strong>spem</strong></span> <span class='ocrx_word' id='word_1_84' title='bbox 1721 1017 2036 1092; x_wconf 88' lang='lat' dir='ltr'><strong>vicissent,</strong></span> <span class='ocrx_word' id='word_1_85' title='bbox 2067 1017 2188 1093; x_wconf 90' lang='lat' dir='ltr'><strong>pri-</strong></span> 
     </span>
     <span class='ocr_line' id='line_1_11' title="bbox 226 1099 2191 1178; baseline 0.001 -20"><span class='ocrx_word' id='word_1_86' title='bbox 226 1113 491 1173; x_wconf 87' lang='lat' dir='ltr'><strong>musque</strong></span> <span class='ocrx_word' id='word_1_87' title='bbox 530 1099 596 1158; x_wconf 89' lang='lat' dir='ltr'><strong>id</strong></span> <span class='ocrx_word' id='word_1_88' title='bbox 624 1099 974 1160; x_wconf 86' lang='lat' dir='ltr'><strong>Hasdrubal</strong></span> <span class='ocrx_word' id='word_1_89' title='bbox 1027 1099 1391 1174; x_wconf 87' lang='lat' dir='ltr'><strong>instituerat,</strong></span> <span class='ocrx_word' id='word_1_90' title='bbox 1454 1101 1581 1161; x_wconf 86' lang='lat' dir='ltr'><strong>dux</strong></span> <span class='ocrx_word' id='word_1_91' title='bbox 1619 1117 1758 1161; x_wconf 89' lang='lat' dir='ltr'><strong>cum</strong></span> <span class='ocrx_word' id='word_1_92' title='bbox 1797 1115 1987 1178; x_wconf 89' lang='lat' dir='ltr'><strong>saepe</strong></span> <span class='ocrx_word' id='word_1_93' title='bbox 2037 1100 2191 1160; x_wconf 87' lang='lat' dir='ltr'><strong>alias</strong></span> 
     </span>
     <span class='ocr_line' id='line_1_12' title="bbox 228 1182 2188 1260; baseline 0.001 -18"><span class='ocrx_word' id='word_1_94' title='bbox 228 1182 674 1257; x_wconf 82' lang='lat' dir='ltr'><strong>memorabiliS,</strong></span> <span class='ocrx_word' id='word_1_95' title='bbox 719 1190 845 1245; x_wconf 90' lang='lat' dir='ltr'><strong>tum</strong></span> <span class='ocrx_word' id='word_1_96' title='bbox 886 1183 990 1258; x_wconf 83' lang='lat' dir='ltr'><strong>illa</strong></span> <span class='ocrx_word' id='word_1_97' title='bbox 1029 1183 1363 1260; x_wconf 87' lang='lat' dir='ltr'><strong>praecipue</strong></span> <span class='ocrx_word' id='word_1_98' title='bbox 1404 1200 1632 1260; x_wconf 85' lang='lat' dir='ltr'><strong>pugna.</strong></span> <span class='ocrx_word' id='word_1_99' title='bbox 1707 1183 1806 1246; x_wconf 87' lang='lat' dir='ltr'><strong>ille</strong></span> <span class='ocrx_word' id='word_1_100' title='bbox 1848 1191 2188 1260; x_wconf 79' lang='lat' dir='ltr'><strong>pugnantes</strong></span> 
     </span>
     <span class='ocr_line' id='line_1_13' title="bbox 226 1265 2180 1343; baseline 0 -17"><span class='ocrx_word' id='word_1_101' title='bbox 226 1267 531 1328; x_wconf 85' lang='lat' dir='ltr'><strong>hortando</strong></span> <span class='ocrx_word' id='word_1_102' title='bbox 562 1265 911 1342; x_wconf 88' lang='lat' dir='ltr'><strong>pariterque</strong></span> <span class='ocrx_word' id='word_1_103' title='bbox 954 1267 1240 1329; x_wconf 87' lang='lat' dir='ltr'><strong>obeundo</strong></span> <span class='ocrx_word' id='word_1_104' title='bbox 1274 1267 1545 1343; x_wconf 87' lang='lat' dir='ltr'><strong>pericula</strong></span> <span class='ocrx_word' id='word_1_105' title='bbox 1574 1266 1890 1337; x_wconf 80' lang='lat' dir='ltr'><strong>sustinuit3</strong></span> <span class='ocrx_word' id='word_1_106' title='bbox 1936 1267 2039 1327; x_wconf 91' lang='lat' dir='ltr'><strong>ille</strong></span> <span class='ocrx_word' id='word_1_107' title='bbox 2069 1268 2180 1328; x_wconf 82' lang='lat' dir='ltr'><strong>ses-</strong></span> 
     </span>
     <span class='ocr_line' id='line_1_14' title="bbox 227 1348 2192 1428; baseline -0.002 -17"><span class='ocrx_word' id='word_1_108' title='bbox 227 1365 339 1412; x_wconf 90' lang='lat' dir='ltr'><strong>sos</strong></span> <span class='ocrx_word' id='word_1_109' title='bbox 384 1348 851 1426; x_wconf 84' lang='lat' dir='ltr'><strong>abnuentesque</strong></span> <span class='ocrx_word' id='word_1_110' title='bbox 894 1351 1097 1412; x_wconf 85' lang='lat' dir='ltr'><strong>taedio</strong></span> <span class='ocrx_word' id='word_1_111' title='bbox 1130 1358 1191 1412; x_wconf 91' lang='lat' dir='ltr'><strong>et</strong></span> <span class='ocrx_word' id='word_1_112' title='bbox 1228 1350 1442 1412; x_wconf 86' lang='lat' dir='ltr'><strong>labore</strong></span> <span class='ocrx_word' id='word_1_113' title='bbox 1483 1367 1645 1412; x_wconf 89' lang='lat' dir='ltr'><strong>nunc</strong></span> <span class='ocrx_word' id='word_1_114' title='bbox 1688 1351 1998 1428; x_wconf 87' lang='lat' dir='ltr'><strong>precando</strong></span> <span class='ocrx_word' id='word_1_115' title='bbox 2029 1365 2192 1410; x_wconf 89' lang='lat' dir='ltr'><strong>nunc</strong></span> 
     </span>
     <span class='ocr_line' id='line_1_15' title="bbox 228 1421 2186 1509; baseline -0.001 -15"><span class='ocrx_word' id='word_1_116' title='bbox 228 1433 588 1508; x_wconf 87' lang='lat' dir='ltr'><strong>castigando</strong></span> <span class='ocrx_word' id='word_1_117' title='bbox 619 1429 942 1505; x_wconf 55' lang='lat' dir='ltr'><strong>accendit,</strong></span> <span class='ocrx_word' id='word_1_118' title='bbox 966 1435 1068 1494; x_wconf 89' lang='lat' dir='ltr'><strong>ille</strong></span> <span class='ocrx_word' id='word_1_119' title='bbox 1098 1421 1398 1509; x_wconf 64' lang='lat' dir='ltr'><strong>fagientes</strong></span> <span class='ocrx_word' id='word_1_120' title='bbox 1427 1435 1743 1497; x_wconf 87' lang='lat' dir='ltr'><strong>revocavit</strong></span> <span class='ocrx_word' id='word_1_121' title='bbox 1772 1435 2186 1508; x_wconf 86' lang='lat' dir='ltr'><strong>omissamque</strong></span> 
     </span>
     <span class='ocr_line' id='line_1_16' title="bbox 226 1517 2188 1596; baseline 0 -18"><span class='ocrx_word' id='word_1_122' title='bbox 226 1533 501 1594; x_wconf 85' lang='lat' dir='ltr'><strong>pugnam</strong></span> <span class='ocrx_word' id='word_1_123' title='bbox 540 1517 775 1593; x_wconf 85' lang='lat' dir='ltr'><strong>aliquot</strong></span> <span class='ocrx_word' id='word_1_124' title='bbox 803 1517 957 1579; x_wconf 90' lang='lat' dir='ltr'><strong>locis</strong></span> <span class='ocrx_word' id='word_1_125' title='bbox 986 1518 1272 1580; x_wconf 87' lang='lat' dir='ltr'><strong>restituit=</strong></span> <span class='ocrx_word' id='word_1_126' title='bbox 1316 1526 1651 1596; x_wconf 86' lang='lat' dir='ltr'><strong>postremo,</strong></span> <span class='ocrx_word' id='word_1_127' title='bbox 1699 1535 1837 1580; x_wconf 90' lang='lat' dir='ltr'><strong>cum</strong></span> <span class='ocrx_word' id='word_1_128' title='bbox 1874 1517 2040 1578; x_wconf 87' lang='lat' dir='ltr'><strong>haud</strong></span> <span class='ocrx_word' id='word_1_129' title='bbox 2080 1518 2188 1578; x_wconf 88' lang='lat' dir='ltr'><strong>du-</strong></span> 
     </span>
     <span class='ocr_line' id='line_1_17' title="bbox 228 1599 2189 1681; baseline 0.001 -21"><span class='ocrx_word' id='word_1_130' title='bbox 228 1601 329 1660; x_wconf 90' lang='lat' dir='ltr'><strong>bie</strong></span> <span class='ocrx_word' id='word_1_131' title='bbox 371 1602 613 1669; x_wconf 79' lang='lat' dir='ltr'><strong>fortuna</strong></span> <span class='ocrx_word' id='word_1_132' title='bbox 633 1601 921 1670; x_wconf 64' lang='lat' dir='ltr'><strong>,hostiurn</strong></span> <span class='ocrx_word' id='word_1_133' title='bbox 962 1609 1157 1677; x_wconf 90' lang='lat' dir='ltr'><strong>esset,</strong></span> <span class='ocrx_word' id='word_1_134' title='bbox 1215 1618 1296 1662; x_wconf 88' lang='lat' dir='ltr'><strong>ne</strong></span> <span class='ocrx_word' id='word_1_135' title='bbox 1335 1611 1650 1681; x_wconf 88' lang='lat' dir='ltr'><strong>superstes</strong></span> <span class='ocrx_word' id='word_1_136' title='bbox 1690 1609 1855 1665; x_wconf 89' lang='lat' dir='ltr'><strong>tanto</strong></span> <span class='ocrx_word' id='word_1_137' title='bbox 1900 1599 2189 1663; x_wconf 89' lang='lat' dir='ltr'><strong>exercitui</strong></span> 
     </span>
     <span class='ocr_line' id='line_1_18' title="bbox 228 1685 2187 1763; baseline -0.002 -17"><span class='ocrx_word' id='word_1_138' title='bbox 228 1701 411 1746; x_wconf 83' lang='lat' dir='ltr'><strong>suum</strong></span> <span class='ocrx_word' id='word_1_139' title='bbox 439 1701 661 1746; x_wconf 89' lang='lat' dir='ltr'><strong>nomen</strong></span> <span class='ocrx_word' id='word_1_140' title='bbox 690 1692 905 1747; x_wconf 90' lang='lat' dir='ltr'><strong>secuto</strong></span> <span class='ocrx_word' id='word_1_141' title='bbox 938 1693 1121 1758; x_wconf 88' lang='lat' dir='ltr'><strong>esset,</strong></span> <span class='ocrx_word' id='word_1_142' title='bbox 1156 1685 1457 1747; x_wconf 87' lang='lat' dir='ltr'><strong>concitato</strong></span> <span class='ocrx_word' id='word_1_143' title='bbox 1489 1703 1652 1763; x_wconf 87' lang='lat' dir='ltr'><strong>equo</strong></span> <span class='ocrx_word' id='word_1_144' title='bbox 1684 1702 1754 1748; x_wconf 90' lang='lat' dir='ltr'><strong>se</strong></span> <span class='ocrx_word' id='word_1_145' title='bbox 1781 1687 1844 1746; x_wconf 90' lang='lat' dir='ltr'><strong>in</strong></span> <span class='ocrx_word' id='word_1_146' title='bbox 1877 1686 2187 1746; x_wconf 90' lang='lat' dir='ltr'><strong>cohortem</strong></span> 
     </span>
     <span class='ocr_line' id='line_1_19' title="bbox 228 1767 2188 1844; baseline -0.002 -15"><span class='ocrx_word' id='word_1_147' title='bbox 228 1770 567 1830; x_wconf 88' lang='lat' dir='ltr'><strong>Romanam</strong></span> <span class='ocrx_word' id='word_1_148' title='bbox 608 1768 869 1834; x_wconf 86' lang='lat' dir='ltr'><strong>immisit.</strong></span> <span class='ocrx_word' id='word_1_149' title='bbox 934 1769 1048 1841; x_wconf 89' lang='lat' dir='ltr'><strong>ibi,</strong></span> <span class='ocrx_word' id='word_1_150' title='bbox 1094 1775 1161 1829; x_wconf 89' lang='lat' dir='ltr'><strong>ut</strong></span> <span class='ocrx_word' id='word_1_151' title='bbox 1188 1774 1362 1844; x_wconf 87' lang='lat' dir='ltr'><strong>patre</strong></span> <span class='ocrx_word' id='word_1_152' title='bbox 1390 1770 1734 1830; x_wconf 88' lang='lat' dir='ltr'><strong>Hamilcare</strong></span> <span class='ocrx_word' id='word_1_153' title='bbox 1763 1775 1824 1829; x_wconf 91' lang='lat' dir='ltr'><strong>et</strong></span> <span class='ocrx_word' id='word_1_154' title='bbox 1849 1767 2188 1828; x_wconf 89' lang='lat' dir='ltr'><strong>Hannibale</strong></span> 
     </span>
     <span class='ocr_line' id='line_1_20' title="bbox 228 1851 1460 1929; baseline -0.002 -16"><span class='ocrx_word' id='word_1_155' title='bbox 228 1853 414 1913; x_wconf 79' lang='lat' dir='ltr'><strong>fratre</strong></span> <span class='ocrx_word' id='word_1_156' title='bbox 443 1851 689 1928; x_wconf 87' lang='lat' dir='ltr'><strong>dignum</strong></span> <span class='ocrx_word' id='word_1_157' title='bbox 719 1860 865 1927; x_wconf 84' lang='lat' dir='ltr'><strong>erat,</strong></span> <span class='ocrx_word' id='word_1_158' title='bbox 909 1867 1191 1929; x_wconf 80' lang='lat' dir='ltr'><strong>pugnans</strong></span> <span class='ocrx_word' id='word_1_159' title='bbox 1222 1852 1460 1913; x_wconf 89' lang='lat' dir='ltr'><strong>cecidit.</strong></span> 
     </span>
    </p>

    <p class='ocr_par' dir='ltr' id='par_1_3' title="bbox 224 1934 2190 3338">
     <span class='ocr_line' id='line_1_21' title="bbox 398 1934 2188 2011; baseline -0.002 -15"><span class='ocrx_word' id='word_1_160' title='bbox 398 1936 739 2011; x_wconf 89' lang='lat' dir='ltr'><strong>Numquam</strong></span> <span class='ocrx_word' id='word_1_161' title='bbox 780 1953 855 1999; x_wconf 93' lang='lat' dir='ltr'><strong>eo</strong></span> <span class='ocrx_word' id='word_1_162' title='bbox 896 1935 1057 1997; x_wconf 92' lang='lat' dir='ltr'><strong>bello</strong></span> <span class='ocrx_word' id='word_1_163' title='bbox 1100 1953 1226 1998; x_wconf 88' lang='lat' dir='ltr'><strong>una</strong></span> <span class='ocrx_word' id='word_1_164' title='bbox 1263 1937 1398 1998; x_wconf 87' lang='lat' dir='ltr'><strong>acie</strong></span> <span class='ocrx_word' id='word_1_165' title='bbox 1432 1942 1661 1998; x_wconf 86' lang='lat' dir='ltr'><strong>tantum</strong></span> <span class='ocrx_word' id='word_1_166' title='bbox 1701 1935 1968 1996; x_wconf 89' lang='lat' dir='ltr'><strong>hostium</strong></span> <span class='ocrx_word' id='word_1_167' title='bbox 2007 1934 2188 1994; x_wconf 87' lang='lat' dir='ltr'><strong>inter-</strong></span> 
     </span>
     <span class='ocr_line' id='line_1_22' title="bbox 226 2017 2187 2096; baseline -0.001 -16"><span class='ocrx_word' id='word_1_168' title='bbox 226 2021 455 2081; x_wconf 74' lang='lat' dir='ltr'><strong>fectum</strong></span> <span class='ocrx_word' id='word_1_169' title='bbox 497 2026 621 2094; x_wconf 89' lang='lat' dir='ltr'><strong>est,</strong></span> <span class='ocrx_word' id='word_1_170' title='bbox 665 2020 1030 2095; x_wconf 90' lang='lat' dir='ltr'><strong>redditaque</strong></span> <span class='ocrx_word' id='word_1_171' title='bbox 1070 2035 1273 2096; x_wconf 84' lang='lat' dir='ltr'><strong>aequa</strong></span> <span class='ocrx_word' id='word_1_172' title='bbox 1305 2017 1607 2082; x_wconf 87' lang='lat' dir='ltr'><strong>Cannensi</strong></span> <span class='ocrx_word' id='word_1_173' title='bbox 1637 2019 1847 2080; x_wconf 85' lang='lat' dir='ltr'><strong>clades</strong></span> <span class='ocrx_word' id='word_1_174' title='bbox 1882 2019 1980 2078; x_wconf 87' lang='lat' dir='ltr'><strong>vel</strong></span> <span class='ocrx_word' id='word_1_175' title='bbox 2009 2018 2187 2080; x_wconf 90' lang='lat' dir='ltr'><strong>ducis</strong></span> 
     </span>
     <span class='ocr_line' id='line_1_23' title="bbox 226 2102 2188 2183; baseline -0.002 -19"><span class='ocrx_word' id='word_1_176' title='bbox 226 2106 328 2165; x_wconf 88' lang='lat' dir='ltr'><strong>vel</strong></span> <span class='ocrx_word' id='word_1_177' title='bbox 370 2105 678 2166; x_wconf 85' lang='lat' dir='ltr'><strong>exercitus</strong></span> <span class='ocrx_word' id='word_1_178' title='bbox 720 2103 960 2165; x_wconf 84' lang='lat' dir='ltr'><strong>interitu</strong></span> <span class='ocrx_word' id='word_1_179' title='bbox 1005 2103 1346 2166; x_wconf 88' lang='lat' dir='ltr'><strong>videbatur.</strong></span> <span class='ocrx_word' id='word_1_180' title='bbox 1413 2102 1855 2183; x_wconf 76' lang='lat' dir='ltr'><strong>quinquaginta</strong></span> <span class='ocrx_word' id='word_1_181' title='bbox 1883 2119 1998 2162; x_wconf 90' lang='lat' dir='ltr'><strong>sex</strong></span> <span class='ocrx_word' id='word_1_182' title='bbox 2025 2102 2188 2162; x_wconf 86' lang='lat' dir='ltr'><strong>milia</strong></span> 
     </span>
     <span class='ocr_line' id='line_1_24' title="bbox 226 2185 2187 2266; baseline -0.002 -18"><span class='ocrx_word' id='word_1_183' title='bbox 226 2187 497 2250; x_wconf 89' lang='lat' dir='ltr'><strong>bost-ium</strong></span> <span class='ocrx_word' id='word_1_184' title='bbox 528 2188 751 2264; x_wconf 88' lang='lat' dir='ltr'><strong>occisa,</strong></span> <span class='ocrx_word' id='word_1_185' title='bbox 782 2195 962 2265; x_wconf 87' lang='lat' dir='ltr'><strong>capta</strong></span> <span class='ocrx_word' id='word_1_186' title='bbox 994 2188 1264 2266; x_wconf 87' lang='lat' dir='ltr'><strong>quinque</strong></span> <span class='ocrx_word' id='word_1_187' title='bbox 1293 2189 1458 2250; x_wconf 88' lang='lat' dir='ltr'><strong>milia</strong></span> <span class='ocrx_word' id='word_1_188' title='bbox 1486 2194 1546 2249; x_wconf 89' lang='lat' dir='ltr'><strong>et</strong></span> <span class='ocrx_word' id='word_1_189' title='bbox 1575 2185 2029 2263; x_wconf 82' lang='lat' dir='ltr'><strong>quadringenti3</strong></span> <span class='ocrx_word' id='word_1_190' title='bbox 2061 2202 2187 2244; x_wconf 86' lang='lat' dir='ltr'><strong>ma·</strong></span> 
     </span>
     <span class='ocr_line' id='line_1_25' title="bbox 226 2270 2189 2348; baseline -0.003 -16"><span class='ocrx_word' id='word_1_191' title='bbox 226 2287 349 2347; x_wconf 84' lang='lat' dir='ltr'><strong>gna</strong></span> <span class='ocrx_word' id='word_1_192' title='bbox 373 2273 607 2348; x_wconf 85' lang='lat' dir='ltr'><strong>praeda</strong></span> <span class='ocrx_word' id='word_1_193' title='bbox 636 2272 755 2332; x_wconf 88' lang='lat' dir='ltr'><strong>alia</strong></span> <span class='ocrx_word' id='word_1_194' title='bbox 784 2288 923 2333; x_wconf 87' lang='lat' dir='ltr'><strong>cum</strong></span> <span class='ocrx_word' id='word_1_195' title='bbox 952 2272 1150 2342; x_wconf 79' lang='lat' dir='ltr'><strong>omnis</strong></span> <span class='ocrx_word' id='word_1_196' title='bbox 1174 2272 1418 2347; x_wconf 83' lang='lat' dir='ltr'><strong>generis</strong></span> <span class='ocrx_word' id='word_1_197' title='bbox 1441 2279 1568 2333; x_wconf 90' lang='lat' dir='ltr'><strong>tum</strong></span> <span class='ocrx_word' id='word_1_198' title='bbox 1598 2270 1728 2330; x_wconf 90' lang='lat' dir='ltr'><strong>auri</strong></span> <span class='ocrx_word' id='word_1_199' title='bbox 1759 2271 1939 2330; x_wconf 88' lang='lat' dir='ltr'><strong>etiam</strong></span> <span class='ocrx_word' id='word_1_200' title='bbox 1969 2285 2189 2344; x_wconf 83' lang='lat' dir='ltr'><strong>argen-</strong></span> 
     </span>
     <span class='ocr_line' id='line_1_26' title="bbox 226 2352 2188 2432; baseline -0.002 -16"><span class='ocrx_word' id='word_1_201' title='bbox 226 2355 443 2432; x_wconf 86' lang='lat' dir='ltr'><strong>tique.-</strong></span> <span class='ocrx_word' id='word_1_202' title='bbox 480 2355 701 2415; x_wconf 90' lang='lat' dir='ltr'><strong>civium</strong></span> <span class='ocrx_word' id='word_1_203' title='bbox 740 2356 922 2417; x_wconf 89' lang='lat' dir='ltr'><strong>etiam</strong></span> <span class='ocrx_word' id='word_1_204' title='bbox 950 2357 1418 2430; x_wconf 78' lang='lat' dir='ltr'><strong>Romanorum,</strong></span> <span class='ocrx_word' id='word_1_205' title='bbox 1443 2354 1546 2431; x_wconf 90' lang='lat' dir='ltr'><strong>qui</strong></span> <span class='ocrx_word' id='word_1_206' title='bbox 1577 2352 1738 2429; x_wconf 90' lang='lat' dir='ltr'><strong>capti</strong></span> <span class='ocrx_word' id='word_1_207' title='bbox 1779 2352 1950 2430; x_wconf 87' lang='lat' dir='ltr'><strong>apud</strong></span> <span class='ocrx_word' id='word_1_208' title='bbox 1976 2352 2188 2414; x_wconf 82' lang='lat' dir='ltr'><strong>hostes</strong></span> 
     </span>
     <span class='ocr_line' id='line_1_27' title="bbox 227 2435 2188 2518; baseline -0.003 -18"><span class='ocrx_word' id='word_1_209' title='bbox 227 2448 421 2518; x_wconf 85' lang='lat' dir='ltr'><strong>erant,</strong></span> <span class='ocrx_word' id='word_1_210' title='bbox 454 2455 643 2514; x_wconf 89' lang='lat' dir='ltr'><strong>supra</strong></span> <span class='ocrx_word' id='word_1_211' title='bbox 670 2440 784 2502; x_wconf 86' lang='lat' dir='ltr'><strong>tria</strong></span> <span class='ocrx_word' id='word_1_212' title='bbox 814 2441 979 2504; x_wconf 89' lang='lat' dir='ltr'><strong>milia</strong></span> <span class='ocrx_word' id='word_1_213' title='bbox 1007 2438 1273 2517; x_wconf 88' lang='lat' dir='ltr'><strong>capitum</strong></span> <span class='ocrx_word' id='word_1_214' title='bbox 1301 2446 1567 2514; x_wconf 88' lang='lat' dir='ltr'><strong>recepta.</strong></span> <span class='ocrx_word' id='word_1_215' title='bbox 1611 2436 1678 2497; x_wconf 92' lang='lat' dir='ltr'><strong>id</strong></span> <span class='ocrx_word' id='word_1_216' title='bbox 1706 2437 1910 2497; x_wconf 85' lang='lat' dir='ltr'><strong>solatii</strong></span> <span class='ocrx_word' id='word_1_217' title='bbox 1941 2435 2049 2496; x_wconf 80' lang='lat' dir='ltr'><strong>ruit</strong></span> <span class='ocrx_word' id='word_1_218' title='bbox 2075 2452 2188 2512; x_wconf 83' lang='lat' dir='ltr'><strong>pro</strong></span> 
     </span>
     <span class='ocr_line' id='line_1_28' title="bbox 226 2520 2190 2598; baseline -0.003 -14"><span class='ocrx_word' id='word_1_219' title='bbox 226 2522 477 2584; x_wconf 86' lang='lat' dir='ltr'><strong>amissis</strong></span> <span class='ocrx_word' id='word_1_220' title='bbox 500 2537 577 2582; x_wconf 88' lang='lat' dir='ltr'><strong>eo</strong></span> <span class='ocrx_word' id='word_1_221' title='bbox 601 2523 837 2598; x_wconf 85' lang='lat' dir='ltr'><strong>proelio</strong></span> <span class='ocrx_word' id='word_1_222' title='bbox 864 2524 1170 2586; x_wconf 84' lang='lat' dir='ltr'><strong>militibus.</strong></span> <span class='ocrx_word' id='word_1_223' title='bbox 1214 2538 1352 2582; x_wconf 88' lang='lat' dir='ltr'><strong>nam</strong></span> <span class='ocrx_word' id='word_1_224' title='bbox 1373 2522 1852 2596; x_wconf 84' lang='lat' dir='ltr'><strong>haudquaquam</strong></span> <span class='ocrx_word' id='word_1_225' title='bbox 1873 2520 2190 2580; x_wconf 88' lang='lat' dir='ltr'><strong>incruenta</strong></span> 
     </span>
     <span class='ocr_line' id='line_1_29' title="bbox 228 2602 2190 2678; baseline -0.003 -11"><span class='ocrx_word' id='word_1_226' title='bbox 228 2606 481 2668; x_wconf 86' lang='lat' dir='ltr'><strong>victoria</strong></span> <span class='ocrx_word' id='word_1_227' title='bbox 524 2605 664 2667; x_wconf 75' lang='lat' dir='ltr'><strong>tuit:</strong></span> <span class='ocrx_word' id='word_1_228' title='bbox 712 2614 850 2670; x_wconf 91' lang='lat' dir='ltr'><strong>octo</strong></span> <span class='ocrx_word' id='word_1_229' title='bbox 878 2609 1071 2668; x_wconf 76' lang='lat' dir='ltr'><strong>ferme</strong></span> <span class='ocrx_word' id='word_1_230' title='bbox 1110 2607 1275 2668; x_wconf 88' lang='lat' dir='ltr'><strong>milia</strong></span> <span class='ocrx_word' id='word_1_231' title='bbox 1301 2607 1714 2668; x_wconf 87' lang='lat' dir='ltr'><strong>Romanorum</strong></span> <span class='ocrx_word' id='word_1_232' title='bbox 1759 2602 2190 2678; x_wconf 90' lang='lat' dir='ltr'><strong>sociorumque</strong></span> 
     </span>
     <span class='ocr_line' id='line_1_30' title="bbox 229 2687 2187 2767; baseline -0.004 -15"><span class='ocrx_word' id='word_1_233' title='bbox 229 2693 457 2752; x_wconf 86' lang='lat' dir='ltr'><strong>occisa.</strong></span> <span class='ocrx_word' id='word_1_234' title='bbox 525 2691 808 2767; x_wconf 89' lang='lat' dir='ltr'><strong>adeoque</strong></span> <span class='ocrx_word' id='word_1_235' title='bbox 849 2690 1032 2753; x_wconf 90' lang='lat' dir='ltr'><strong>etiam</strong></span> <span class='ocrx_word' id='word_1_236' title='bbox 1063 2693 1330 2753; x_wconf 87' lang='lat' dir='ltr'><strong>victores</strong></span> <span class='ocrx_word' id='word_1_237' title='bbox 1371 2688 1688 2766; x_wconf 83' lang='lat' dir='ltr'><strong>sanguinis</strong></span> <span class='ocrx_word' id='word_1_238' title='bbox 1723 2687 2061 2762; x_wconf 84' lang='lat' dir='ltr'><strong>caedisque</strong></span> <span class='ocrx_word' id='word_1_239' title='bbox 2091 2701 2187 2744; x_wconf 87' lang='lat' dir='ltr'><strong>ce-</strong></span> 
     </span>
     <span class='ocr_line' id='line_1_31' title="bbox 227 2769 2188 2850; baseline -0.004 -14"><span class='ocrx_word' id='word_1_240' title='bbox 227 2783 407 2850; x_wconf 87' lang='lat' dir='ltr'><strong>perat</strong></span> <span class='ocrx_word' id='word_1_241' title='bbox 434 2773 703 2850; x_wconf 80' lang='lat' dir='ltr'><strong>satietaS,</strong></span> <span class='ocrx_word' id='word_1_242' title='bbox 748 2781 816 2836; x_wconf 90' lang='lat' dir='ltr'><strong>ut</strong></span> <span class='ocrx_word' id='word_1_243' title='bbox 843 2784 1092 2850; x_wconf 86' lang='lat' dir='ltr'><strong>postero</strong></span> <span class='ocrx_word' id='word_1_244' title='bbox 1125 2777 1242 2850; x_wconf 86' lang='lat' dir='ltr'><strong>die,</strong></span> <span class='ocrx_word' id='word_1_245' title='bbox 1290 2790 1428 2835; x_wconf 88' lang='lat' dir='ltr'><strong>cum</strong></span> <span class='ocrx_word' id='word_1_246' title='bbox 1456 2779 1625 2840; x_wconf 87' lang='lat' dir='ltr'><strong>essct</strong></span> <span class='ocrx_word' id='word_1_247' title='bbox 1651 2772 1986 2834; x_wconf 88' lang='lat' dir='ltr'><strong>nuntiatum</strong></span> <span class='ocrx_word' id='word_1_248' title='bbox 2015 2769 2188 2829; x_wconf 84' lang='lat' dir='ltr'><strong>Livio</strong></span> 
     </span>
     <span class='ocr_line' id='line_1_32' title="bbox 230 2851 2187 2935; baseline -0.004 -15"><span class='ocrx_word' id='word_1_249' title='bbox 230 2859 467 2920; x_wconf 88' lang='lat' dir='ltr'><strong>consuli</strong></span> <span class='ocrx_word' id='word_1_250' title='bbox 518 2857 727 2920; x_wconf 86' lang='lat' dir='ltr'><strong>Gallos</strong></span> <span class='ocrx_word' id='word_1_251' title='bbox 778 2859 1121 2935; x_wconf 85' lang='lat' dir='ltr'><strong>Cisalpinos</strong></span> <span class='ocrx_word' id='word_1_252' title='bbox 1170 2859 1582 2934; x_wconf 82' lang='lat' dir='ltr'><strong>Liguresque,</strong></span> <span class='ocrx_word' id='word_1_253' title='bbox 1627 2856 1750 2932; x_wconf 81' lang='lat' dir='ltr'><strong>&#39;qui</strong></span> <span class='ocrx_word' id='word_1_254' title='bbox 1803 2861 1906 2916; x_wconf 90' lang='lat' dir='ltr'><strong>aut</strong></span> <span class='ocrx_word' id='word_1_255' title='bbox 1951 2851 2187 2929; x_wconf 90' lang='lat' dir='ltr'><strong>proelio</strong></span> 
     </span>
     <span class='ocr_line' id='line_1_33' title="bbox 226 2936 2190 3018; baseline -0.004 -16"><span class='ocrx_word' id='word_1_256' title='bbox 226 2958 349 3004; x_wconf 90' lang='lat' dir='ltr'><strong>non</strong></span> <span class='ocrx_word' id='word_1_257' title='bbox 379 2940 742 3018; x_wconf 79' lang='lat' dir='ltr'><strong>adfuissent,</strong></span> <span class='ocrx_word' id='word_1_258' title='bbox 788 2950 894 3004; x_wconf 87' lang='lat' dir='ltr'><strong>aut</strong></span> <span class='ocrx_word' id='word_1_259' title='bbox 918 2943 1074 3003; x_wconf 90' lang='lat' dir='ltr'><strong>inter</strong></span> <span class='ocrx_word' id='word_1_260' title='bbox 1103 2943 1355 3004; x_wconf 87' lang='lat' dir='ltr'><strong>caedem</strong></span> <span class='ocrx_word' id='word_1_261' title='bbox 1385 2940 1765 3016; x_wconf 86' lang='lat' dir='ltr'><strong>effugissent,</strong></span> <span class='ocrx_word' id='word_1_262' title='bbox 1793 2953 1917 3000; x_wconf 89' lang='lat' dir='ltr'><strong>uno</strong></span> <span class='ocrx_word' id='word_1_263' title='bbox 1950 2936 2190 3012; x_wconf 87' lang='lat' dir='ltr'><strong>agmine</strong></span> 
     </span>
     <span class='ocr_line' id='line_1_34' title="bbox 228 3021 2188 3102; baseline -0.005 -14"><span class='ocrx_word' id='word_1_264' title='bbox 228 3025 397 3088; x_wconf 81' lang='lat' dir='ltr'><strong>abire</strong></span> <span class='ocrx_word' id='word_1_265' title='bbox 418 3026 554 3088; x_wconf 87' lang='lat' dir='ltr'><strong>sine</strong></span> <span class='ocrx_word' id='word_1_266' title='bbox 583 3033 749 3088; x_wconf 88' lang='lat' dir='ltr'><strong>certo</strong></span> <span class='ocrx_word' id='word_1_267' title='bbox 781 3027 957 3100; x_wconf 90' lang='lat' dir='ltr'><strong>duce,</strong></span> <span class='ocrx_word' id='word_1_268' title='bbox 990 3026 1123 3087; x_wconf 90' lang='lat' dir='ltr'><strong>sine</strong></span> <span class='ocrx_word' id='word_1_269' title='bbox 1148 3026 1359 3102; x_wconf 88' lang='lat' dir='ltr'><strong>signis,</strong></span> <span class='ocrx_word' id='word_1_270' title='bbox 1390 3025 1525 3086; x_wconf 87' lang='lat' dir='ltr'><strong>sine</strong></span> <span class='ocrx_word' id='word_1_271' title='bbox 1554 3024 1768 3086; x_wconf 90' lang='lat' dir='ltr'><strong>ordine</strong></span> <span class='ocrx_word' id='word_1_272' title='bbox 1797 3023 1918 3084; x_wconf 90' lang='lat' dir='ltr'><strong>ullo</strong></span> <span class='ocrx_word' id='word_1_273' title='bbox 1949 3026 2054 3082; x_wconf 89' lang='lat' dir='ltr'><strong>aut</strong></span> <span class='ocrx_word' id='word_1_274' title='bbox 2083 3021 2188 3080; x_wconf 87' lang='lat' dir='ltr'><strong>im·</strong></span> 
     </span>
     <span class='ocr_line' id='line_1_35' title="bbox 225 3103 2187 3186; baseline -0.006 -16"><span class='ocrx_word' id='word_1_275' title='bbox 225 3110 431 3186; x_wconf 86' lang='lat' dir='ltr'><strong>perio;</strong></span> <span class='ocrx_word' id='word_1_276' title='bbox 478 3124 687 3186; x_wconf 82' lang='lat' dir='ltr'><strong>posse,</strong></span> <span class='ocrx_word' id='word_1_277' title='bbox 728 3111 783 3172; x_wconf 91' lang='lat' dir='ltr'><strong>si</strong></span> <span class='ocrx_word' id='word_1_278' title='bbox 812 3127 934 3172; x_wconf 91' lang='lat' dir='ltr'><strong>una</strong></span> <span class='ocrx_word' id='word_1_279' title='bbox 964 3109 1234 3184; x_wconf 85' lang='lat' dir='ltr'><strong>equitum</strong></span> <span class='ocrx_word' id='word_1_280' title='bbox 1262 3111 1363 3170; x_wconf 88' lang='lat' dir='ltr'><strong>ala</strong></span> <span class='ocrx_word' id='word_1_281' title='bbox 1390 3108 1672 3183; x_wconf 87' lang='lat' dir='ltr'><strong>mittatur,</strong></span> <span class='ocrx_word' id='word_1_282' title='bbox 1721 3122 1934 3170; x_wconf 88' lang='lat' dir='ltr'><strong>omnes</strong></span> <span class='ocrx_word' id='word_1_283' title='bbox 1965 3103 2187 3166; x_wconf 83' lang='lat' dir='ltr'><strong>deleri=</strong></span> 
     </span>
     <span class='ocr_line' id='line_1_36' title="bbox 224 3191 2190 3271; baseline -0.006 -17"><span class='ocrx_word' id='word_1_284' title='bbox 224 3239 260 3269; x_wconf 91' lang='lat'>„</span> <span class='ocrx_word' id='word_1_285' title='bbox 282 3192 430 3270; x_wconf 81' lang='lat' dir='ltr'><strong>quin</strong></span> <span class='ocrx_word' id='word_1_286' title='bbox 462 3192 776 3270; x_wconf 88' lang='lat' dir='ltr'><strong>supersint</strong></span> <span class='ocrx_word' id='word_1_287' title='bbox 805 3193 993 3271; x_wconf 87' lang='lat' dir='ltr'><strong>aliqui</strong></span> <span class='ocrx_word' id='word_1_288' title='bbox 1023 3193 1213 3254; x_wconf 88' lang='lat' dir='ltr'><strong>nuntii</strong></span> <span class='ocrx_word' id='word_1_289' title='bbox 1244 3201 1304 3254; x_wconf 89' lang='lat' dir='ltr'><strong>et</strong></span> <span class='ocrx_word' id='word_1_290' title='bbox 1330 3193 1597 3253; x_wconf 89' lang='lat' dir='ltr'><strong>hostium</strong></span> <span class='ocrx_word' id='word_1_291' title='bbox 1627 3191 1820 3252; x_wconf 89' lang='lat' dir='ltr'><strong>cladis</strong></span> <span class='ocrx_word' id='word_1_292' title='bbox 1853 3195 1914 3249; x_wconf 88' lang='lat' dir='ltr'><strong>et</strong></span> <span class='ocrx_word' id='word_1_293' title='bbox 1941 3193 2190 3249; x_wconf 83' lang='lat' dir='ltr'><strong>nostrae</strong></span> 
     </span>
     <span class='ocr_line' id='line_1_37' title="bbox 225 3275 527 3338; baseline -0.003 -3"><span class='ocrx_word' id='word_1_294' title='bbox 225 3275 527 3338; x_wconf 81' lang='lat' dir='ltr'><strong>virtutis“.</strong></span> 
     </span>
    </p>

    <p class='ocr_par' dir='ltr' id='par_1_4' title="bbox 226 3353 2188 3521">
     <span class='ocr_line' id='line_1_38' title="bbox 393 3353 2188 3436; baseline -0.004 -17"><span class='ocrx_word' id='word_1_295' title='bbox 393 3360 459 3419; x_wconf 89' lang='lat' dir='ltr'><strong>L.</strong></span> <span class='ocrx_word' id='word_1_296' title='bbox 523 3361 682 3422; x_wconf 88' lang='lat' dir='ltr'><strong>Nero</strong></span> <span class='ocrx_word' id='word_1_297' title='bbox 714 3376 789 3421; x_wconf 87' lang='lat' dir='ltr'><strong>ea</strong></span> <span class='ocrx_word' id='word_1_298' title='bbox 816 3368 1013 3436; x_wconf 85' lang='lat' dir='ltr'><strong>nocte,</strong></span> <span class='ocrx_word' id='word_1_299' title='bbox 1046 3376 1203 3436; x_wconf 89' lang='lat' dir='ltr'><strong>quae</strong></span> <span class='ocrx_word' id='word_1_300' title='bbox 1234 3364 1447 3422; x_wconf 88' lang='lat' dir='ltr'><strong>secuta</strong></span> <span class='ocrx_word' id='word_1_301' title='bbox 1473 3365 1568 3418; x_wconf 85' lang='lat' dir='ltr'><strong>est</strong></span> <span class='ocrx_word' id='word_1_302' title='bbox 1593 3371 1882 3433; x_wconf 88' lang='lat' dir='ltr'><strong>pugnam,</strong></span> <span class='ocrx_word' id='word_1_303' title='bbox 1916 3353 2188 3414; x_wconf 85' lang='lat' dir='ltr'><strong>citatiore</strong></span> 
     </span>
     <span class='ocr_line' id='line_1_39' title="bbox 226 3435 2188 3521; baseline -0.004 -19"><span class='ocrx_word' id='word_1_304' title='bbox 226 3459 413 3518; x_wconf 85' lang='lat' dir='ltr'><strong>quam</strong></span> <span class='ocrx_word' id='word_1_305' title='bbox 459 3441 603 3510; x_wconf 82' lang='lat' dir='ltr'><strong>inde</strong></span> <span class='ocrx_word' id='word_1_306' title='bbox 640 3450 893 3505; x_wconf 86' lang='lat' dir='ltr'><strong>venerat</strong></span> <span class='ocrx_word' id='word_1_307' title='bbox 934 3444 1174 3521; x_wconf 84' lang='lat' dir='ltr'><strong>agmine</strong></span> <span class='ocrx_word' id='word_1_308' title='bbox 1218 3443 1319 3503; x_wconf 90' lang='lat' dir='ltr'><strong>die</strong></span> <span class='ocrx_word' id='word_1_309' title='bbox 1359 3453 1536 3503; x_wconf 84' lang='lat' dir='ltr'><strong>sexto</strong></span> <span class='ocrx_word' id='word_1_310' title='bbox 1567 3439 1648 3501; x_wconf 89' lang='lat' dir='ltr'><strong>ad</strong></span> <span class='ocrx_word' id='word_1_311' title='bbox 1680 3437 1900 3500; x_wconf 88' lang='lat' dir='ltr'><strong>stativa</strong></span> <span class='ocrx_word' id='word_1_312' title='bbox 1929 3455 2040 3498; x_wconf 86' lang='lat' dir='ltr'><strong>sua</strong></span> <span class='ocrx_word' id='word_1_313' title='bbox 2081 3435 2188 3496; x_wconf 87' lang='lat' dir='ltr'><strong>ad·</strong></span> 
     </span>
    </p>
   </div>
  </div>
 </body>
</html>
