2550 3959
841 746 1120 847 Tl'l'l
1205 752 1481 853 mvl

744 919 855 981 AB
895 920 1134 983 URBE
1180 922 1588 987 CONDITA
1658 930 1666 934 ’

925 1052 1148 1117 LIBER
1188 1054 1407 1117 XXIV.

211 1302 516 1361 zl’rromss.
555 1305 922 1389 ”Hierony-‘mus
942 1306 1375 1392 Syracusanorum
1394 1324 1502 1371 rex,
1538 1310 1681 1360 cuius
1700 1324 1827 1391 avus
1844 1311 1993 1366 Hiero
2015 1316 2145 1365 ami-

277 1373 1044 1510 ffississkffssss‘ssssssssbiiiizi’e
1056 1376 1801 1499 Zfflffffikifrffiieisssessssf
1810 1387 2143 1517 sessssssssffii

275 1512 541 1564 Gracchus
557 1512 828 1579 proconsul
846 1528 1088 1582 prospere
1106 1516 1353 1567 adversus
1368 1518 1568 1568 Poenos
1584 1524 1635 1566 et
1649 1516 1942 1569 Hannonem
1960 1520 2139 1572 ducem

275 1584 349 1634 od
367 1580 716 1633 Beneventum
743 1584 994 1649 pugnavit
1017 1598 1282 1636 servorum-
1312 1588 1535 1637 maxime
1568 1600 1725 1651 opera
1738 1622 1753 1647 ,
1792 1602 1921 1651 qnos
1954 1588 2139 1641 liberos

275 1666 398 1705 esse
415 1652 588 1705 iussit.
642 1650 886 1703 Claudius
899 1652 1164 1706 Marcellus
1185 1654 1365 1705 consul
1392 1657 1448 1704 in
1466 1653 1641 1706 Sicilia
1654 1690 1669 1715 ,
1708 1670 1837 1719 quae
1857 1672 2017 1723 prope
2033 1666 2139 1710 tots

279 1722 351 1773 ad
363 1722 564 1773 Poenos
591 1720 859 1781 defecerat,
881 1720 1156 1787 Syracusas
1175 1724 1391 1773 obsedit.
1427 1724 1660 1789 Philippo
1680 1724 2011 1776 Macedonum
2028 1728 2137 1793 regi

276 1788 470 1840 bellum
486 1790 732 1840 indictum
754 1798 846 1850 est,
866 1792 953 1852 qui
973 1789 1042 1841 ad
1052 1790 1376 1856 Apolloniam
1394 1800 1635 1842 nocturno
1652 1792 1847 1857 proelio
1864 1808 2138 1859 oppressus

276 1858 592 1925 fugatusque
609 1858 1018 1909 inMacedouiam
1037 1874 1150 1909 cum
1165 1875 1327 1927 prope
1345 1861 1524 1911 inermi
1542 1862 1764 1911 exercitu
1782 1863 2037 1929 profugit:
2072 1863 2139 1914 ad

273 1928 332 1978 id
347 1927 538 1979 bellum
553 1929 833 1995 gerendum
849 1928 1084 1979 Valerius
1101 1937 1309 1995 praetor
1324 1930 1511 1981 missus
1528 1937 1623 1979 est.
1677 1944 1759 1979 res
1776 1940 1977 1997 praeter
2004 1947 2069 1989 ea
2086 1934 2138 1982 in

271 1996 524 2065 Hispania
551 2009 584 2046 a
601 1996 656 2047 P.
675 2006 726 2049 et
744 1996 838 2048 Gn.
859 1996 1183 2063 Scipionibus
1215 1999 1461 2051 adversus
1494 1997 1937 2065 Carthaginienses
1964 2010 2137 2067 gestas

277 2066 520 2119 continet.
591 2062 800 2133 Syphax
815 2081 907 2117 rex
921 2066 1186 2119 Numidiae
1203 2068 1255 2117 in
1284 2068 1558 2119 amicitiam
1576 2069 1765 2119 ascitus
1776 2106 1793 2131 ‚
1829 2071 1916 2134 qui
1934 2084 1967 2121 a
1984 2070 2138 2121 Masi·

275 2137 422 2187 nissa
447 2149 570 2201 rege
587 2134 950 2186 Maesuliorum
978 2150 1070 2201 pro
1090 2133 1590 2202 Carthaginiensibus
1608 2146 1869 2203 pugnante
1893 2139 2057 2190 victus
2084 2140 2138 2189 in

275 2204 568 2254 Maurusios
596 2220 710 2254 cum
742 2218 931 2270 mag-na
957 2218 1111 2254 manu
1141 2206 1342 2255 transiit
1370 2213 1542 2256 contra
1575 2204 1768 2267 Gades,
1804 2207 1893 2257 ubi
1921 2214 2135 2271 angusto

277 2273 414 2323 freto
429 2271 604 2323 Africa
619 2280 670 2323 et
683 2272 926 2338 Hispania
943 2273 1260 2324 dirimuntur.
1311 2272 1551 2325 Celtiberi
1572 2290 1771 2338 quoque
1788 2276 1841 2325 in
1859 2275 2137 2326 amicitiam

277 2342 472 2406 recepti
487 2350 632 2401 sunt,
665 2356 880 2405 quorum
910 2342 1122 2393 auxiliis
1149 2342 1325 2393 ascitis
1342 2352 1465 2393 tunc
1490 2344 1710 2409 primum
1738 2346 2135 2395 mercennarium

272 2410 488 2462 militem
504 2409 734 2462 Romana
752 2417 918 2461 castra
933 2409 1237 2463 habuerunt.

341 2508 392 2567 Ι.
445 2506 526 2567 Ut
563 2523 646 2567 ex
686 2508 1018 2583 Campania
1055 2510 1118 2569 in
1145 2509 1415 2570 Bruttios
1456 2509 1721 2569 reditum
1750 2517 1873 2587 est,
1916 2510 2135 2572 Hanno

172 2590 556 2652 adiutoribus
597 2597 659 2651 et
697 2591 956 2653 ducibus
981 2592 1233 2653 Bruttiis
1261 2592 1531 2653 Graecas
1574 2591 1759 2653 urbes
1802 2596 2131 2671 temptavit,

171 2690 248 2735 eo
279 2674 525 2735 facilius
549 2674 612 2734 in
641 2675 934 2737 societate
961 2682 1277 2737 manentes
1306 2678 1601 2750 Romana,
1648 2678 1816 2752 quod
1842 2678 2130 2753 Bruttios,

173 2774 336 2835 quos
377 2765 442 2819 et
481 2758 740 2819 oderant
780 2766 840 2820 et
877 2762 1258 2835 metuebant,
1320 2760 1919 2836 Carthaginiensium
1945 2763 2133 2839 partis

171 2844 371 2903 factos
401 2841 748 2904 cernebant.
799 2844 1058 2920 Regium
1084 2844 1347 2921 pri-mum
1372 2851 1723 2921 temptatum
1754 2854 1851 2907 est
1878 2848 2135 2924 diesque

170 2926 409 3002 aliquot
445 2926 530 2987 ibi
566 2927 937 3003 nequiquam
979 2928 1304 3005 absumpti.
1372 2929 1607 2989 interim
1636 2930 1979 2993 Locrenses
2008 2933 2131 2992 sru-

171 3018 443 3071 mentum
484 3011 773 3087 lignaque
801 3018 862 3072 ct
889 3020 1094 3073 cetera
1121 3014 1475 3074 necessaria
1512 3014 1727 3075 usibus
1758 3030 1836 3075 ex
1877 3016 2041 3093 agris
2070 3016 2129 3075 in

169 3095 388 3156 urbem
425 3108 676 3169 rapere,
713 3095 897 3156 etiam
937 3112 1016 3157 ne
1045 3097 1196 3171 quid
1235 3097 1510 3157 relictum
1541 3099 1808 3174 praedae
1849 3099 2133 3160 hostibus

169 3186 372 3253 esset,
417 3179 567 3239 etin
599 3178 734 3239 dies
761 3180 958 3241 maior
987 3180 1266 3241 omnibus
1296 3182 1491 3257 portis
1520 3181 1837 3243 multitudo
1868 3180 2130 3243 effundi:

171 3270 488 3339 postremo
517 3262 560 3323 ii
583 3263 772 3323 modo
797 3264 990 3326 relicti
1019 3265 1077 3324 in
1105 3264 1258 3325 urbe
1287 3271 1474 3337 erant,
1510 3266 1613 3339 qui
1641 3266 1895 3327 reficere
1922 3280 2131 3326 muros

169 3362 244 3407 ac
271 3354 488 3424 portas
516 3346 764 3422 telaque
791 3348 852 3408 in
882 3348 1345 3425 propugnacula
1374 3363 1708 3424 congerere
1736 3351 2129 3425 cogebantur.

167 3431 230 3492 in
261 3430 627 3509 permixtam
655 3432 930 3495 omnium
949 3432 1232 3497 aetatium
1261 3432 1663 3509 ordinumque
1693 3432 2129 3495 multitudinem

167 3521 228 3575 et
267 3524 599 3591 vagantem
637 3515 700 3575 in
741 3516 904 3591 agris
943 3530 1165 3593 magna
1191 3532 1272 3577 ex
1298 3524 1473 3595 parte
1508 3518 1799 3579 inermem
1827 3518 2135 3579 Hamilcar

251 3616 308 3659 τ.
351 3616 478 3659 mn
519 3616 672 3659 rans
707 3600 806 3659 111.
1692 3612 1717 3663 1
