2550 3959
589 256 819 320 LIBER
846 257 1057 317 XXVI.
1107 258 1505 321 01162766.
1551 266 1626 333 [ει.
1659 266 1882 337 6616]
2077 262 2201 343 ,133

228 416 295 473 ut
322 408 443 471 sibi
466 408 728 476 Romam
747 409 834 472 ad
858 416 1139 474 senatum
1166 410 1257 473 ire
1289 410 1499 474 liceret
1535 419 1802 489 oratum,
1849 416 1903 476 si
1935 434 2061 493 qua
2087 418 2199 481 mi-

225 493 572 557 eoncordia
597 492 839 557 tandem
869 492 1033 558 flecti
1063 500 1340 569 possent,
1371 511 1448 555 ne
1480 512 1554 567 36
1575 498 1658 559 ad
1687 462 1960 560 ulti'mum
1991 502 2200 577 perdi·

227 583 351 639 tum
400 577 591 650 irent,
649 592 1002 653 nomenque
1048 577 1500 661 campanarum
1541 597 1590 651 a
1620 580 1687 656 Q.
1729 581 1952 645 Flacco
2004 586 2198 647 deleri

225 662 517 725 sinerent
560 660 817 726 Flaccus
845 662 966 725 sibi
990 663 1311 759 privatam
1320 664 1687 728 simultatem
1705 682 1846 729 cum
1867 662 2196 745 Campanis

224 760 455 821 negare
483 746 670 811 ullam
697 760 877 817 6336ς
918 745 1203 843 nauticas
1228 743 1574 811 inimicitias
1603 749 1860 821 hostiles
1887 758 1952 815 et
1971 768 2115 815 esse
2137 762 2198 815 et

226 830 501 901 futuras,
546 830 761 905 quoad-
797 844 881 895 66
920 830 1122 894 auimo
1164 846 1312 903 6336
1351 847 1500 908 erga
1529 836 1826 909 populum
1853 836 2194 901 Romanum

223 914 426 976 sciret.
468 915 695 979 nullam
725 915 887 982 enim
914 914 975 976 in
1003 914 1181 978 terris
1208 920 1453 990 gen-tem
1474 932 1634 993 6336,
1668 921 1902 983 nullum
1921 922 2194 992 infestio-

220 1012 349 1059 rem
381 1000 679 1073 populum
708 997 941 1063 6661161
960 998 1258 1065 Romano.
1303 998 1444 1087 idep
1474 1016 1545 1071 se
1567 1003 1890 1065 maenibus
1919 1005 2194 1069 inclusos

220 1088 431 1151 tenere
456 1097 603 1155 eos,
638 1082 812 1158 quia,
843 1084 901 1147 si
927 1082 1035 1159 qui
1064 1083 1414 1153 evasissent
1441 1085 1665 1161 aliqua,
1696 1088 1864 1157 velut
1894 1089 2058 1163 feras
2087 1090 2180 1153 be-

220 1166 371 1231 stias
414 1180 527 1244 per
568 1182 769 1243 agros
795 1167 1007 1244 vagari
1049 1174 1109 1229 et
1142 1166 1378 1237 laniare
1412 1175 1472 1230 et
1511 1169 1820 1241 trucidare
1853 1174 2192 1248 quodcum-

221 1266 345 1327 que
363 1249 617 1315 obvium
640 1251 838 1314 detur.
877 1252 1034 1315 alios
1054 1252 1143 1319 ‘ad
1157 1251 1560 1323 Hannibalern
1577 1255 2005 1331 transfugisse,
2037 1258 2193 1320 alios

221 1336 305 1395 ad
331 1336 591 1401 Romam
618 1336 1069 1403 incendendam
1096 1337 1431 1412 profectas.
1503 1338 1888 1409 inventurum
1927 1340 1992 1401 in
2033 1356 2191 1403 sem·

215 1425 359 1482 usto
397 1420 535 1486 foro
578 1420 897 1488 consulem
938 1420 1197 1495 vestigia
1238 1421 1492 1493 sceleris
1535 1422 2001 1499 campanorum.
2068 1425 2190 1484 Ve-

216 1509 351 1565 stae
382 1502 599 1565 aedem
628 1504 877 1579 petitam
904 1510 965 1569 et
993 1502 1276 1571 aeter-nos
1301 1506 1476 1580 ignes
1501 1513 1562 1569 et
1583 1508 1894 1571 conditum
1917 1508 1981 1569 in
2002 1525 2191 1585 pene-

214 1587 355 1649 trali
386 1588 565 1652 fatale
596 1589 819 1663 pignus
848 1589 1083 1665 imperii
1112 1590 1389 1659 Romani.
1441 1604 1511 1650 36
1538 1592 1780 1653 minime
1813 1608 2072 1655 censere
2099 1601 2190 1654 tu-

214 1679 343 1735 tum
386 1685 529 1735 6336
568 1672 891 1749 campanis
914 1680 1297 1749 potestatem
1335 1674 1602 1735 intrandi
1631 1676 1911 1742 Romana
1949 1677 2190 1739 moenia

214 1755 373 1819 fieri.
413 1756 723 1823 Laevinus
752 1757 1099 1833 campanos
1140 1757 1272 1818 iure
1301 1758 1560 1819 iurando
1592 1774 1630 1818 a
1655 1757 1880 1821 Flacco
1909 1760 2187 1835 adactOS,

218 1840 437 1915 quinto
479 1840 579 1905 die
622 1856 805 1917 quam
846 1842 923 1904 ab
974 1848 1192 1911 senatu
1235 1857 1610 1917 responsum
1655 1843 2046 1917 accepissent
2079 1844 2189 1905 Ca·

214 1939 407 1999 puam
433 1924 758 2001 redituros,
790 1926 968 2001 sequi
999 1941 1070 1987 36
1094 1926 1351 1988 Romam
1379 1926 1577 1995 iussit.
1633 1926 1752 1989 hac
1781 1927 2187 1997 circumfusus

212 2006 617 2084 multitudine,
646 2010 825 2074 simul
850 2008 1072 2071 Siculis
1104 2010 1348 2073 obviam
1371 2011 1643 2085 egressis
1667 2012 2043 2089 secutis-ique,
2066 2013 2188 2075 Ro·

212 2108 379 2151 mam
406 2094 701 2169 pervenit,
734 2093 1209 2161 clarissimarum
1235 2093 1478 2156 urbium
1506 2095 1748 2157 excidio
1777 2096 2188 2159 celeberrimis

216 2174 365 2237 viris
393 2176 589 2245 victos
618 2178 779 2239 136116
811 2184 1209 2266 accusatores
1237 2178 1300 2238 in
1328 2179 1543 2240 urbem
1573 2180 1913 2243 adducens.

385 2261 474 2321 De
498 2276 569 2326 re
610 2262 857 2337 publica
883 2270 1084 2331 tamen
1116 2262 1391 2338 primum
1432 2279 1505 2323 ac
1533 2264 1613 2323 de
1639 2264 1977 2340 provmeiis
2007 2238 2187 2327 amba

214 2346 510 2413 consules
532 2345 613 2407 ad
638 2354 919 2409 senatum
941 2346 1244 2411 rettulere.
1276 2346 1559 2413 XXVIII.
1607 2346 1688 2409 ibi
1710 2346 2035 2424 LaevinuS,
2068 2364 2188 2422 quo

210 2435 377 2491 statu
416 2424 780 2493 Macedonia
821 2438 882 2493 et
912 2431 1197 2502 Graecia,
1240 2431 1442 2490 Aetoli
1482 2430 1842 2491 Acarnanes
1882 2430 2188 2507 Locrique

211 2518 457 2588 essent,
488 2528 773 2590 quasque
796 2514 881 2575 ibi
908 2530 1009 2585 res
1039 2514 1176 2591 ipse
1204 2513 1438 2588 egisset
1467 2520 1625 2575 terra
1655 2514 1960 2591 marique,
1993 2530 2187 2592 expo-

210 2594 367 2658 suit:
394 2596 758 2673 Philippum,
782 2599 1139 2661 inferentem
1161 2596 1388 2661 bellurn
1401 2597 1658 2673 Aetolis,
1687 2596 2189 2659 inMacedoniam

206 2686 377 2741 retro
406 2674 487 2749 ab
507 2697 579 2745 se
606 2683 990 2758 compulsum
1021 2682 1101 2743 ad
1130 2682 1341 2771 intima
1365 2681 1608 2757 penitus
1635 2681 1811 2759 regni
1840 2680 2069 2757 abisse,
2099 2682 2186 2745 le-

206 2762 585 2841 gionemque
626 2766 772 2831 inde
802 2765 1024 2835 deduci
1055 2764 1279 2842 posse,
1327 2766 1590 2829 classem
1621 2764 1774 2829 satis
1803 2781 1949 2829 esse
1978 2765 2060 2827 ad
2091 2783 2186 2826 ar-

209 2848 480 2913 cendum
517 2850 689 2917 Italia
730 2865 957 2926 regem.
1021 2849 1178 2912 haec
1218 2850 1301 2913 de
1327 2866 1400 2917 36
1439 2850 1646 2925 deque
1684 2849 2040 2927 provincia,
2090 2850 2188 2911 cui

210 2932 584 3007 praefuerat.
627 2935 951 3005 consulum
980 2934 1059 2993 de
1084 2934 1423 3011 provinciis
1447 2934 1789 3011 communis
1817 2933 2029 2995 relatio
2055 2934 2185 2995 fuit.

209 3015 551 3077 decrevere
578 3024 807 3094 patres,
840 3024 905 3078 ut
932 3018 1103 3079 alteri
1128 3018 1448 3091 consulum
1470 3018 1647 3085 Italia
1669 3018 2187 3096 bellumquecum

206 3098 555 3164 Hannibale
583 3102 903 3177 provincia
930 3109 1117 3177 esset,
1161 3103 1316 3164 alter
1343 3104 1628 3178 classem,
1668 3101 1768 3163 c'ui
1795 3104 1860 3163 Τ.
1895 3101 2185 3164 Otacilius

206 3184 617 3260 praefuisset,
659 3184 1053 3261 Siciliamque
1084 3186 1468 3263 provinciam
1496 3204 1635 3249 cnm
1664 3188 1732 3257 L.
1765 3185 1974 3249 Cincio
2007 3200 2186 3262 prae-

205 3274 349 3327 tore
389 3268 706 3335 obtineret.
770 3270 1077 3333 exercitus
1121 3270 1213 3333 eis
1243 3271 1368 3335 duo
1398 3270 1659 3345 decreti,
1705 3270 1832 3347 qui,
1854 3269 1916 3330 in
1943 3268 2187 3331 Etruria

204 3350 531 3429 Galliaque
572 3361 812 3417 essenti
858 3370 971 3417 eae
1012 3362 1300 3429 quattuor
1340 3360 1514 3415 erant
1547 3354 1845 3429 leg-iones.
1910 3354 2187 3415 urbanae

202 3436 373 3497 duae
401 3437 743 3514 superioris
772 3438 914 3499 anni
944 3439 1004 3499 in
1031 3438 1350 3511 Etruriam,
1397 3438 1577 3513 duae,
1623 3436 1844 3515 quibus
1875 3436 2184 3515 Sulpicius

204 3521 427 3581 consul
464 3522 863 3597 praefuisset,
906 3524 965 3584 in
998 3522 1253 3583 Galliam
1283 3522 1678 3595 mitterentur.
1750 3520 2069 3583 Galliaeet
2097 3522 2180 3581 le-
