2550 3959
387 222 431 286 6
725 222 956 284 LIBER
981 222 1195 283 XXIV.
1239 220 1405 283 CAP.
1430 230 1485 285 ⁵.
1507 228 1560 285 6.
1606 227 1681 297 [a.
1712 226 1783 281 U.
1814 244 1862 281 c.
1884 227 2014 297 53⁷]

392 372 835 451 quadrigisque
873 372 1056 433 etiam
1097 371 1377 434 alborum
1406 386 1703 448 equorum
1744 373 2047 435 interdum
2074 390 2156 435 ex
2182 376 2352 452 regia

390 458 826 536 procedentem
853 472 1026 518 more
1052 456 1337 537 Dionysii
1368 457 1631 536 tyranni.
1672 456 1837 518 hunc
1864 463 1987 519 tam
2017 457 2353 535 superbum

391 548 751 619 apparatum
774 540 1170 615 habitumque
1191 540 1630 602 convenientes
1652 541 2070 618 sequebantur
2087 550 2355 604 contem·

392 634 535 704 ptus
579 624 847 687 omnium
884 624 1232 698 hominum,
1292 624 1601 702 superbae
1641 641 1855 699 θαι-οε,
1914 627 2357 689 contumeliosa

394 712 586 783 dicta,
626 710 748 770 rari
795 709 997 771 aditus
1039 726 1162 770 non
1201 708 1417 771 alienis
1446 710 1635 769 modo
1666 710 1782 771 sed
1810 711 2113 773 tutoribus
2154 711 2354 785 etiam,

397 794 677 855 libidines
702 809 920 868 novae,
945 792 1276 855 inhumana
1298 793 1644 855 crudelitas.
1686 794 1893 871 itaque
1915 801 2117 857 tantus
2142 810 2357 857 omnes

396 887 589 940 terror
615 879 941 951 invaserat,
985 885 1050 938 ut
1080 877 1327 953 quidam
1356 894 1436 938 ex
1461 879 1764 941 tutoribus
1790 886 1895 940 aut
1922 886 2119 941 morte
2142 880 2358 942 volun—

399 964 550 1023 taria
579 970 682 1023 aut
710 962 855 1037 ruga
882 968 1338 1039 praeverterent
1364 968 1590 1024 metum
1619 963 2081 1040 suppliciorum.
2124 970 2249 1025 tres
2280 980 2360 1025 ex

398 1048 490 1122 iiS,
523 1046 746 1123 quibus
777 1046 928 1107 solis
959 1046 1160 1107 aditus
1191 1046 1251 1106 in
1283 1047 1532 1108 domum
1562 1047 1916 1109 familiarior
1942 1053 2089 1122 erat,
2118 1048 2357 1108 Andra-

399 1132 672 1193 nodorus
703 1137 762 1191 ct
787 1130 1090 1207 Zoippus,
1135 1131 1347 1206 generi
1373 1130 1688 1207 HieroniS,
1729 1138 1789 1193 et
1812 1131 2045 1194 Thraso
2088 1131 2357 1208 quidam,

399 1216 477 1275 de
505 1216 641 1276 aliis
673 1215 920 1291 quidem
942 1216 1127 1275 rebus
1155 1214 1325 1275 haud
1352 1232 1724 1293 magnopere
1755 1215 2185 1279 audiebantur=
2227 1223 2359 1277 ten—

400 1300 605 1360 dendo
623 1306 822 1360 autem
838 1300 962 1360 duo
987 1299 1068 1360 ad
1083 1298 1634 1375 CarthaginienseS,
1658 1300 1890 1361 Thraso
1908 1301 1989 1361 ad
2004 1300 2362 1362 societatem

399 1386 769 1457 Romanam,
813 1384 1142 1445 certamine
1170 1400 1244 1443 ae
1271 1384 1491 1445 studiis
1523 1384 1825 1447 interdum
1852 1384 1912 1444 in
1944 1400 2014 1445 se
2043 1392 2361 1446 converte·

398 1468 546 1530 bant
573 1468 836 1528 animum
867 1468 1311 1542 adolescentis,
1359 1484 1496 1529 cum
1526 1468 1862 1530 coniuratio
1893 1468 1955 1529 in
1981 1469 2226 1548 tyranni
2260 1484 2360 1529 ca·

401 1558 508 1628 put
557 1554 718 1612 sacta
769 1553 1068 1613 indicatur
1116 1568 1228 1629 per
1280 1552 1591 1613 Callonem
1642 1553 1977 1630 quendam,
2042 1553 2363 1629 aequalem

399 1636 754 1713 Hieronymi
800 1643 860 1697 et
898 1636 1020 1696 iam
1061 1636 1205 1697 inde
1242 1653 1282 1696 a
1309 1653 1501 1713 puero
1545 1637 1606 1697 in
1637 1638 1843 1698 omnia
1871 1637 2189 1698 familiaria
2230 1636 2362 1698 iura

399 1720 742 1781 adsuetum.
805 1722 995 1782 index
1025 1738 1212 1782 unum
1241 1737 1321 1781 ex
1350 1721 1680 1783 coniuratis
1707 1721 2120 1796 Theodotum,
2166 1737 2207 1780 a
2236 1736 2361 1797 quo

398 1808 535 1880 ipse
573 1806 920 1882 appellatus
961 1812 1118 1878 erat,
1176 1805 1493 1865 nominare
1531 1806 1752 1882 potuit,
1812 1806 1915 1881 qui
1957 1820 2361 1882 comprensus

400 1892 704 1967 extemplo
755 1890 1135 1965 traditusque
1175 1888 1630 1950 Andranodoro
1680 1889 2096 1966 torquendus,
2162 1888 2242 1949 de
2290 1904 2362 1949 se

401 1974 536 2049 ipse
563 1973 729 2035 haud
773 1978 1124 2033 cunctanter
1151 1973 1359 2033 fassus
1390 1974 1677 2034 conscios
1708 1972 1963 2033 celabat.
2025 1980 2357 2049 postremo,

399 2073 538 2119 cum
567 2057 848 2119 omnibus
874 2055 1272 2116 intolerandis
1305 2056 1632 2132 patientiae
1660 2057 1963 2117 humanae
1990 2055 2361 2119 cruciatibus

398 2139 799 2216 laceraretur,
847 2140 1075 2200 vietum
1103 2140 1281 2199 malis
1312 2156 1383 2200 se
1413 2140 1707 2200 simulans
1737 2140 1958 2200 avertit
1984 2139 2061 2200 ab
2092 2140 2360 2201 consciis

399 2225 460 2285 in
501 2225 778 2285 insontes
821 2222 1140 2297 indicium,
1180 2223 1560 2284 Thrasonem
1588 2239 1731 2284 esse
1774 2230 2086 2285 auctorem
2118 2224 2357 2285 consilii

399 2309 712 2383 mentitus,
756 2323 871 2368 nec
912 2307 1030 2367 nisi
1059 2314 1178 2369 tam
1206 2308 1439 2384 potenti
1470 2308 1628 2368 duee
1656 2308 1932 2369 confisos
1972 2324 2103 2369 rem
2130 2315 2361 2369 tantam

402 2408 696 2464 ausuroS,
741 2391 818 2452 ab
849 2392 1038 2452 latere
1078 2392 1351 2469 tyranni,
1400 2408 1660 2467 quorum
1688 2392 1891 2468 capita
1918 2391 2219 2453 vilissima
2247 2392 2362 2452 fln-

399 2477 562 2551 genti
590 2476 746 2537 inter
774 2476 1024 2538 dolores
1053 2476 1441 2553 gemitusque
1468 2492 1807 2538 occurrere.
1864 2475 2129 2536 maxime
2154 2474 2359 2536 animo

305 2580 320 2597 ²
399 2562 641 2639 tyranni
672 2560 961 2624 credibile
988 2560 1279 2622 indicium
1299 2559 1531 2623 Thraso
1563 2561 1909 2622 nominatus
1932 2559 2103 2620 fecit:
2149 2557 2361 2634 itaque

401 2645 706 2722 extemplo
730 2646 986 2706 traditur
1013 2646 1092 2706 ad
1123 2645 1507 2721 supplicium,
1539 2645 1885 2720 adiectique
1911 2658 2153 2722 poenae
2174 2644 2357 2704 ceteri

400 2730 567 2789 iuxta
591 2729 886 2790 insontes.
930 2728 1320 2789 consciorum
1346 2744 1547 2805 nemo,
1578 2745 1717 2790 cum
1746 2728 1853 2791 diu
1880 2728 2091 2790 socius
2118 2725 2355 2789 consilii

401 2820 811 2889 torqueretur,
854 2819 958 2873 aut
984 2812 1157 2873 latuit
1183 2820 1287 2872 aut
1315 2814 1493 2888 rugit:
1537 2820 1767 2875 tantum
1796 2812 1916 2874 illis
1945 2813 2004 2873 in
2036 2813 2257 2873 virtute
2286 2826 2360 2872 ac

398 2896 525 2956 fide
551 2895 851 2958 Theodoti
890 2895 1154 2958 fiduciae
1197 2896 1339 2971 fuit,
1383 2903 1740 2974 tantumque
1768 2896 1888 2973 ipsi
1915 2896 2234 2958 Theodoto
2270 2895 2353 2955 vi·

398 2980 552 3040 rium
580 2981 660 3041 ad
690 2996 917 3041 arcana
947 2980 1328 3041 occultanda.

568 3064 672 3124 VI.
733 3064 852 3137 Ita,
901 3064 1070 3139 quod
1097 3082 1284 3125 unum
1311 3064 1623 3126 vinculum
1667 3080 1805 3126 cum
1833 3063 2127 3126 Romanis
2158 3063 2357 3126 socie-

403 3146 541 3207 tatis
573 3154 718 3221 erat,
761 3147 1076 3209 Thrasone
1105 3148 1345 3211 sublato
1376 3165 1413 3209 e
1440 3149 1662 3223 medio,
1707 3149 2017 3225 extemplo
2046 3148 2211 3210 haud
2245 3148 2356 3210 du·

399 3231 496 3291 bie
512 3231 593 3291 ad
610 3230 1014 3313 defectionem
1033 3248 1135 3294 res
1160 3233 1510 3309 spectabat;
1535 3232 1843 3309 legatique
1864 3233 1946 3293 ad
1955 3231 2358 3293 Hannibalem

393 3314 567 3375 nnssi
608 3332 682 3377 ac
709 3316 951 3378 remissi
981 3316 1059 3376 ab
1090 3333 1165 3378 eo
1193 3333 1334 3397 cum
1362 3316 1701 3379 Hannibale
1728 3316 1919 3378 nobili
1961 3316 2359 3378 adolescente

393 3397 801 3475 Hippocrates
828 3406 889 3460 et
915 3400 1262 3479 Epicyde8‚
1308 3402 1431 3462 nati
1461 3401 1822 3476 Carthagine
1851 3401 1968 3462 sed
2008 3399 2249 3462 oriundi
2278 3398 2357 3460 ab

391 3481 722 3556 Syracusis
763 3485 978 3545 exsule
1016 3479 1166 3545 avo'
1224 3484 1412 3547 Poeni
1452 3484 1573 3563 ipsi
1612 3491 1885 3547 materno
1925 3500 2171 3562 genere.
2246 3499 2360 3561 per
