2550 3959
579 215 811 295 LIBER
838 232 1025 293 XXV.
1070 233 1475 296 cAP.11.12.
1528 242 1601 309 [a.
1632 242 1695 293 c.
1726 242 1853 309 212]
2114 199 2209 301 '65

219 386 518 467 relinquit
543 400 872 463 regressus
901 386 1041 463 ipse
1069 385 1131 446 in
1159 385 1435 447 hiberna.
1504 394 1771 447 ceterum
1800 388 2062 452 defectio
2089 391 2203 451 Ta-

224 485 608 533 renunorum
637 476 839 531 utrum
867 470 1076 547 priore
1113 486 1272 532 anno
1306 487 1383 531 an
1412 471 1533 531 hoc
1562 472 1727 532 facta
1756 472 1863 545 sit,
1908 472 1970 533 in
2000 474 2201 535 div-er·

94 548 118 565 ⁰
225 572 366 617 sum
394 561 686 617 auctores
715 553 976 616 trahunt.
1021 555 1232 629 plures
1262 554 1717 635 propioresque
1748 560 1945 617 aetate
1970 572 2199 620 memo-

228 640 360 701 riae
385 654 594 703 rerum
623 638 746 699 hoc
775 654 935 699 anno
965 640 1190 698 factum
1218 638 1482 700 tradunt.

395 722 526 785 ΧΠ.
569 723 806 783 Romae
839 724 1130 785 consules
1160 729 1609 799 praetoresque
1636 738 1837 800 usque
1866 730 2007 785 ante
2037 724 2198 785 diem

223 807 505 883 quintum
531 806 656 867 kal.
685 804 881 867 Maias
909 806 1162 867 Latinae
1192 813 1531 868 tenuerunt.
1610 822 1687 869 eo
1719 808 1818 867 die
1848 815 2197 885 perpetrato

222 907 408 953 sacro
439 891 502 950 in
531 896 735 951 monte
761 890 826 949 in
855 906 1002 950 suas
1029 890 1295 967 quisque
1321 891 1675 968 provincias
1706 891 2196 968 proficiscuntur.

221 976 441 1051 religio
487 974 712 1034 deinde
740 990 905 1036 nova
946 973 1186 1035 obiecta
1215 980 1313 1035 est
1340 991 1419 1035 ex
1456 974 1823 1036 carminibus
1849 976 2197 1038 Marcianis.

220 1067 404 1121 vates
431 1058 532 1119 hic
543 1058 808 1120 Marcius
830 1058 1081 1119 illustris
1105 1060 1323 1134 ruerat,
1352 1066 1573 1120 etcum
1598 1060 1965 1135 conquisitio
1989 1062 2197 1139 priore

220 1160 387 1206 anno
413 1158 493 1203 ex
517 1149 768 1203 senatus
793 1144 1075 1203 consulto
1098 1142 1309 1203 talium
1329 1142 1621 1209 librorum
1642 1144 1833 1221 fieret,
1856 1144 1918 1205 in
1933 1144 2013 1204 Μ.
2028 1144 2196 1206 Atilii

219 1228 526 1304 praetoris
565 1226 814 1300 urbani,
865 1227 967 1303 qui
999 1242 1136 1287 eam
1163 1242 1296 1289 rem
1324 1226 1573 1303 agebat,
1616 1244 1835 1289 manus
1878 1236 2194 1289 venerant.

217 1312 276 1373 is
327 1311 610 1387 protinus
659 1326 823 1371 novo
874 1311 1143 1386 praetori
1195 1310 1403 1372 Sullae
1452 1311 1805 1372 tradiderat.
1883 1328 1962 1371 ex
2012 1312 2193 1373 huius

217 1396 437 1457 Marcii
480 1394 725 1455 duobus
773 1395 1142 1457 carminibus
1187 1396 1435 1457 alterius
1466 1403 1611 1472 post
1636 1410 1765 1455 rem
1808 1402 2007 1457 actam
2046 1396 2193 1457 editi

222 1496 365 1541 cum
393 1486 528 1540 rato
573 1479 904 1541 auctoritas
936 1486 1160 1541 eventu
1187 1480 1360 1540 alteri
1394 1496 1671 1557 quoque,
1717 1479 1891 1542 cuius
1921 1482 2193 1542 nondum

219 1571 467 1639 tempus
496 1570 765 1637 venerat,
797 1563 1114 1625 adferebat
1141 1565 1347 1625 fidem.
1387 1564 1595 1642 priore
1622 1564 1894 1625 carmine
1916 1566 2192 1627 Cannen-

219 1648 312 1709 sis
335 1648 654 1724 praedicta
683 1649 894 1709 clades
923 1648 987 1707 in
1009 1648 1165 1709 haec
1187 1649 1317 1708 fere
1342 1649 1531 1709 verba
1559 1655 1719 1709 erat:
1749 1664 2032 1723 „amnem
2044 1650 2190 1712 Tro·

218 1734 446 1809 iugena
473 1733 750 1793 Romane
778 1733 923 1807 fuge
953 1732 1237 1805 Cannam,
1269 1748 1351 1793 ne
1378 1740 1439 1793 te
1467 1732 1847 1807 alienigenae
1878 1739 2101 1808 cogant
2128 1734 2190 1793 in

221 1832 445 1893 campo
475 1815 791 1876 Diomedis
834 1831 1162 1877 conserere
1191 1832 1429 1877 manus.
1498 1816 1614 1876 sed
1644 1831 1849 1891 neque
1877 1817 2095 1877 credes
2128 1824 2191 1878 tu

219 1900 386 1975 mihi,
419 1900 618 1961 donee
649 1900 974 1975 compleris
1005 1902 1301 1977 sanguine
1330 1916 1648 1977 campum3
1686 1901 1999 1977 multaque
2022 1902 2185 1964 milia

219 1984 436 2046 occisa
463 1991 566 2044 tua
587 1984 822 2044 deferet
850 1983 1045 2045 amnis
1075 1984 1133 2043 in
1167 1990 1423 2060 pontum
1454 2000 1738 2061 magnum
1768 2000 1849 2045 ex
1876 1992 2037 2045 terra
2064 1984 2187 2045 fru-

216 2068 446 2145 gifera3
493 2067 766 2146 piscibus
797 2074 980 2144 atque
1010 2068 1229 2129 avibus
1259 2069 1552 2145 ferisque,
1588 2083 1745 2142 quae
1772 2069 2043 2130 incolunt
2068 2076 2188 2130 ter-

214 2169 357 2227 raS,
402 2152 480 2213 iis
520 2152 647 2212 fuat
687 2167 834 2213 esca
872 2167 1016 2213 caro
1057 2160 1179 2213 tua.
1245 2170 1388 2213 nam
1426 2152 1573 2213 mihi
1610 2152 1693 2213 ita
1722 2152 1993 2229 Iuppiter
2028 2153 2185 2215 fatus

217 2240 376 2297 est“.
443 2242 504 2297 et
539 2236 856 2298 Diomedis
898 2236 1114 2311 Argivi
1159 2252 1415 2313 campos
1459 2244 1520 2296 et
1560 2236 1828 2297 Cannam
1858 2235 2086 2296 flumen
2125 2236 2187 2314 ii,

219 2320 332 2397 qui
373 2320 776 2381 militaverant
813 2320 875 2379 in
917 2321 994 2381 iis
1035 2320 1218 2395 lociS,
1277 2322 1446 2381 iuxta
1484 2327 1669 2397 atque
1708 2321 1909 2396 ipsam
1949 2320 2187 2381 cladem

218 2404 661 2481 agnoscebant.
717 2411 842 2465 tum
871 2406 1124 2466 alterum
1155 2420 1399 2465 carmen
1426 2405 1762 2478 recitatum,
1793 2420 1918 2466 non
1950 2419 2025 2464 eo
2054 2412 2184 2465 tan·

219 2494 348 2550 tum
377 2488 720 2565 obscuriuS,
753 2489 899 2565 quia
923 2488 1250 2550 incertiora
1277 2489 1477 2549 futura
1507 2488 1849 2564 praeteritis
1878 2494 2038 2563 sunt,
2070 2488 2185 2547 sed

217 2572 578 2649 perplexius
608 2572 788 2635 etiam
819 2574 1158 2650 scripturae
1185 2587 1429 2649 genere.
1491 2572 1765 2648 „hosteS,
1808 2570 2085 2646 Romani,
2132 2572 2184 2632 si

217 2658 534 2733 expellere
561 2657 762 2733 vulne,
805 2658 1049 2718 vomica
1079 2672 1236 2733 quae
1259 2654 1529 2732 gentium
1559 2653 1722 2717 venit
1748 2655 1947 2731 longe,
1992 2656 2183 2732 Apol-

217 2741 328 2800 lini
355 2742 680 2803 vovendos
711 2757 938 2803 censeo
969 2740 1168 2813 ludos,
1221 2740 1325 2816 qui
1358 2740 1685 2815 quotannis
1716 2740 1967 2801 comiter
1992 2740 2182 2816 Apol-

219 2825 332 2885 lini
361 2825 529 2900 fiant‚
559 2841 697 2887 oum
727 2826 996 2903 populus
1029 2824 1268 2886 dederit
1296 2840 1373 2883 ex
1404 2823 1650 2900 publico
1681 2831 1933 2900 partem,
1966 2824 2183 2899 privati

215 2908 306 2969 uti
332 2909 649 2970 conferant
675 2925 788 2985 pro
821 2926 891 2971 se
932 2916 1118 2984 atque
1149 2908 1299 2970 suis.
1367 2908 1443 2967 iis
1475 2908 1635 2969 ludis
1680 2906 1975 2968 faciendis
2005 2924 2181 2984 prae-

217 2992 336 3053 erit
362 2999 610 3068 praetor
636 2993 722 3067 is,
771 2994 874 3069 qui
914 2994 1010 3053 ius
1041 2994 1270 3069 populo
1304 2991 1631 3069 plebeique
1662 2990 1831 3052 dabit
1859 3008 2179 3053 summum.

217 3077 556 3137 decemviri
586 3077 821 3137 Graeco
863 3078 979 3137 ritu
1008 3073 1228 3137 hostiis
1258 3091 1439 3137 sacra
1479 3076 1721 3137 saciant.
1784 3075 1905 3136 hoc
1934 3076 2183 3135 sirecte

217 3160 491 3236 facietiS,
546 3160 890 3235 gaudebitis
936 3177 1210 3236 semper,
1267 3160 1499 3235 fietque
1544 3176 1647 3221 res
1690 3165 1900 3220 vestra
1938 3158 2181 3218 meliora

215 3258 364 3305 nam
403 3244 458 3305 is
490 3244 697 3305 divum
737 3244 1080 3321 exstinguet
1107 3243 1456 3321 perduelles
1484 3250 1731 3305 vestros
1746 3290 1760 3318 ‚
1808 3241 1910 3319 qui
1938 3248 2185 3303 vestros

218 3344 482 3404 campos
524 3335 784 3405 pascunt
823 3330 1065 3405 placide
1081 3333 1136 3387 “.
1214 3328 1295 3387 ad
1337 3327 1401 3388 id
1442 3343 1687 3389 carmen
1728 3326 2187 3403 explanandum

215 3412 386 3473 diem
428 3429 618 3473 unum
653 3419 1066 3489 sumpserunt.
1131 3417 1383 3489 postero
1415 3410 1515 3472 die
1556 3417 1807 3472 senatus
1839 3410 2189 3472 consultum

219 3497 451 3557 factum
480 3504 604 3571 est,
649 3504 712 3557 ut
757 3496 1086 3559 decemviri
1129 3497 1209 3557 de
1249 3496 1423 3559 ludis,
1440 3494 1712 3571 Apollini
1752 3511 1945 3572 reque
1976 3493 2180 3557 divina

307 3595 361 3638 r.
394 3595 518 3639 uvr
545 3596 699 3641 PARS
721 3580 820 3639 III.
1732 3586 1769 3640 ὅ
