2550 3959
610 214 843 277 LIBER
868 216 1049 277 xxx.
1097 216 1378 279 cAP.1o.
1403 228 1487 279 11.
1531 218 1604 295 [a.
1627 223 1693 275 c.
1713 220 1840 295 203]
2099 214 2228 282 331

264 366 495 429 moveri
536 366 613 427 ab
654 366 936 428 hostibus
976 366 1290 442 viderunt,
1332 374 1460 429 tum
1494 368 1741 429 demum
1771 370 2086 430 onerarias
2117 371 2227 432 ad·

258 449 629 528 grediuntur.
707 466 810 510 res
867 458 999 511 erat
1054 451 1300 511 minime
1355 452 1672 512 certamini
1730 453 1932 513 navali
1989 454 2223 527 similis,

258 534 540 612 proxime
568 534 836 611 speciem
861 550 1071 596 muros
1094 534 1580 611 oppugnantium
1601 535 1868 596 navium.
1909 536 2226 597 altitudine

257 618 631 695 aliquantum
690 618 1007 679 onerariae
1067 619 1472 695 superabant3
1549 634 1630 678 ex
1693 620 1975 680 rostratis
2035 618 2224 681 Poeni

256 718 419 763 vana
448 703 760 779 pleraque,
788 707 1003 777 utpote
1030 702 1255 778 supino
1285 703 1464 777 iactu,
1493 702 1616 763 tela
1636 702 1698 762 in
1719 704 1922 764 locum
1945 704 2223 779 superio-

258 802 389 846 rem
415 786 759 855 mittebant3
802 786 1051 862 gravior
1076 800 1151 845 ae
1180 786 1459 861 pondere
1484 785 1626 861 ipso
1652 785 1926 848 libratior
1954 802 2225 863 superne

259 885 339 930 ex
368 870 667 932 onerariis
695 871 852 931 ictus
876 876 1033 930 erat=
1063 870 1518 945 speculatoriae
1533 884 1729 931 naves
1752 885 1828 931 ac
1857 871 2016 931 levia
2035 871 2221 951 [ipsa]

259 954 519 1031 navigia,
552 969 713 1031 quae
736 954 853 1014 sub
884 954 1207 1014 constratis
1232 953 1504 1028 pontium
1533 968 1644 1028 per
1663 954 1983 1015 intervalla
2003 970 2222 1016 excur-

257 1036 503 1113 rebant,
547 1039 744 1113 primo
788 1038 963 1111 ipsae
1003 1041 1171 1097 tanto
1200 1037 1432 1112 impetu
1459 1043 1522 1098 et
1548 1038 1966 1111 magnitudine
1991 1046 2222 1100 rostra·

258 1130 454 1182 tarum
495 1120 941 1190 obruebantur;
994 1120 1219 1181 deinde
1258 1126 1322 1179 et
1361 1121 1924 1196 propugnatoribus
1969 1136 2224 1199 quoque

259 1204 685 1266 incommodae
712 1210 905 1278 erant,
938 1205 1105 1280 quod
1136 1204 1476 1280 permixtae
1505 1218 1643 1265 eum
1669 1203 1937 1266 hostium
1959 1206 2223 1267 navibus
2259 1261 2274 1266 -

257 1287 533 1349 inhibere
574 1302 759 1363 saepe
794 1290 917 1349 tela
945 1288 1248 1363 cogebant
1272 1293 1439 1349 metu
1452 1334 1468 1362 ,
1511 1302 1592 1348 ne
1618 1288 1906 1364 ambiguo
1935 1290 2060 1349 ictu
2091 1290 2222 1350 suis

258 1372 611 1434 inciderent.
656 1380 971 1449 postremo
999 1388 1247 1433 asseres
1279 1372 1480 1433 ferreo
1509 1387 1671 1434 unco
1695 1372 1956 1447 praefixi
1978 1408 2064 1419 --
2085 1373 2220 1432 har—

259 1471 537 1532 pagones
564 1464 867 1517 vocantur
882 1488 968 1501 —-
990 1472 1071 1517 ex
1096 1455 1342 1517 Punicis
1371 1456 1632 1517 navibus
1653 1456 1795 1517 inici
1823 1457 1884 1516 in
1907 1458 2219 1517 Romanas

258 1541 479 1614 coepti.
524 1556 682 1616 quos
714 1556 851 1603 cum
880 1556 1086 1616 neque
1114 1541 1290 1617 ipsos
1317 1556 1522 1616 neque
1551 1547 1804 1601 catenas
1830 1539 2056 1616 quibus
2081 1556 2218 1601 sus·

258 1623 437 1698 pensi
466 1624 867 1687 iniciebantur
894 1625 1164 1685 incidere
1195 1631 1482 1700 possent,
1527 1630 1596 1685 ut
1624 1638 1910 1700 quaeque
1937 1632 2101 1686 retro
2131 1624 2218 1684 in·

258 1706 447 1767 hibita
474 1714 741 1768 rostrata
766 1709 1107 1769 onerariam
1134 1707 1486 1768 haerentem
1513 1723 1677 1769 unco
1705 1708 1988 1782 traheret,
2019 1706 2221 1769 scindi

176 1830 179 1835 -
258 1790 503 1851 videres
554 1791 829 1866 vincula,
880 1791 1104 1867 quibus
1158 1791 1281 1851 alia
1332 1790 1468 1851 aliis
1515 1790 1743 1851 innexa
1785 1798 1945 1866 erat,
1998 1792 2222 1853 seriem

260 1874 437 1935 aliam
488 1874 667 1936 simul
714 1875 976 1953 plurium
1023 1874 1270 1936 navium
1320 1873 1495 1936 trahi.
1567 1874 1688 1935 hoe
1729 1875 1992 1935 maxime
2032 1876 2220 1936 modo

260 1958 506 2020 lacerati
550 1960 796 2035 quidem
840 1974 1054 2021 omnes
1098 1964 1356 2036 pontes,
1399 1965 1462 2020 et
1486 1958 1592 2019 vix
1619 1958 1999 2020 transiliendi
2031 1960 2090 2019 in
2121 1974 2218 2019 se·

260 2044 527 2104 cundum
558 2044 834 2105 ordinem
862 2043 1109 2105 navium
1130 2042 1398 2119 spatium
1420 2043 1986 2119 propugnatoribus
2013 2044 2221 2104 datum

257 2134 371 2187 est.
444 2142 558 2187 sex
597 2128 790 2189 ferme
838 2129 1158 2189 onerariae
1209 2127 1525 2203 puppibus
1576 2128 1923 2188 abstractae
1971 2127 2219 2189 Cartha-

258 2208 459 2283 ginem
497 2216 659 2271 sunt.
728 2212 924 2273 maior
964 2228 1151 2286 quam
1185 2226 1300 2286 pro
1327 2226 1397 2270 re
1422 2211 1677 2283 laetitia,
1721 2211 1835 2271 sed
1865 2226 1942 2270 eo
1974 2212 2219 2286 gratior,

258 2293 430 2367 quod
468 2291 626 2353 inter
668 2294 963 2354 adsiduas
1005 2294 1215 2354 clades
1256 2308 1330 2353 ac
1372 2294 1653 2353 lacrimas
1682 2310 1870 2354 unum
1901 2302 2220 2369 quantum-

260 2390 522 2451 cumque
570 2391 651 2435 ex
698 2376 1011 2453 insperato
1068 2376 1360 2452 gaudium
1416 2376 1754 2437 adfulserat
1803 2392 1938 2437 cum
1992 2393 2067 2438 eo
2083 2422 2099 2451 ,
2151 2383 2222 2438 ut

261 2466 587 2535 appareret
612 2459 777 2519 haud
807 2462 1021 2535 procul
1046 2461 1231 2521 exitio
1262 2459 1458 2519 fuisse
1478 2460 1813 2521 Romanam
1845 2461 2125 2534 classem,
2155 2460 2220 2521 ni

260 2549 570 2603 cessatum
611 2560 649 2603 a
676 2544 1006 2618 praefectis
1039 2560 1290 2605 suarum
1333 2543 1580 2603 navium
1626 2544 1783 2603 foret
1823 2550 1885 2604 et
1915 2543 2124 2618 Scipio
2153 2544 2216 2605 in

261 2632 535 2703 tempore
563 2627 971 2688 subvenisset.

423 2711 523 2771 XI.
567 2710 685 2771 Per
723 2713 977 2773 eosdem
1008 2713 1165 2773 forte
1196 2712 1330 2772 dies
1361 2726 1499 2771 cum
1525 2711 1770 2771 Laelius
1801 2718 1863 2771 et
1887 2710 2215 2773 Masinissa

254 2795 469 2871 quinto
500 2795 739 2856 decimo
769 2796 961 2859 ferme
990 2795 1089 2855 die
1118 2796 1178 2855 in
1206 2794 1550 2855 Numidiam
1581 2794 2023 2869 pervenissent,
2053 2794 2216 2855 Mae-

254 2879 415 2954 sulii,
446 2894 703 2955 regnum
734 2886 1052 2954 paternum
1078 2879 1468 2953 Masinissae,
1501 2877 1642 2939 laeti
1671 2884 1740 2937 ut
1765 2877 1845 2937 ad
1875 2892 2078 2952 regem
2112 2878 2218 2938 diu

252 2963 670 3038 desideratum
712 2979 1101 3025 concessere.
1174 2962 1436 3042 Syphax
1479 2962 1676 3037 pulsis
1717 2961 1860 3023 inde
1889 2960 2218 3037 praefectis

254 3048 708 3125 praesidiisque
750 3048 881 3109 suis
914 3056 1120 3110 vetere
1148 3062 1219 3108 se
1250 3046 1599 3109 continebat
1625 3061 1836 3121 regno,
1867 3045 2220 3120 neutiquam

258 3128 594 3202 quieturus.
668 3133 1014 3194 stimulabat
1051 3146 1306 3207 aegrum
1346 3144 1556 3191 amore
1593 3144 1756 3191 uxor
1783 3143 2118 3203 socerque,
2159 3136 2218 3190 et

256 3218 338 3271 ita
382 3213 531 3273 viris
572 3217 879 3293 equisque
918 3214 1301 3289 abundabat,
1343 3222 1410 3275 ut
1451 3213 1767 3275 subiectae
1808 3214 2003 3274 oeulis
2045 3213 2216 3288 regni

253 3308 367 3369 per
413 3298 639 3359 multos
687 3300 965 3361 florentis
1015 3314 1211 3360 annos
1262 3300 1428 3359 vires
1480 3298 1658 3357 etiam
1707 3298 1910 3357 minus
1953 3297 2217 3357 barbaro

252 3382 437 3453 atque
492 3380 805 3457 impotenti
861 3383 1063 3445 animo
1120 3382 1376 3459 spiritus
1431 3386 1692 3456 possent
1741 3382 1963 3441 iacere.
2037 3380 2231 3469 igitug

248 3462 557 3541 omnibus,
590 3467 695 3541 qui
722 3466 884 3529 bello
909 3468 1037 3543 apti
1058 3473 1248 3542 erant,
1281 3466 1342 3525 in
1363 3481 1550 3525 unum
1575 3462 1803 3524 coactis
1825 3478 2025 3536 equos
2049 3478 2220 3523 arma
