2550 3959
300 231 389 299 90
593 234 826 297 LIBER
843 234 1031 295 xxv.
1055 234 1243 295 ‘CAR
1266 242 1358 298 32.
1380 242 1469 297 33.
1517 234 1590 311 [a.
1616 237 1684 292 u,
1703 252 1755 293 ο.
1779 237 1904 307 540]

304 400 448 449 sese
475 384 701 447 bellum
728 384 1135 446 extraherent.
1180 385 1473 460 optimum
1501 383 1682 460 igitur
1707 385 1840 457 rati,
1871 383 2088 445 divisis
2111 384 2270 445 bira-

304 470 455 533 riam
496 468 694 545 copiis
737 469 923 531 totius
968 469 1146 528 simul
1178 468 1515 544 Hispaniae
1555 468 1841 544 amplecti
1878 468 2138 541 bellum,
2182 468 2270 530 ita

304 554 461 613 inter
486 568 559 614 se
588 552 955 624 diviserunt,
993 558 1060 611 ut
1084 551 1149 611 P.
1182 551 1500 613 Cornelius
1531 553 1686 613 duas
1716 559 1925 627 partes
1957 550 2269 614 exercitus

304 638 717 699 Romanorum
745 635 1181 711 sociorumque
1210 635 1511 695 adversus
1539 635 1864 711 Magonem
1893 635 2147 695 duceret
2174 643 2271 695 at·

310 736 431 799 que
456 718 932 791 Hasdrubalem,
980 717 1087 779 Cn.
1120 718 1439 779 Cornelius
1470 734 1606 779 cum
1635 718 1814 779 tertia
1840 725 2016 793 parte
2040 720 2270 780 veteris

308 804 616 864 exercitus
670 801 983 862 Celtiberis
1037 801 1340 863 adiunctis
1391 817 1529 862 cum
1575 801 1962 863 Hasdrubale
2005 802 2270 863 Barcino

308 888 533 947 bellum
582 893 840 961 gereret.
901 902 1029 945 una
1076 885 1332 961 profecti
1374 885 1553 946 ambo
1596 886 1787 946 duces
1838 885 2272 960 exercitusque

315 968 629 1031 Celtiberis
673 968 1239 1045 praegredientibus
1285 969 1364 1028 ad
1405 968 1620 1029 urbem
1661 969 1979 1043 Antorgim
2017 969 2080 1029 in
2123 984 2271 1031 con-

311 1058 530 1129 spectu
582 1052 847 1115 hostium
896 1052 1216 1113 dirimente
1263 1052 1426 1111 amni
1467 1060 1706 1127 ponunt
1746 1059 1966 1116 castra.
2039 1052 2120 1112 ibi
2164 1052 2270 1114 Cn.

312 1137 520 1213 Scipio
566 1152 701 1197 cum
746 1136 969 1213 quibus
1000 1141 1141 1196 ante
1169 1136 1394 1196 dictum
1425 1142 1521 1197 est
1549 1135 1746 1211 copiis
1776 1135 2072 1211 substitit,
2117 1143 2178 1197 et
2204 1136 2270 1199 P.

314 1220 522 1297 Scipio
552 1222 867 1295 profectus
900 1219 980 1280 ad
1011 1220 1375 1280 destinatam
1402 1218 1545 1280 belli
1576 1224 1829 1294 partem.

478 1303 742 1364 XXXIII.
782 1302 1131 1364 Hasdrubal
1175 1310 1505 1378 postquam
1533 1301 1956 1363 animadvertit
1983 1302 2274 1377 exiguum

311 1391 653 1451 Romanum
696 1388 1030 1447 exercitum
1070 1386 1132 1445 in
1176 1386 1396 1447 castris
1425 1394 1487 1447 et
1527 1401 1705 1462 spem
1735 1401 1976 1447 omnem
2004 1385 2066 1446 in
2095 1385 2275 1447 Celti-

310 1472 599 1533 berorum
639 1470 879 1531 auxiliis
910 1484 1083 1545 esse,
1126 1470 1362 1546 peritus
1393 1470 1591 1545 omnis
1619 1469 1978 1531 barbaricae
2007 1476 2068 1529 et
2095 1486 2270 1545 prae·

312 1556 495 1631 cipue
538 1554 803 1615 omnium
847 1569 1055 1614 earum
1100 1553 1400 1628 gentium,
1443 1552 1502 1613 in
1547 1554 1771 1630 quibus
1813 1568 1926 1629 per
1960 1558 2048 1613 tot
2075 1570 2276 1614 annos

312 1638 629 1711 militabat,
675 1636 999 1712 perfidiae,
1044 1636 1203 1697 facili
1230 1638 1476 1713 linguae
1504 1638 1900 1713 commercio,
1944 1652 2082 1697 cum
2109 1644 2276 1698 utra-

315 1737 436 1798 que
478 1728 681 1783 castra
722 1722 905 1796 plena
930 1720 1346 1796 Hispanorum
1388 1728 1626 1797 essent,
1670 1737 1784 1797 per
1818 1722 2058 1783 occulta
2087 1721 2277 1782 collo·

316 1806 461 1881 quia
489 1805 823 1880 paciscitur
850 1820 1071 1881 magna
1098 1804 1386 1866 mercede
1417 1820 1554 1867 cum
1579 1804 2017 1867 Celtiberorum
2047 1804 2280 1881 princi--

312 1889 517 1965 pibus,
548 1895 612 1950 ut
640 1889 855 1964 copias
884 1888 1028 1948 inde
1056 1888 1385 1952 abducant.
1430 1904 1546 1951 nec
1575 1896 1753 1951 atrox
1779 1888 1978 1951 visum
2003 1888 2244 1949 facinus
2260 1911 2277 1944 ε

314 1989 439 2035 non
488 1972 649 2033 enim
698 1979 765 2032 ut
802 1973 863 2031 in
904 1973 1215 2033 Romanos
1262 1979 1572 2034 verterent
1618 1988 1789 2033 arma
1837 1972 2160 2049 agebatur3
2218 1979 2282 2033 et

316 2070 571 2130 merces,
605 2062 832 2131 quanta
863 2057 958 2115 vel
986 2070 1103 2130 pro
1132 2056 1293 2117 bello
1325 2057 1474 2117 satis
1509 2064 1705 2132 esset,
1737 2057 2013 2131 dabatur,
2041 2070 2120 2115 ne
2146 2056 2278 2116 bel·

314 2142 439 2200 lum
466 2146 779 2214 gererent3
822 2145 886 2199 et
924 2153 1060 2198 curn
1089 2140 1263 2215 quies
1294 2140 1435 2215 ipsa
1459 2146 1586 2201 tum
1612 2140 1846 2202 reditus
1875 2140 2122 2201 domum
2151 2139 2280 2199 fru-

316 2231 578 2299 ctusque
618 2222 867 2283 videndi
908 2237 1061 2283 suos
1102 2238 1342 2299 suaque
1383 2230 1556 2300 grata
1595 2226 1781 2299 vulgo
1825 2230 2016 2285 erant.
2070 2223 2283 2299 itaque

316 2324 437 2368 non
487 2306 752 2367 ducibus
803 2306 1039 2367 facilius
1093 2322 1277 2383 quam
1329 2308 1692 2370 multitudini
1743 2324 2112 2384 persuasum
2161 2314 2282 2368 est.

317 2391 497 2451 simul
544 2404 625 2451 ne
671 2395 868 2451 metus
920 2389 1165 2466 quidem
1208 2391 1288 2452 ab
1327 2391 1621 2453 Romanis
1665 2398 1826 2464 erat,
1875 2391 2108 2468 quippe
2155 2396 2281 2451 tam

319 2474 554 2550 pauciS,
586 2473 640 2535 si
670 2474 732 2534 vi
761 2473 1109 2535 retinerent.
1153 2474 1219 2535 id
1250 2474 1498 2551 quidem
1527 2476 1868 2536 cavendum
1891 2490 2136 2551 semper
2153 2475 2282 2535 Ro·

317 2558 515 2618 manis
552 2558 814 2620 ducibus
844 2558 973 2632 erit,
1010 2561 1417 2635 exemplaque
1446 2558 1602 2619 haec
1626 2574 1774 2619 vere
1804 2575 1916 2635 pro
1949 2558 2284 2619 documen-

318 2641 393 2702 tis
420 2641 733 2713 habenda,
776 2656 855 2700 ne
884 2642 978 2702 ita*
994 2642 1263 2701 externis
1297 2642 1548 2703 credant
1575 2642 1847 2719 auxiliis,
1889 2648 1957 2704 ut
1983 2658 2107 2705 non
2139 2643 2286 2718 plus

318 2724 414 2784 sui
440 2722 683 2785 roboris
724 2739 1101 2800 suarumque
1131 2726 1382 2800 proprie
1409 2726 1628 2787 virium
1654 2725 1717 2786 in
1749 2726 1966 2787 castris
1995 2726 2284 2789 habeant.

318 2807 511 2883 signis
538 2812 794 2883 repente
822 2807 1079 2868 sublatis
1111 2808 1390 2869 Celtiberi
1421 2810 1674 2885 abeunt,
1719 2810 1867 2871 nihil
1895 2810 2062 2871 aliud
2091 2824 2286 2886 quae·

315 2891 591 2951 rentibus
624 2904 873 2951 causam
908 2891 1498 2969 obtestantibusque,
1529 2899 1595 2954 ut
1619 2900 1953 2968 manerent,
1984 2892 2286 2955 Romanis

314 2975 764 3050 respondentes
802 2990 985 3049 quam
1026 2975 1364 3037 domestico
1393 2992 1465 3037 se
1507 2978 1755 3037 avocari
1794 2978 1976 3039 bello.
2051 2975 2286 3053 Scipio,

316 3063 646 3135 postquam
676 3057 829 3120 socii
865 3073 979 3118 nec
1007 3058 1298 3134 precibus
1327 3075 1444 3121 nec
1471 3060 1533 3120 vi
1559 3062 1805 3121 retineri
1834 3066 2133 3137 poterant,
2165 3074 2289 3121 nec

316 3158 387 3205 se
414 3149 517 3203 aut
545 3157 755 3218 parem
784 3142 917 3203 sine
946 3141 1063 3203 illis
1085 3141 1249 3204 hosti
1270 3158 1414 3204 esse
1437 3150 1546 3206 aut
1563 3145 1734 3206 fratri
1755 3154 1972 3207 rursus
1995 3143 2288 3219 coniungi

316 3226 466 3287 vidit
492 3241 698 3302 posse,
728 3242 843 3287 nec
866 3225 1061 3287 ullum
1088 3226 1252 3287 aliud
1276 3229 1542 3289 salutare
1565 3228 1888 3291 consilium
1908 3229 1969 3288 in
1990 3233 2286 3304 promptu

316 3323 479 3382 esse,
509 3316 671 3371 retro
704 3316 999 3386 quantum
1027 3316 1247 3385 posset
1269 3310 1493 3372 cedere
1515 3312 1739 3385 statuit,
1769 3313 1920 3373 inid
1943 3312 2108 3373 omni
2131 3326 2289 3373 cura

314 3391 609 3467 intentus,
662 3393 885 3455 necubi
932 3392 1095 3454 hosti
1144 3409 1345 3471 aequo
1387 3410 1459 3455 se
1501 3396 1906 3457 committeret
1945 3397 2116 3470 loco,
2171 3398 2286 3473 qui

280 3522 283 3525 .
316 3485 740 3553 transgressus
770 3474 998 3539 flumen
1030 3493 1227 3554 prope
1254 3476 1531 3554 vestigiis
1561 3478 1912 3542 abeuntium
1936 3476 2288 3541 insistebat.
