2550 3959
419 198 500 263 48
722 198 953 260 LIBER
980 197 1194 259 XXIV.
1237 197 1405 259 CAP.
1434 204 1521 265 47.
1543 204 1632 262 48.
1675 199 1747 278 [a.
1774 202 1843 257 U.
1870 220 1919 257 c.
1940 198 2067 278 539]

412 350 658 428 Arpini,
696 365 878 426 quam
908 349 988 411 ob
1017 364 1242 411 noxam
1270 349 1685 409 Romanorum
1699 394 1717 423 ‚
1762 347 1933 425 quod
1963 354 2067 409 aut
2094 347 2371 410 meritum

414 435 749 496 Poenorum
779 448 894 510 pro
923 432 1281 508 alienigenis
1312 446 1385 491 ac
1404 430 1679 492 barbaris
1712 432 1903 492 Italici
1932 432 2236 493 adversus
2262 448 2369 493 ve-

413 527 572 579 teres
613 518 821 579 socios
849 517 1162 579 Romanos
1188 514 1414 577 bellum
1453 522 1759 592 gererent,
1804 520 1865 576 et
1906 514 2263 591 vectigalem
2296 531 2369 577 ac

412 600 867 678 stipendiariam
895 599 1125 660 Italiam
1153 598 1403 660 Africae
1434 600 1730 660 Iacerentz
1774 598 2027 675 Arpinis
2056 601 2361 676 purganti·

414 687 526 746 bus
557 686 804 761 ignaros
839 684 1101 744 omnium
1126 699 1196 743 se
1228 698 1447 742 venum
1474 698 1513 743 a
1534 676 1913 760 principibus
1936 684 2115 743 datos
2138 682 2364 753 Poeno,

412 776 628 845 captos
672 782 1138 844 oppressosque
1181 783 1218 826 a
1260 766 1475 842 paucis
1516 781 1679 827 esse.
1767 766 1937 827 initio
1978 774 2111 827 orto
2155 767 2363 842 plures

411 854 548 913 c‘um
580 852 851 928 pluribus
883 850 1184 925 colloqui;
1232 855 1544 926 postremo
1572 855 1817 927 praetor
1828 849 2099 926 Arpinus
2128 850 2205 910 ab
2230 850 2362 911 suls

411 937 490 996 ad
525 936 835 997 consulem
867 936 1186 1006 deductus,
1233 934 1483 1008 fideque
1512 935 1654 995 data
1682 934 1837 994 inter
1864 933 2041 1010 signa
2070 933 2364 1009 aciesque

409 1020 626 1097 Arpini
665 1025 919 1094 repente
959 1034 1072 1095 pro
1113 1016 1408 1078 Romanis
1459 1019 1758 1079 adversus
1804 1016 2363 1092 Carthaginiensem

411 1120 579 1163 arma
615 1107 940 1165 verterunt.
1005 1100 1258 1177 Hispani
1292 1116 1568 1177 quoque,
1616 1102 1797 1177 paulo
1832 1101 2031 1161 minus
2058 1101 2221 1161 mille
2250 1101 2362 1161 ho-

411 1188 636 1260 mines,
685 1186 830 1247 nihil
872 1191 1187 1263 praeterea
1215 1200 1352 1245 cum
1381 1186 1633 1245 consule
1662 1184 1853 1263 pacti,
1898 1200 2081 1261 quam
2120 1189 2185 1245 nt
2225 1184 2363 1245 siue

411 1272 622 1331 fraude
635 1270 923 1331 Punicum
940 1270 1307 1331 emitteretur
1322 1267 1710 1345 praesidium,
1736 1269 1813 1329 ad
1834 1268 2146 1329 consulem
2164 1274 2363 1329 trans-

411 1357 672 1416 tulerunt
699 1354 893 1431 signa.
939 1351 1534 1429 Carthaginiensibus
1564 1359 1781 1429 portae
1812 1352 2148 1429 patefactae
2178 1352 2362 1413 einis-

409 1439 585 1513 sique
615 1453 751 1498 cum
781 1439 904 1497 fide
933 1438 1268 1498 incolumes
1300 1436 1377 1496 ad
1408 1435 1806 1497 Hannibalem
1836 1436 2144 1510 Salapiam
2174 1451 2361 1497 vene·

407 1526 560 1581 runt.
633 1521 785 1597 Arpi
827 1520 960 1581 sine
1005 1520 1180 1580 clade
1219 1519 1401 1580 ullius
1444 1526 1871 1595 praeterquam
1910 1519 2091 1579 unius
2130 1520 2363 1580 veteris

411 1604 756 1680 proditoris,
788 1604 931 1663 novi
961 1604 1273 1680 perfugae,
1303 1603 1559 1664 restituti
1590 1604 1669 1663 ad
1692 1604 2022 1664 Romanos.
2066 1603 2363 1679 Hispanis

407 1687 678 1765 duplicia
704 1688 933 1748 cibaria
955 1687 1086 1748 dari
1116 1688 1315 1756 iussa;
1349 1702 1663 1763 operaque
1692 1702 1903 1747 eorum
1926 1686 2064 1747 forti
2094 1702 2166 1747 ac
2190 1687 2358 1747 fideli

407 1786 709 1848 persaepe
735 1787 838 1833 res
869 1770 1110 1848 publica
1137 1788 1254 1831 usa
1283 1778 1394 1831 est.

575 1856 723 1915 Cum
762 1857 976 1916 consul
1019 1856 1171 1914 alter
1212 1854 1268 1914 in
1313 1854 1535 1930 Apulia
1573 1853 1726 1913 alter
1766 1853 1822 1913 in
1864 1853 2127 1915 Lucanis
2168 1861 2360 1929 esset,

405 1938 644 2013 equites
685 1945 923 2000 centum
964 1938 1287 1999 duodecim
1332 1938 1568 1999 nobiles
1600 1937 1889 2013 Campani
1933 1952 2045 2013 per
2084 1938 2357 2014 speciem

410 2021 748 2097 praedandi
801 2037 881 2087 ex
921 2022 1186 2083 hostium
1228 2038 1377 2095 agro
1423 2022 1724 2098 permissu
1780 2022 2233 2097 magistratuum
2277 2022 2359 2081 ab

405 2105 613 2181 Capua
642 2104 899 2182 proiecti
929 2105 1007 2165 ad
1038 2112 1238 2166 castra
1264 2106 1557 2180 Romana,
1588 2120 1747 2181 quae
1782 2120 1971 2181 super
1996 2104 2355 2167 Suessulam

404 2194 592 2264 erant,
619 2195 933 2263 venerunt,
962 2188 1206 2250 stationi
1235 2188 1483 2250 militum
1516 2190 1855 2265 quiessent
1882 2189 2195 2251 dixeruntx
2224 2192 2351 2249 col·

407 2273 572 2347 loqui
602 2287 744 2334 sese
775 2289 911 2333 cum
953 2281 1234 2349 praetore
1262 2274 1440 2333 velle.
1508 2273 1611 2332 Cn.
1642 2272 1891 2333 Fulvius
1920 2273 2139 2334 castris
2169 2288 2349 2349 prae-

401 2363 563 2425 erat3
610 2355 705 2415 cui
743 2356 846 2417 ubi
876 2358 1206 2418 nuntiatum
1249 2362 1371 2428 est,
1415 2356 1628 2417 decem
1658 2371 1733 2416 ex
1764 2372 1839 2416 eo
1870 2372 2121 2417 numero
2162 2357 2355 2417 iussis

404 2439 730 2501 inermibus
775 2440 995 2501 deduci
1037 2441 1115 2501 ad
1167 2456 1267 2515 se,
1326 2438 1426 2500 ubi
1480 2456 1638 2517 quae
1691 2440 2069 2516 postularent
2118 2440 2356 2502 audivit

401 2554 490 2567 —-
525 2524 670 2584 nihil
711 2532 909 2585 autem
953 2525 1115 2586 aliud
1161 2524 1473 2601 petebant,
1530 2541 1711 2599 quam
1751 2530 1817 2585 ut
1856 2524 2065 2600 Capua
2102 2530 2355 2601 recepta

401 2606 564 2667 bona
604 2606 720 2668 sibi
760 2609 1216 2671 restituerentur
1242 2643 1343 2679 -,
1386 2608 1445 2667 in
1480 2608 1664 2667 fidem
1708 2622 1919 2669 omnes
1962 2606 2217 2685 accepti.
2286 2615 2354 2669 et

401 2689 478 2749 ab
507 2691 698 2751 altero
730 2698 1012 2767 praetore
1035 2690 1401 2766 Sempronio
1424 2692 1720 2752 Tuditano
1754 2691 2049 2769 oppidum
2072 2691 2351 2752 Atrinum

400 2780 833 2850 expugnatum.
894 2775 1154 2851 amplius
1183 2791 1298 2835 sex
1328 2776 1491 2835 milia
1518 2776 1828 2837 hominum
1860 2782 2059 2853 capta,
2100 2781 2161 2836 et
2188 2776 2351 2835 aeris

399 2857 754 2932 argentique
783 2858 1001 2933 signati
1030 2857 1421 2932 aliquantum.
1465 2860 1697 2921 Romae
1728 2860 1973 2921 foedum
2002 2859 2351 2920 incendium

403 2954 512 3013 per
533 2940 687 3000 duas
713 2947 924 3002 noctes
949 2957 1022 3002 ac
1045 2941 1206 3002 diem
1236 2959 1419 3003 unum
1442 2943 1658 3004 tenuit=
1688 2945 1825 3004 solo
1854 2949 2115 3020 aequata
2146 2943 2353 3004 omnia

401 3022 554 3081 inter
595 3022 834 3086 Salinas
877 3040 950 3085 ac
992 3031 1226 3101 portam
1270 3025 1704 3089 Carmentalem
1749 3043 1883 3088 cum
1924 3028 2349 3103 Aequimaelio

401 3106 764 3184 lugarioque
805 3108 966 3170 vico.
1031 3110 1090 3170 in
1133 3110 1374 3185 templis
1403 3110 1706 3172 Fortunae
1744 3127 1819 3171 ac
1848 3110 2054 3171 matris
2083 3110 2351 3171 Matutae

397 3194 456 3249 et
485 3189 628 3265 Spei
662 3198 830 3253 extra
860 3200 1094 3269 portam
1125 3193 1244 3253 latc
1271 3200 1528 3269 vagatus
1572 3194 1727 3270 ignis
1758 3209 1935 3255 sacra
1966 3194 2351 3271 profanaque

396 3274 578 3333 multa
605 3274 964 3353 absumpsit.

561 3357 820 3421 XLVIII.
869 3360 1101 3421 Eodem
1141 3376 1304 3421 anno
1334 3360 1397 3421 P.
1430 3368 1492 3423 et
1520 3362 1624 3421 Cn.
1656 3361 1947 3436 Cornelii,
1987 3373 2123 3423 cum
2153 3362 2213 3422 in
2242 3360 2351 3421 Hi-

393 3441 610 3514 spania
649 3458 751 3505 res
795 3460 1128 3521 prosperae
1173 3450 1383 3506 essent
1423 3444 1767 3519 multosque
1810 3452 1871 3505 et
1914 3450 2153 3506 veteres
2193 3445 2353 3507 reci·

2521 3530 2527 3704 l

2518 3748 2525 3931 l
