2550 3959
543 189 775 250 LisER
802 188 1069 250 xxvm.
1116 187 1284 250 cAP.
1314 195 1512 250 40.41.
1559 197 1633 265 [a.
1667 195 1734 254 c.
1765 197 1892 268 20⁵]
2068 189 2196 255 267

221 346 585 424 suspicione
636 345 691 406 si
741 359 840 404 me
890 357 1094 418 neque
1140 342 1267 404 vita
1307 351 1444 406 acta
1485 350 1548 405 et
1585 360 1789 406 mores
1831 346 1950 408 mei
1993 363 2194 424 neque

222 433 531 492 dictatura
582 444 721 490 cum
773 427 1045 505 quinque
1088 427 1510 490 consulatibus
1552 436 1933 504 tantumque.
1963 432 2196 506 gloriae

221 516 371 576 belli
414 513 708 590 domique
748 519 962 588 partae
990 512 1292 588 vindicat,
1335 518 1402 573 ut
1427 513 1690 588 propius
1720 513 2032 576 fastidium
2061 517 2194 577 eius

221 599 343 660 sim
389 615 573 676 quam
616 595 991 658 desiderium
1006 641 1023 672 ,
1064 602 1237 658 aetas
1279 597 1496 657 saltem
1536 597 1770 659 liberet.
1846 613 2012 674 quae,
2034 600 2194 661 enim

222 683 375 744 mihi
416 681 739 744 aemulatio
786 697 925 744 cum
966 696 1043 742 eo
1086 695 1233 741 esse
1259 687 1496 758 potest,
1543 681 1756 756 quine
1787 679 1914 744 filio
1948 683 2194 759 quidem

212 783 364 828 meo
410 766 688 842 aequalis
736 764 857 826 sit?
916 779 1019 826 me
1057 764 1418 826 dictatorem
1501 781 1640 826 cum
1679 765 1950 840 vigerem
1994 766 2196 828 adhuc

222 851 458 912 viribus
491 857 551 910 et
578 849 641 910 in
671 865 861 910 cursu
888 849 1292 910 maximarmn
1318 865 1524 909 rerum
1554 864 1778 924 essem,
1809 857 2194 912 recusantem

224 949 409 995 nemo
440 940 544 995 aut
570 933 633 996 in
665 939 885 995 senatu
914 938 1017 994 aut
1045 932 1212 1008 apud
1242 935 1541 1008 populum
1566 934 1814 1010 audivit,
1847 951 1968 1010 quo
1994 935 2194 997 minus

223 1018 547 1080 insectanti
586 1033 687 1079 me
725 1017 1016 1092 magistro
1060 1016 1362 1094 equitum,
1418 1017 1602 1093 quod>
1629 1019 1817 1079 fando
1863 1035 2194 1096 numquam

223 1110 367 1163 ante
397 1103 670 1164 auditum
700 1107 843 1176 erat,
879 1099 1199 1177 imperium
1229 1117 1471 1162 mecum
1505 1109 1874 1178 aequaretur
1895 1133 1983 1146 -—-
2001 1104 2191 1165 rebus

226 1203 413 1264 quam
450 1185 659 1247 verbis
698 1185 961 1261 adsequi
997 1185 1217 1260 malui,
1258 1191 1328 1246 ut
1369 1186 1472 1261 qui
1503 1187 1758 1248 aliorum
1787 1186 2012 1248 iudicio
2049 1187 2192 1248 mihi

224 1277 619 1346 comparatus
669 1275 831 1344 erat,
890 1285 1005 1330 sua
1056 1286 1203 1331 mox
1254 1268 1650 1333 consessione
1699 1286 1797 1331 me
1849 1269 1967 1332 sibi
2015 1285 2192 1348 prae-

226 1357 415 1416 ferret
438 1377 553 1411 -ε
610 1354 837 1416 nedum
894 1369 1012 1429 ego
1063 1355 1424 1428 perfunctus
1472 1354 1813 1416 honoribus
1865 1355 2193 1417 certamina

225 1438 373 1500 mihi
413 1445 597 1515 atque
638 1437 1107 1498 aemulationem
1149 1453 1288 1498 cum
1329 1437 2190 1503 adolescenteflorenfissimo

224 1537 598 1600 proponam=
640 1520 928 1582 videlicet
956 1528 1023 1583 ut
1051 1521 1195 1582 mihi
1224 1523 1345 1582 iam
1377 1522 1663 1597 vivendo,
1709 1539 1831 1584 non
1863 1524 2064 1585 solum
2093 1537 2190 1582 re-

224 1609 345 1668 bus
374 1606 661 1683 gerendis
692 1607 883 1680 fesso,
916 1606 970 1668 si
997 1605 1141 1666 huic
1170 1613 1392 1682 negata
1421 1607 1618 1682 fuerit,
1640 1607 1852 1668 Africa
1872 1605 2192 1682 provincia

234 1693 619 1752 decernatur.
690 1705 831 1751 cum
860 1706 935 1750 ea
962 1689 1173 1764 gloria,
1210 1707 1369 1764 quae
1395 1697 1574 1766 parta
1601 1699 1713 1766 est,
1741 1691 2074 1751 vivendum
2105 1699 2189 1750 at—

228 1791 351 1852 que
391 1774 775 1837 moriendum
816 1780 931 1835 est.
992 1774 1243 1834 vincere
1287 1789 1404 1849 ego
1446 1773 1730 1850 prohibui
1767 1774 2188 1846 Hannibalem,

226 1867 294 1920 ut
321 1877 359 1920 a
384 1861 583 1934 vobiS,
618 1875 877 1936 quorum
906 1858 1115 1932 vigent
1143 1873 1305 1919 nunc
1333 1859 1518 1933 vireS,
1549 1858 1732 1918 etiam
1761 1857 1922 1918 vinci
1951 1865 2188 1934 posset.

227 1944 373 2004 XLI.
420 1944 568 2004 illud
597 1949 657 2006 te
685 1941 830 2002 mihi
865 1943 1205 2017 ignoscere,
1234 1941 1300 2002 Ρ.
1335 1942 1605 2016 Corneli,
1649 1957 1914 2016 aequum
1943 1941 2072 2018 erit,
2117 1940 2188 2013 si,

228 2045 367 2090 cum
404 2028 469 2087 in
497 2043 595 2088 me
634 2027 773 2102 ipso
816 2041 1147 2101 numquam
1185 2025 1382 2102 pluris
1412 2027 1634 2086 famam
1663 2024 1977 2087 hominurn
2005 2041 2191 2102 quam

230 2126 355 2174 rem
398 2110 703 2186 publicam
747 2111 993 2170 fecerim
1010 2155 1026 2185 ,
1077 2124 1155 2168 ne
1196 2117 1362 2172 tuam
1403 2110 1654 2186 quidem
1693 2111 1950 2186 gloriam
1989 2113 2193 2188 pluris

222 2197 489 2270 faciam.-
544 2209 944 2270 quamquam,
988 2192 1041 2254 si
1069 2199 1175 2254 aut
1202 2194 1428 2256 bellum
1455 2193 1687 2257 nullum
1713 2194 1776 2254 in
1803 2193 1976 2254 Italia
2004 2201 2108 2255 aut
2137 2194 2190 2254 is

226 2281 425 2341 hostis
468 2285 666 2350 esset,
713 2293 791 2338 ex
826 2291 951 2355 quo
976 2276 1140 2338 victo
1172 2277 1322 2339 nihil
1349 2278 1582 2352 gloriae
1613 2283 2043 2353 quaereretur,
2089 2278 2192 2353 qui

230 2373 287 2424 te
316 2364 377 2423 in
404 2363 579 2424 Italia
618 2362 935 2438 retineret,
977 2360 1091 2422 etsi
1134 2360 1198 2420 id
1226 2360 1392 2422 bono
1425 2361 1674 2436 publico
1709 2363 1966 2436 faceret,
2011 2360 2188 2422 simul

229 2464 365 2508 cum
426 2447 583 2507 bello
642 2445 955 2508 materiam
1006 2445 1239 2520 gloriae
1297 2451 1440 2506 tuae
1493 2445 1624 2506 isse
1671 2451 1948 2520 ereptum
1995 2445 2191 2504 videri

229 2537 462 2607 posset.
508 2547 645 2591 cum
670 2545 822 2591 vero
845 2529 1145 2590 Hannibal
1167 2528 1365 2590 hostis
1389 2528 1676 2591 incolumi
1701 2529 1975 2589 exercItu
2003 2544 2186 2604 quar·

235 2623 361 2684 tum
392 2615 695 2675 decimum
726 2629 953 2674 annum
990 2612 1223 2674 Italiam
1262 2612 1575 2688 obsideat,
1617 2611 1954 2689 paenitebit
1991 2617 2080 2686 te,
2123 2610 2188 2669 P.

232 2698 491 2773 Corneli,
522 2697 755 2774 gloriae
779 2703 939 2772 tuae,
972 2698 1025 2758 si
1051 2696 1294 2758 hostem
1325 2712 1484 2772 eum,
1518 2696 1624 2773 qui
1651 2704 1740 2760 tot
1768 2698 2066 2770 funerum,
2103 2702 2192 2757 tot

229 2782 491 2843 cladium
532 2781 710 2842 nobis
762 2795 950 2844 causa
996 2781 1133 2855 fuit,
1182 2787 1249 2842 tu
1291 2782 1510 2842 consul
1536 2781 1708 2842 ltalia
1749 2779 2088 2856 expuleris,
2133 2785 2192 2839 et

228 2867 387 2927 sicut
433 2881 628 2942 penes
674 2865 735 2926 C.
776 2864 1079 2932 Lutatium
1128 2865 1352 2941 prioris
1403 2864 1615 2926 Punici
1667 2863 2002 2941 perpetrati
2046 2861 2190 2922 belli

227 2950 437 3011 titulus
479 2950 619 3022 fuit,
662 2948 746 3010 ita
786 2962 980 3024 penes
1019 2954 1081 3010 te
1108 2949 1292 3012 huius
1323 2949 1544 3010 ruerit?
1604 2948 1726 3010 nisi
1755 2955 1860 3010 aut
1884 2946 2190 3008 Hamilcar

225 3033 549 3094 Hannibali
592 3032 719 3094 dux
763 3037 859 3093 est
898 3033 1380 3108 praeferundus,
1432 3038 1534 3094 aut
1573 3032 1724 3094 illud
1761 3031 1988 3094 bellum
2027 3029 2188 3104 huic,

226 3123 331 3178 aut
378 3115 637 3176 victoria
684 3117 789 3176 illa
834 3115 1031 3177 maior
1078 3117 1426 3191 clariorque
1476 3132 1660 3193 quam
1711 3117 1865 3178 haec
1892 3145 1978 3158 ——-
2003 3113 2186 3176 modo

228 3199 537 3274 contingat
559 3205 626 3261 ut
649 3206 711 3261 te
734 3200 991 3262 consule
1019 3199 1652 3262 vincamus—futura
1681 3207 1792 3261 est.
1829 3216 1866 3259 a
1887 3199 2188 3274 Drepanis

228 3291 409 3361 atque
434 3283 621 3363 Eryci
652 3283 1000 3346 detraxisse
1026 3284 1434 3344 Hamilcarem
1464 3301 1646 3361 quam
1673 3284 1846 3344 Italia
1875 3282 2188 3358 expulisse

225 3366 467 3430 Poenos
497 3375 685 3445 atque
710 3369 1116 3431 Hannibalem
1140 3367 1360 3428 malis?
1401 3383 1482 3428 ne
1509 3373 1576 3428 tu
1603 3367 1879 3443 quidem,
1922 3365 2036 3428 etsi
2063 3381 2187 3426 ma·

227 3452 316 3526 gis
346 3459 622 3530 paratam
668 3469 851 3528 quam
882 3459 1193 3530 speratam
1219 3449 1480 3526 gloriam
1507 3451 1924 3528 amplecteriS‚
1969 3449 2185 3526 Hispa-
