<?xml version="1.0" encoding="UTF-8"?>
<!DOCTYPE html PUBLIC "-//W3C//DTD XHTML 1.0 Transitional//EN"
    "http://www.w3.org/TR/xhtml1/DTD/xhtml1-transitional.dtd">
<html xmlns="http://www.w3.org/1999/xhtml" xml:lang="en" lang="en">
 <head>
  <title>
</title>
<meta http-equiv="Content-Type" content="text/html;charset=utf-8" />
  <meta name='ocr-system' content='tesseract 3.04.00' />
  <meta name='ocr-capabilities' content='ocr_page ocr_carea ocr_par ocr_line ocrx_word'/>
</head>
<body>
  <div class='ocr_page' id='page_1' title='image "./aburbeconditali13livygoog_0359.png"; bbox 0 0 2550 3959; ppageno 0'>
   <div class='ocr_carea' id='block_1_1' title="bbox 326 208 1952 287">
    <p class='ocr_par' dir='ltr' id='par_1_1' title="bbox 326 208 1952 287">
     <span class='ocr_line' id='line_1_1' title="bbox 326 208 1952 287; baseline -0.002 -9"><span class='ocrx_word' id='word_1_1' title='bbox 326 208 453 279; x_wconf 75' lang='lat'><strong>332</strong></span> <span class='ocrx_word' id='word_1_2' title='bbox 652 208 1083 273; x_wconf 74' lang='lat' dir='ltr'><strong>¹.1RE.RXXX.</strong></span> <span class='ocrx_word' id='word_1_3' title='bbox 1130 209 1519 274; x_wconf 76' lang='lat' dir='ltr'><strong>CAP.11.12.</strong></span> <span class='ocrx_word' id='word_1_4' title='bbox 1565 210 1952 287; x_wconf 53' lang='lat' dir='ltr'><strong>[auam]</strong></span> 
     </span>
    </p>
   </div>
   <div class='ocr_carea' id='block_1_2' title="bbox 318 362 2292 3538">
    <p class='ocr_par' dir='ltr' id='par_1_2' title="bbox 318 362 2292 3538">
     <span class='ocr_line' id='line_1_2' title="bbox 325 362 2289 439; baseline 0 -13"><span class='ocrx_word' id='word_1_5' title='bbox 325 366 444 429; x_wconf 80' lang='lat' dir='ltr'><strong>tela</strong></span> <span class='ocrx_word' id='word_1_6' title='bbox 471 365 715 434; x_wconf 77' lang='lat' dir='ltr'><strong>dividit3</strong></span> <span class='ocrx_word' id='word_1_7' title='bbox 758 365 997 439; x_wconf 86' lang='lat' dir='ltr'><strong>equites</strong></span> <span class='ocrx_word' id='word_1_8' title='bbox 1026 365 1087 425; x_wconf 87' lang='lat' dir='ltr'><strong>in</strong></span> <span class='ocrx_word' id='word_1_9' title='bbox 1117 370 1380 437; x_wconf 74' lang='lat' dir='ltr'><strong>tux-maa,</strong></span> <span class='ocrx_word' id='word_1_10' title='bbox 1419 362 1656 438; x_wconf 81' lang='lat' dir='ltr'><strong>pedites</strong></span> <span class='ocrx_word' id='word_1_11' title='bbox 1685 364 1744 423; x_wconf 88' lang='lat' dir='ltr'><strong>in</strong></span> <span class='ocrx_word' id='word_1_12' title='bbox 1777 362 2096 435; x_wconf 80' lang='lat' dir='ltr'><strong>cohorteS,</strong></span> <span class='ocrx_word' id='word_1_13' title='bbox 2127 365 2289 425; x_wconf 77' lang='lat' dir='ltr'><strong>sicut</strong></span> 
     </span>
     <span class='ocr_line' id='line_1_3' title="bbox 330 447 2288 523; baseline 0 -14"><span class='ocrx_word' id='word_1_14' title='bbox 330 450 639 523; x_wconf 78' lang='lat' dir='ltr'><strong>quondam</strong></span> <span class='ocrx_word' id='word_1_15' title='bbox 668 450 745 509; x_wconf 83' lang='lat' dir='ltr'><strong>ab</strong></span> <span class='ocrx_word' id='word_1_16' title='bbox 774 448 1069 511; x_wconf 83' lang='lat' dir='ltr'><strong>Romanis</strong></span> <span class='ocrx_word' id='word_1_17' title='bbox 1098 448 1557 509; x_wconf 78' lang='lat' dir='ltr'><strong>centuri-onibus</strong></span> <span class='ocrx_word' id='word_1_18' title='bbox 1589 448 1916 517; x_wconf 76' lang='lat' dir='ltr'><strong>didicerat,</strong></span> <span class='ocrx_word' id='word_1_19' title='bbox 1959 447 2288 511; x_wconf 76' lang='lat' dir='ltr'><strong>distribuit.</strong></span> 
     </span>
     <span class='ocr_line' id='line_1_4' title="bbox 325 531 2288 611; baseline 0.001 -18"><span class='ocrx_word' id='word_1_20' title='bbox 325 533 601 595; x_wconf 75' lang='lat' dir='ltr'><strong>exercitu</strong></span> <span class='ocrx_word' id='word_1_21' title='bbox 619 532 789 593; x_wconf 56' lang='lat' dir='ltr'><strong>,haud</strong></span> <span class='ocrx_word' id='word_1_22' title='bbox 807 531 1045 593; x_wconf 87' lang='lat' dir='ltr'><strong>minore</strong></span> <span class='ocrx_word' id='word_1_23' title='bbox 1065 548 1252 607; x_wconf 77' lang='lat' dir='ltr'><strong>quam</strong></span> <span class='ocrx_word' id='word_1_24' title='bbox 1275 547 1460 611; x_wconf 81' lang='lat' dir='ltr'><strong>quem</strong></span> <span class='ocrx_word' id='word_1_25' title='bbox 1483 531 1654 605; x_wconf 84' lang='lat' dir='ltr'><strong>prius</strong></span> <span class='ocrx_word' id='word_1_26' title='bbox 1677 531 1990 601; x_wconf 78' lang='lat' dir='ltr'><strong>habuerat,</strong></span> <span class='ocrx_word' id='word_1_27' title='bbox 2015 540 2288 594; x_wconf 77' lang='lat' dir='ltr'><strong>ceterum</strong></span> 
     </span>
     <span class='ocr_line' id='line_1_5' title="bbox 327 614 2292 691; baseline 0 -14"><span class='ocrx_word' id='word_1_28' title='bbox 327 617 505 678; x_wconf 83' lang='lat' dir='ltr'><strong>omni,</strong></span> <span class='ocrx_word' id='word_1_29' title='bbox 536 630 733 690; x_wconf 87' lang='lat' dir='ltr'><strong>prope</strong></span> <span class='ocrx_word' id='word_1_30' title='bbox 770 632 933 676; x_wconf 87' lang='lat' dir='ltr'><strong>novo</strong></span> <span class='ocrx_word' id='word_1_31' title='bbox 976 623 1161 689; x_wconf 83' lang='lat' dir='ltr'><strong>atque</strong></span> <span class='ocrx_word' id='word_1_32' title='bbox 1200 615 1544 686; x_wconf 79' lang='lat' dir='ltr'><strong>incondito,</strong></span> <span class='ocrx_word' id='word_1_33' title='bbox 1589 615 1679 675; x_wconf 86' lang='lat' dir='ltr'><strong>ire</strong></span> <span class='ocrx_word' id='word_1_34' title='bbox 1717 614 1800 675; x_wconf 84' lang='lat' dir='ltr'><strong>ad</strong></span> <span class='ocrx_word' id='word_1_35' title='bbox 1829 614 2040 678; x_wconf 87' lang='lat' dir='ltr'><strong>hostes</strong></span> <span class='ocrx_word' id='word_1_36' title='bbox 2071 616 2292 691; x_wconf 72' lang='lat' dir='ltr'><strong>pergit.</strong></span> 
     </span>
     <span class='ocr_line' id='line_1_6' title="bbox 326 698 2289 775; baseline 0.001 -16"><span class='ocrx_word' id='word_1_37' title='bbox 326 706 391 759; x_wconf 81' lang='lat' dir='ltr'><strong>et</strong></span> <span class='ocrx_word' id='word_1_38' title='bbox 429 700 647 761; x_wconf 84' lang='lat' dir='ltr'><strong>eastris</strong></span> <span class='ocrx_word' id='word_1_39' title='bbox 676 699 753 759; x_wconf 83' lang='lat' dir='ltr'><strong>in</strong></span> <span class='ocrx_word' id='word_1_40' title='bbox 800 699 1147 775; x_wconf 80' lang='lat' dir='ltr'><strong>propinquo</strong></span> <span class='ocrx_word' id='word_1_41' title='bbox 1198 699 1417 774; x_wconf 87' lang='lat' dir='ltr'><strong>positis</strong></span> <span class='ocrx_word' id='word_1_42' title='bbox 1463 698 1658 773; x_wconf 81' lang='lat' dir='ltr'><strong>primo</strong></span> <span class='ocrx_word' id='word_1_43' title='bbox 1701 699 1882 773; x_wconf 83' lang='lat' dir='ltr'><strong>pauci</strong></span> <span class='ocrx_word' id='word_1_44' title='bbox 1921 700 2164 773; x_wconf 81' lang='lat' dir='ltr'><strong>equites</strong></span> <span class='ocrx_word' id='word_1_45' title='bbox 2205 716 2289 761; x_wconf 66' lang='lat' dir='ltr'><strong>ex</strong></span> 
     </span>
     <span class='ocr_line' id='line_1_7' title="bbox 327 782 2287 857; baseline -0.001 -12"><span class='ocrx_word' id='word_1_46' title='bbox 327 790 455 845; x_wconf 88' lang='lat' dir='ltr'><strong>tuto</strong></span> <span class='ocrx_word' id='word_1_47' title='bbox 505 786 897 857; x_wconf 82' lang='lat' dir='ltr'><strong>speculantes</strong></span> <span class='ocrx_word' id='word_1_48' title='bbox 946 784 1024 843; x_wconf 85' lang='lat' dir='ltr'><strong>ab</strong></span> <span class='ocrx_word' id='word_1_49' title='bbox 1076 782 1442 846; x_wconf 81' lang='lat' dir='ltr'><strong>stationibus</strong></span> <span class='ocrx_word' id='word_1_50' title='bbox 1501 783 1820 857; x_wconf 77' lang='lat' dir='ltr'>progredi,</span> <span class='ocrx_word' id='word_1_51' title='bbox 1877 782 2018 845; x_wconf 78' lang='lat' dir='ltr'><strong>dein</strong></span> <span class='ocrx_word' id='word_1_52' title='bbox 2071 783 2287 845; x_wconf 86' lang='lat' dir='ltr'><strong>iaculis</strong></span> 
     </span>
     <span class='ocr_line' id='line_1_8' title="bbox 326 866 2289 936; baseline -0.001 -9"><span class='ocrx_word' id='word_1_53' title='bbox 326 866 613 928; x_wconf 81' lang='lat' dir='ltr'><strong>summoti</strong></span> <span class='ocrx_word' id='word_1_54' title='bbox 654 882 971 929; x_wconf 81' lang='lat' dir='ltr'><strong>recurrere</strong></span> <span class='ocrx_word' id='word_1_55' title='bbox 1016 866 1093 925; x_wconf 85' lang='lat' dir='ltr'><strong>ad</strong></span> <span class='ocrx_word' id='word_1_56' title='bbox 1126 884 1311 936; x_wconf 71' lang='lat' dir='ltr'><strong>suos3</strong></span> <span class='ocrx_word' id='word_1_57' title='bbox 1381 866 1527 927; x_wconf 79' lang='lat' dir='ltr'><strong>inde</strong></span> <span class='ocrx_word' id='word_1_58' title='bbox 1564 866 1970 929; x_wconf 37' lang='lat' dir='ltr'><strong>&gt;excursiones</strong></span> <span class='ocrx_word' id='word_1_59' title='bbox 1999 867 2058 927; x_wconf 87' lang='lat' dir='ltr'><strong>in</strong></span> <span class='ocrx_word' id='word_1_60' title='bbox 2091 868 2289 930; x_wconf 78' lang='lat' dir='ltr'><strong>vicem</strong></span> 
     </span>
     <span class='ocr_line' id='line_1_9' title="bbox 324 948 2287 1024; baseline -0.002 -15"><span class='ocrx_word' id='word_1_61' title='bbox 324 948 475 1020; x_wconf 85' lang='lat' dir='ltr'><strong>fieri,</strong></span> <span class='ocrx_word' id='word_1_62' title='bbox 508 956 567 1009; x_wconf 89' lang='lat' dir='ltr'><strong>et</strong></span> <span class='ocrx_word' id='word_1_63' title='bbox 595 965 733 1009; x_wconf 87' lang='lat' dir='ltr'><strong>cum</strong></span> <span class='ocrx_word' id='word_1_64' title='bbox 764 954 981 1023; x_wconf 87' lang='lat' dir='ltr'><strong>pulsos</strong></span> <span class='ocrx_word' id='word_1_65' title='bbox 1010 950 1345 1024; x_wconf 72' lang='lat' dir='ltr'>indignatio</span> <span class='ocrx_word' id='word_1_66' title='bbox 1381 952 1774 1022; x_wconf 80' lang='lat' dir='ltr'><strong>accenderet,</strong></span> <span class='ocrx_word' id='word_1_67' title='bbox 1808 950 2017 1024; x_wconf 82' lang='lat' dir='ltr'><strong>plures</strong></span> <span class='ocrx_word' id='word_1_68' title='bbox 2046 952 2287 1011; x_wconf 68' lang='lat' dir='ltr'><strong>subires</strong></span> 
     </span>
     <span class='ocr_line' id='line_1_10' title="bbox 327 1032 2292 1107; baseline 0.001 -14"><span class='ocrx_word' id='word_1_69' title='bbox 327 1034 499 1107; x_wconf 85' lang='lat' dir='ltr'><strong>quod</strong></span> <span class='ocrx_word' id='word_1_70' title='bbox 540 1032 977 1097; x_wconf 74' lang='lat' dir='ltr'>irritamentum</span> <span class='ocrx_word' id='word_1_71' title='bbox 1016 1035 1412 1096; x_wconf 76' lang='lat' dir='ltr'><strong>certaminum</strong></span> <span class='ocrx_word' id='word_1_72' title='bbox 1447 1036 1820 1107; x_wconf 74' lang='lat' dir='ltr'><strong>equestrium</strong></span> <span class='ocrx_word' id='word_1_73' title='bbox 1851 1041 1978 1107; x_wconf 81' lang='lat' dir='ltr'><strong>est,</strong></span> <span class='ocrx_word' id='word_1_74' title='bbox 2019 1050 2156 1097; x_wconf 82' lang='lat' dir='ltr'><strong>cum</strong></span> <span class='ocrx_word' id='word_1_75' title='bbox 2185 1040 2292 1095; x_wconf 75' lang='lat' dir='ltr'><strong>aut</strong></span> 
     </span>
     <span class='ocr_line' id='line_1_11' title="bbox 327 1116 2288 1192; baseline 0.001 -13"><span class='ocrx_word' id='word_1_76' title='bbox 327 1116 713 1182; x_wconf 75' lang='lat' dir='ltr'><strong>vincentibus</strong></span> <span class='ocrx_word' id='word_1_77' title='bbox 754 1134 905 1192; x_wconf 86' lang='lat' dir='ltr'><strong>spes</strong></span> <span class='ocrx_word' id='word_1_78' title='bbox 936 1124 1041 1182; x_wconf 81' lang='lat' dir='ltr'><strong>aut</strong></span> <span class='ocrx_word' id='word_1_79' title='bbox 1081 1118 1280 1191; x_wconf 84' lang='lat' dir='ltr'><strong>pulsis</strong></span> <span class='ocrx_word' id='word_1_80' title='bbox 1309 1118 1399 1178; x_wconf 87' lang='lat' dir='ltr'><strong>ira</strong></span> <span class='ocrx_word' id='word_1_81' title='bbox 1425 1118 1720 1191; x_wconf 77' lang='lat' dir='ltr'>adgregat</span> <span class='ocrx_word' id='word_1_82' title='bbox 1747 1134 1916 1181; x_wconf 71' lang='lat' dir='ltr'><strong>suos,</strong></span> <span class='ocrx_word' id='word_1_83' title='bbox 1985 1118 2069 1177; x_wconf 86' lang='lat' dir='ltr'><strong>ita</strong></span> <span class='ocrx_word' id='word_1_84' title='bbox 2097 1127 2231 1179; x_wconf 82' lang='lat' dir='ltr'><strong>tum</strong></span> <span class='ocrx_word' id='word_1_85' title='bbox 2251 1134 2288 1181; x_wconf 82' lang='lat' dir='ltr'><strong>a</strong></span> 
     </span>
     <span class='ocr_line' id='line_1_12' title="bbox 328 1200 2272 1277; baseline 0.002 -18"><span class='ocrx_word' id='word_1_86' title='bbox 328 1201 543 1275; x_wconf 80' lang='lat' dir='ltr'><strong>paucis</strong></span> <span class='ocrx_word' id='word_1_87' title='bbox 584 1200 821 1275; x_wconf 84' lang='lat' dir='ltr'><strong>proelio</strong></span> <span class='ocrx_word' id='word_1_88' title='bbox 864 1216 1131 1261; x_wconf 78' lang='lat' dir='ltr'><strong>accenso</strong></span> <span class='ocrx_word' id='word_1_89' title='bbox 1164 1216 1406 1264; x_wconf 86' lang='lat' dir='ltr'><strong>omnem</strong></span> <span class='ocrx_word' id='word_1_90' title='bbox 1433 1200 1736 1277; x_wconf 77' lang='lat' dir='ltr'><strong>utrimque</strong></span> <span class='ocrx_word' id='word_1_91' title='bbox 1767 1208 2082 1277; x_wconf 85' lang='lat' dir='ltr'><strong>postremo</strong></span> <span class='ocrx_word' id='word_1_92' title='bbox 2110 1202 2272 1276; x_wconf 85' lang='lat' dir='ltr'><strong>equi·</strong></span> 
     </span>
     <span class='ocr_line' id='line_1_13' title="bbox 328 1284 2290 1349; baseline 0 -4"><span class='ocrx_word' id='word_1_93' title='bbox 328 1291 515 1348; x_wconf 87' lang='lat' dir='ltr'><strong>tatum</strong></span> <span class='ocrx_word' id='word_1_94' title='bbox 574 1284 917 1347; x_wconf 80' lang='lat' dir='ltr'><strong>certaminis</strong></span> <span class='ocrx_word' id='word_1_95' title='bbox 976 1286 1243 1349; x_wconf 85' lang='lat' dir='ltr'><strong>studium</strong></span> <span class='ocrx_word' id='word_1_96' title='bbox 1298 1285 1570 1347; x_wconf 85' lang='lat' dir='ltr'><strong>effundit.</strong></span> <span class='ocrx_word' id='word_1_97' title='bbox 1643 1302 1720 1346; x_wconf 81' lang='lat' dir='ltr'><strong>ae</strong></span> <span class='ocrx_word' id='word_1_98' title='bbox 1777 1286 1922 1347; x_wconf 85' lang='lat' dir='ltr'><strong>dum</strong></span> <span class='ocrx_word' id='word_1_99' title='bbox 1981 1286 2290 1347; x_wconf 82' lang='lat' dir='ltr'><strong>since-rum</strong></span> 
     </span>
     <span class='ocr_line' id='line_1_14' title="bbox 324 1369 2291 1443; baseline 0.002 -16"><span class='ocrx_word' id='word_1_100' title='bbox 324 1377 613 1443; x_wconf 78' lang='lat' dir='ltr'><strong>equestre</strong></span> <span class='ocrx_word' id='word_1_101' title='bbox 637 1369 935 1443; x_wconf 87' lang='lat' dir='ltr'><strong>proelium</strong></span> <span class='ocrx_word' id='word_1_102' title='bbox 960 1376 1105 1439; x_wconf 81' lang='lat' dir='ltr'><strong>erat,</strong></span> <span class='ocrx_word' id='word_1_103' title='bbox 1136 1369 1454 1431; x_wconf 84' lang='lat' dir='ltr'><strong>multitudo</strong></span> <span class='ocrx_word' id='word_1_104' title='bbox 1477 1369 1998 1442; x_wconf 75' lang='lat' dir='ltr'><strong>Masaesuliorum,</strong></span> <span class='ocrx_word' id='word_1_105' title='bbox 2023 1370 2291 1443; x_wconf 77' lang='lat' dir='ltr'><strong>ingentia</strong></span> 
     </span>
     <span class='ocr_line' id='line_1_15' title="bbox 328 1450 2290 1529; baseline 0.001 -17"><span class='ocrx_word' id='word_1_106' title='bbox 328 1452 570 1525; x_wconf 77' lang='lat' dir='ltr'><strong>agmina</strong></span> <span class='ocrx_word' id='word_1_107' title='bbox 600 1450 893 1529; x_wconf 77' lang='lat' dir='ltr'><strong>Syphace</strong></span> <span class='ocrx_word' id='word_1_108' title='bbox 920 1453 1256 1523; x_wconf 84' lang='lat' dir='ltr'><strong>emittente,</strong></span> <span class='ocrx_word' id='word_1_109' title='bbox 1305 1454 1590 1519; x_wconf 73' lang='lat' dir='ltr'><strong>sustineri</strong></span> <span class='ocrx_word' id='word_1_110' title='bbox 1622 1453 1722 1514; x_wconf 81' lang='lat' dir='ltr'><strong>vix</strong></span> <span class='ocrx_word' id='word_1_111' title='bbox 1757 1462 2022 1527; x_wconf 57' lang='lat' dir='ltr'><strong>poteratt</strong></span> <span class='ocrx_word' id='word_1_112' title='bbox 2066 1454 2290 1513; x_wconf 82' lang='lat' dir='ltr'><strong>deinde</strong></span> 
     </span>
     <span class='ocr_line' id='line_1_16' title="bbox 324 1536 2292 1611; baseline 0.002 -16"><span class='ocrx_word' id='word_1_113' title='bbox 324 1542 391 1595; x_wconf 86' lang='lat' dir='ltr'><strong>ut</strong></span> <span class='ocrx_word' id='word_1_114' title='bbox 426 1536 617 1609; x_wconf 85' lang='lat' dir='ltr'><strong>pedes</strong></span> <span class='ocrx_word' id='word_1_115' title='bbox 640 1537 956 1599; x_wconf 78' lang='lat' dir='ltr'><strong>Romanus</strong></span> <span class='ocrx_word' id='word_1_116' title='bbox 984 1538 1302 1611; x_wconf 84' lang='lat' dir='ltr'><strong>repentino</strong></span> <span class='ocrx_word' id='word_1_117' title='bbox 1331 1552 1438 1611; x_wconf 88' lang='lat' dir='ltr'><strong>per</strong></span> <span class='ocrx_word' id='word_1_118' title='bbox 1465 1544 1694 1601; x_wconf 65' lang='lat' dir='ltr'><strong>taurinas</strong></span> <span class='ocrx_word' id='word_1_119' title='bbox 1719 1554 1866 1599; x_wconf 79' lang='lat' dir='ltr'><strong>suas</strong></span> <span class='ocrx_word' id='word_1_120' title='bbox 1891 1538 2046 1599; x_wconf 85' lang='lat' dir='ltr'><strong>viam</strong></span> <span class='ocrx_word' id='word_1_121' title='bbox 2073 1538 2292 1599; x_wconf 82' lang='lat' dir='ltr'><strong>dantes</strong></span> 
     </span>
     <span class='ocr_line' id='line_1_17' title="bbox 324 1619 2286 1695; baseline 0.002 -17"><span class='ocrx_word' id='word_1_122' title='bbox 324 1619 673 1682; x_wconf 75' lang='lat' dir='ltr'><strong>intercursu</strong></span> <span class='ocrx_word' id='word_1_123' title='bbox 698 1619 977 1679; x_wconf 81' lang='lat' dir='ltr'><strong>stabilem</strong></span> <span class='ocrx_word' id='word_1_124' title='bbox 1006 1620 1198 1681; x_wconf 80' lang='lat' dir='ltr'><strong>aciem</strong></span> <span class='ocrx_word' id='word_1_125' title='bbox 1228 1621 1387 1691; x_wconf 78' lang='lat' dir='ltr'><strong>tecit,</strong></span> <span class='ocrx_word' id='word_1_126' title='bbox 1413 1621 1864 1695; x_wconf 68' lang='lat' dir='ltr'><strong>abatem-nimae</strong></span> <span class='ocrx_word' id='word_1_127' title='bbox 1891 1621 2088 1684; x_wconf 83' lang='lat' dir='ltr'><strong>effuse</strong></span> <span class='ocrx_word' id='word_1_128' title='bbox 2117 1622 2286 1681; x_wconf 85' lang='lat' dir='ltr'><strong>inve-</strong></span> 
     </span>
     <span class='ocr_line' id='line_1_18' title="bbox 324 1701 2290 1779; baseline 0.003 -18"><span class='ocrx_word' id='word_1_129' title='bbox 324 1701 565 1761; x_wconf 86' lang='lat' dir='ltr'><strong>hentem</strong></span> <span class='ocrx_word' id='word_1_130' title='bbox 618 1718 765 1764; x_wconf 86' lang='lat' dir='ltr'><strong>sese</strong></span> <span class='ocrx_word' id='word_1_131' title='bbox 802 1702 1073 1775; x_wconf 83' lang='lat' dir='ltr'><strong>hostem,</strong></span> <span class='ocrx_word' id='word_1_132' title='bbox 1126 1704 1324 1779; x_wconf 89' lang='lat' dir='ltr'><strong>primo</strong></span> <span class='ocrx_word' id='word_1_133' title='bbox 1361 1704 1606 1768; x_wconf 85' lang='lat' dir='ltr'><strong>barbari</strong></span> <span class='ocrx_word' id='word_1_134' title='bbox 1646 1706 1898 1778; x_wconf 81' lang='lat' dir='ltr'><strong>segnius</strong></span> <span class='ocrx_word' id='word_1_135' title='bbox 1943 1706 2290 1779; x_wconf 68' lang='lat' dir='ltr'><strong>permittere</strong></span> 
     </span>
     <span class='ocr_line' id='line_1_19' title="bbox 326 1786 2290 1863; baseline 0.003 -18"><span class='ocrx_word' id='word_1_136' title='bbox 326 1800 545 1860; x_wconf 78' lang='lat' dir='ltr'><strong>equOS,</strong></span> <span class='ocrx_word' id='word_1_137' title='bbox 576 1786 717 1847; x_wconf 86' lang='lat' dir='ltr'><strong>dein</strong></span> <span class='ocrx_word' id='word_1_138' title='bbox 748 1793 931 1859; x_wconf 83' lang='lat' dir='ltr'><strong>stare,</strong></span> <span class='ocrx_word' id='word_1_139' title='bbox 962 1802 1035 1847; x_wconf 86' lang='lat' dir='ltr'><strong>ae</strong></span> <span class='ocrx_word' id='word_1_140' title='bbox 1070 1804 1333 1861; x_wconf 75' lang='lat' dir='ltr'><strong>propere</strong></span> <span class='ocrx_word' id='word_1_141' title='bbox 1364 1788 1585 1851; x_wconf 72' lang='lat' dir='ltr'><strong>turbati</strong></span> <span class='ocrx_word' id='word_1_142' title='bbox 1610 1806 1770 1847; x_wconf 81' lang='lat' dir='ltr'><strong>novo</strong></span> <span class='ocrx_word' id='word_1_143' title='bbox 1795 1804 2020 1863; x_wconf 78' lang='lat' dir='ltr'><strong>genere</strong></span> <span class='ocrx_word' id='word_1_144' title='bbox 2045 1806 2290 1863; x_wconf 76' lang='lat' dir='ltr'><strong>pugnae</strong></span> 
     </span>
     <span class='ocr_line' id='line_1_20' title="bbox 324 1871 2287 1949; baseline 0.002 -20"><span class='ocrx_word' id='word_1_145' title='bbox 324 1877 639 1949; x_wconf 76' lang='lat' dir='ltr'><strong>pos-tremo</strong></span> <span class='ocrx_word' id='word_1_146' title='bbox 682 1886 805 1931; x_wconf 89' lang='lat' dir='ltr'><strong>non</strong></span> <span class='ocrx_word' id='word_1_147' title='bbox 849 1871 1039 1944; x_wconf 88' lang='lat' dir='ltr'><strong>pediti</strong></span> <span class='ocrx_word' id='word_1_148' title='bbox 1082 1874 1291 1935; x_wconf 71' lang='lat' dir='ltr'><strong>solum,</strong></span> <span class='ocrx_word' id='word_1_149' title='bbox 1309 1873 1560 1945; x_wconf 77' lang='lat' dir='ltr'><strong>cedere,</strong></span> <span class='ocrx_word' id='word_1_150' title='bbox 1607 1872 1720 1933; x_wconf 81' lang='lat' dir='ltr'><strong>sed</strong></span> <span class='ocrx_word' id='word_1_151' title='bbox 1750 1888 1828 1933; x_wconf 86' lang='lat' dir='ltr'><strong>ne</strong></span> <span class='ocrx_word' id='word_1_152' title='bbox 1857 1873 2122 1946; x_wconf 63' lang='lat' dir='ltr'><strong>equitem</strong></span> <span class='ocrx_word' id='word_1_153' title='bbox 2154 1874 2287 1947; x_wconf 85' lang='lat' dir='ltr'><strong>qui·</strong></span> 
     </span>
     <span class='ocr_line' id='line_1_21' title="bbox 326 1952 2290 2031; baseline 0.003 -20"><span class='ocrx_word' id='word_1_154' title='bbox 326 1952 463 2013; x_wconf 88' lang='lat' dir='ltr'><strong>dem</strong></span> <span class='ocrx_word' id='word_1_155' title='bbox 520 1953 827 2013; x_wconf 88' lang='lat' dir='ltr'><strong>sustinere</strong></span> <span class='ocrx_word' id='word_1_156' title='bbox 886 1954 1107 2027; x_wconf 84' lang='lat' dir='ltr'><strong>peditis</strong></span> <span class='ocrx_word' id='word_1_157' title='bbox 1164 1956 1476 2029; x_wconf 87' lang='lat' dir='ltr'><strong>praesidio</strong></span> <span class='ocrx_word' id='word_1_158' title='bbox 1531 1957 1871 2021; x_wconf 75' lang='lat' dir='ltr'><strong>audentem.</strong></span> <span class='ocrx_word' id='word_1_159' title='bbox 1943 1958 2062 2015; x_wconf 87' lang='lat' dir='ltr'><strong>iarn</strong></span> <span class='ocrx_word' id='word_1_160' title='bbox 2111 1958 2290 2031; x_wconf 77' lang='lat' dir='ltr'><strong>signa</strong></span> 
     </span>
     <span class='ocr_line' id='line_1_22' title="bbox 329 2037 2289 2114; baseline 0.003 -19"><span class='ocrx_word' id='word_1_161' title='bbox 329 2052 581 2110; x_wconf 80' lang='lat' dir='ltr'><strong>quoque</strong></span> <span class='ocrx_word' id='word_1_162' title='bbox 612 2037 921 2110; x_wconf 79' lang='lat' dir='ltr'><strong>legionum</strong></span> <span class='ocrx_word' id='word_1_163' title='bbox 950 2038 1558 2114; x_wconf 81' lang='lat' dir='ltr'><strong>appropinquabant.</strong></span> <span class='ocrx_word' id='word_1_164' title='bbox 1599 2047 1725 2099; x_wconf 85' lang='lat' dir='ltr'><strong>tum</strong></span> <span class='ocrx_word' id='word_1_165' title='bbox 1755 2054 1904 2099; x_wconf 87' lang='lat' dir='ltr'><strong>vero</strong></span> <span class='ocrx_word' id='word_1_166' title='bbox 1933 2040 2289 2101; x_wconf 86' lang='lat' dir='ltr'><strong>Masaesulii</strong></span> 
     </span>
     <span class='ocr_line' id='line_1_23' title="bbox 326 2119 2289 2199; baseline 0.004 -22"><span class='ocrx_word' id='word_1_167' title='bbox 326 2135 451 2179; x_wconf 85' lang='lat' dir='ltr'><strong>non</strong></span> <span class='ocrx_word' id='word_1_168' title='bbox 494 2119 678 2179; x_wconf 87' lang='lat' dir='ltr'><strong>modo</strong></span> <span class='ocrx_word' id='word_1_169' title='bbox 719 2120 983 2194; x_wconf 87' lang='lat' dir='ltr'><strong>primum</strong></span> <span class='ocrx_word' id='word_1_170' title='bbox 1024 2122 1312 2195; x_wconf 87' lang='lat' dir='ltr'><strong>impetum</strong></span> <span class='ocrx_word' id='word_1_171' title='bbox 1356 2124 1470 2184; x_wconf 88' lang='lat' dir='ltr'><strong>sed</strong></span> <span class='ocrx_word' id='word_1_172' title='bbox 1500 2138 1578 2183; x_wconf 89' lang='lat' dir='ltr'><strong>ne</strong></span> <span class='ocrx_word' id='word_1_173' title='bbox 1607 2132 2010 2197; x_wconf 67' lang='lat' dir='ltr'><strong>conspectum</strong></span> <span class='ocrx_word' id='word_1_174' title='bbox 2039 2124 2289 2199; x_wconf 83' lang='lat' dir='ltr'><strong>quidem</strong></span> 
     </span>
     <span class='ocr_line' id='line_1_24' title="bbox 326 2202 2290 2278; baseline 0.004 -15"><span class='ocrx_word' id='word_1_175' title='bbox 326 2202 642 2277; x_wconf 82' lang='lat' dir='ltr'><strong>signorum</strong></span> <span class='ocrx_word' id='word_1_176' title='bbox 684 2210 869 2278; x_wconf 87' lang='lat' dir='ltr'><strong>atque</strong></span> <span class='ocrx_word' id='word_1_177' title='bbox 908 2220 1214 2265; x_wconf 81' lang='lat' dir='ltr'><strong>armorum</strong></span> <span class='ocrx_word' id='word_1_178' title='bbox 1255 2208 1549 2271; x_wconf 81' lang='lat' dir='ltr'><strong>tulerunt:</strong></span> <span class='ocrx_word' id='word_1_179' title='bbox 1593 2212 1820 2269; x_wconf 83' lang='lat' dir='ltr'><strong>tantum</strong></span> <span class='ocrx_word' id='word_1_180' title='bbox 1853 2223 1966 2269; x_wconf 87' lang='lat' dir='ltr'><strong>seu</strong></span> <span class='ocrx_word' id='word_1_181' title='bbox 1995 2207 2290 2270; x_wconf 83' lang='lat' dir='ltr'><strong>memoria</strong></span> 
     </span>
     <span class='ocr_line' id='line_1_25' title="bbox 322 2286 2288 2369; baseline 0.003 -24"><span class='ocrx_word' id='word_1_182' title='bbox 322 2286 595 2361; x_wconf 88' lang='lat' dir='ltr'><strong>priorum</strong></span> <span class='ocrx_word' id='word_1_183' title='bbox 626 2287 889 2349; x_wconf 86' lang='lat' dir='ltr'><strong>cladium</strong></span> <span class='ocrx_word' id='word_1_184' title='bbox 918 2304 1031 2348; x_wconf 89' lang='lat' dir='ltr'><strong>seu</strong></span> <span class='ocrx_word' id='word_1_185' title='bbox 1061 2305 1364 2363; x_wconf 84' lang='lat' dir='ltr'><strong>praesens</strong></span> <span class='ocrx_word' id='word_1_186' title='bbox 1392 2297 1588 2351; x_wconf 85' lang='lat' dir='ltr'><strong>terror</strong></span> <span class='ocrx_word' id='word_1_187' title='bbox 1621 2291 1824 2355; x_wconf 86' lang='lat' dir='ltr'><strong>valuit.</strong></span> <span class='ocrx_word' id='word_1_188' title='bbox 1877 2291 2006 2352; x_wconf 78' lang='lat' dir='ltr'><strong>XII.</strong></span> <span class='ocrx_word' id='word_1_189' title='bbox 2051 2290 2135 2351; x_wconf 87' lang='lat' dir='ltr'><strong>ibi</strong></span> <span class='ocrx_word' id='word_1_190' title='bbox 2167 2290 2288 2369; x_wconf 78' lang='lat' dir='ltr'><strong>Sy·-</strong></span> 
     </span>
     <span class='ocr_line' id='line_1_26' title="bbox 324 2370 2286 2449; baseline 0.004 -21"><span class='ocrx_word' id='word_1_191' title='bbox 324 2370 521 2445; x_wconf 87' lang='lat' dir='ltr'><strong>phax,</strong></span> <span class='ocrx_word' id='word_1_192' title='bbox 554 2371 697 2431; x_wconf 85' lang='lat' dir='ltr'><strong>dum</strong></span> <span class='ocrx_word' id='word_1_193' title='bbox 726 2372 1041 2447; x_wconf 86' lang='lat' dir='ltr'><strong>obequitat</strong></span> <span class='ocrx_word' id='word_1_194' title='bbox 1068 2373 1334 2435; x_wconf 82' lang='lat' dir='ltr'><strong>hostium</strong></span> <span class='ocrx_word' id='word_1_195' title='bbox 1367 2374 1612 2445; x_wconf 78' lang='lat' dir='ltr'><strong>turmiS,</strong></span> <span class='ocrx_word' id='word_1_196' title='bbox 1655 2374 1718 2433; x_wconf 91' lang='lat' dir='ltr'><strong>si.</strong></span> <span class='ocrx_word' id='word_1_197' title='bbox 1737 2376 2006 2449; x_wconf 85' lang='lat' dir='ltr'><strong>pudore,</strong></span> <span class='ocrx_word' id='word_1_198' title='bbox 2039 2376 2094 2435; x_wconf 88' lang='lat' dir='ltr'><strong>si</strong></span> <span class='ocrx_word' id='word_1_199' title='bbox 2127 2376 2286 2449; x_wconf 88' lang='lat' dir='ltr'><strong>peri—</strong></span> 
     </span>
     <span class='ocr_line' id='line_1_27' title="bbox 324 2456 2288 2533; baseline 0.002 -18"><span class='ocrx_word' id='word_1_200' title='bbox 324 2456 465 2515; x_wconf 82' lang='lat' dir='ltr'><strong>culo</strong></span> <span class='ocrx_word' id='word_1_201' title='bbox 507 2470 623 2513; x_wconf 91' lang='lat' dir='ltr'><strong>suo</strong></span> <span class='ocrx_word' id='word_1_202' title='bbox 664 2456 871 2529; x_wconf 82' lang='lat' dir='ltr'><strong>sugam</strong></span> <span class='ocrx_word' id='word_1_203' title='bbox 900 2456 1121 2515; x_wconf 85' lang='lat' dir='ltr'><strong>sistere</strong></span> <span class='ocrx_word' id='word_1_204' title='bbox 1150 2464 1382 2531; x_wconf 87' lang='lat' dir='ltr'><strong>posset,</strong></span> <span class='ocrx_word' id='word_1_205' title='bbox 1415 2474 1578 2533; x_wconf 74' lang='lat' dir='ltr'><strong>equo</strong></span> <span class='ocrx_word' id='word_1_206' title='bbox 1603 2458 1868 2531; x_wconf 76' lang='lat' dir='ltr'><strong>graviter</strong></span> <span class='ocrx_word' id='word_1_207' title='bbox 1898 2459 2016 2519; x_wconf 87' lang='lat' dir='ltr'><strong>icto</strong></span> <span class='ocrx_word' id='word_1_208' title='bbox 2047 2459 2288 2524; x_wconf 80' lang='lat' dir='ltr'><strong>effusus</strong></span> 
     </span>
     <span class='ocr_line' id='line_1_28' title="bbox 324 2537 2288 2614; baseline 0.001 -15"><span class='ocrx_word' id='word_1_209' title='bbox 324 2537 685 2611; x_wconf 83' lang='lat' dir='ltr'><strong>opprimitur</strong></span> <span class='ocrx_word' id='word_1_210' title='bbox 716 2540 1090 2614; x_wconf 83' lang='lat' dir='ltr'><strong>capiturque,</strong></span> <span class='ocrx_word' id='word_1_211' title='bbox 1122 2550 1185 2600; x_wconf 87' lang='lat' dir='ltr'><strong>et</strong></span> <span class='ocrx_word' id='word_1_212' title='bbox 1213 2542 1410 2613; x_wconf 83' lang='lat' dir='ltr'><strong>vivuS,</strong></span> <span class='ocrx_word' id='word_1_213' title='bbox 1443 2544 1663 2603; x_wconf 86' lang='lat' dir='ltr'><strong>laetum</strong></span> <span class='ocrx_word' id='word_1_214' title='bbox 1695 2550 1836 2603; x_wconf 85' lang='lat' dir='ltr'><strong>ante</strong></span> <span class='ocrx_word' id='word_1_215' title='bbox 1865 2558 2078 2603; x_wconf 86' lang='lat' dir='ltr'><strong>omnes</strong></span> <span class='ocrx_word' id='word_1_216' title='bbox 2101 2543 2288 2603; x_wconf 80' lang='lat' dir='ltr'><strong>Masi-</strong></span> 
     </span>
     <span class='ocr_line' id='line_1_29' title="bbox 324 2620 2246 2701; baseline 0.003 -22"><span class='ocrx_word' id='word_1_217' title='bbox 324 2620 533 2679; x_wconf 86' lang='lat' dir='ltr'><strong>nissae</strong></span> <span class='ocrx_word' id='word_1_218' title='bbox 565 2622 947 2695; x_wconf 84' lang='lat' dir='ltr'><strong>praebiturus</strong></span> <span class='ocrx_word' id='word_1_219' title='bbox 980 2627 1418 2697; x_wconf 86' lang='lat' dir='ltr'><strong>spectaculum,</strong></span> <span class='ocrx_word' id='word_1_220' title='bbox 1449 2626 1527 2685; x_wconf 87' lang='lat' dir='ltr'><strong>ad</strong></span> <span class='ocrx_word' id='word_1_221' title='bbox 1557 2626 1827 2686; x_wconf 84' lang='lat' dir='ltr'><strong>Laelium</strong></span> <span class='ocrx_word' id='word_1_222' title='bbox 1859 2626 2246 2701; x_wconf 86' lang='lat' dir='ltr'><strong>pertrahitur.</strong></span> 
     </span>
     <span class='ocr_line' id='line_1_30' title="bbox 496 2704 2286 2785; baseline 0.004 -22"><span class='ocrx_word' id='word_1_223' title='bbox 496 2704 654 2765; x_wconf 85' lang='lat' dir='ltr'><strong>Cirta</strong></span> <span class='ocrx_word' id='word_1_224' title='bbox 702 2714 889 2779; x_wconf 87' lang='lat' dir='ltr'><strong>eaput</strong></span> <span class='ocrx_word' id='word_1_225' title='bbox 936 2708 1106 2779; x_wconf 79' lang='lat' dir='ltr'><strong>regni</strong></span> <span class='ocrx_word' id='word_1_226' title='bbox 1151 2706 1462 2785; x_wconf 76' lang='lat' dir='ltr'><strong>Syphacis</strong></span> <span class='ocrx_word' id='word_1_227' title='bbox 1503 2714 1662 2782; x_wconf 87' lang='lat' dir='ltr'><strong>erat,</strong></span> <span class='ocrx_word' id='word_1_228' title='bbox 1715 2725 1915 2784; x_wconf 86' lang='lat' dir='ltr'><strong>eoque</strong></span> <span class='ocrx_word' id='word_1_229' title='bbox 1957 2726 2027 2770; x_wconf 90' lang='lat' dir='ltr'><strong>se</strong></span> <span class='ocrx_word' id='word_1_230' title='bbox 2066 2710 2286 2785; x_wconf 83' lang='lat' dir='ltr'><strong>ingens</strong></span> 
     </span>
     <span class='ocr_line' id='line_1_31' title="bbox 324 2785 2286 2869; baseline 0.005 -24"><span class='ocrx_word' id='word_1_231' title='bbox 324 2785 636 2847; x_wconf 87' lang='lat' dir='ltr'><strong>hominum</strong></span> <span class='ocrx_word' id='word_1_232' title='bbox 678 2790 929 2849; x_wconf 87' lang='lat' dir='ltr'><strong>contulit</strong></span> <span class='ocrx_word' id='word_1_233' title='bbox 970 2790 1085 2851; x_wconf 86' lang='lat' dir='ltr'><strong>vis.</strong></span> <span class='ocrx_word' id='word_1_234' title='bbox 1158 2794 1382 2854; x_wconf 77' lang='lat' dir='ltr'><strong>caedes</strong></span> <span class='ocrx_word' id='word_1_235' title='bbox 1413 2793 1471 2852; x_wconf 87' lang='lat' dir='ltr'><strong>in</strong></span> <span class='ocrx_word' id='word_1_236' title='bbox 1503 2808 1578 2852; x_wconf 90' lang='lat' dir='ltr'><strong>eo</strong></span> <span class='ocrx_word' id='word_1_237' title='bbox 1609 2795 1845 2867; x_wconf 87' lang='lat' dir='ltr'><strong>proelio</strong></span> <span class='ocrx_word' id='word_1_238' title='bbox 1875 2795 2073 2855; x_wconf 85' lang='lat' dir='ltr'><strong>minor</strong></span> <span class='ocrx_word' id='word_1_239' title='bbox 2102 2810 2286 2869; x_wconf 88' lang='lat' dir='ltr'><strong>quam</strong></span> 
     </span>
     <span class='ocr_line' id='line_1_32' title="bbox 322 2870 2286 2953; baseline 0.004 -24"><span class='ocrx_word' id='word_1_240' title='bbox 322 2870 576 2931; x_wconf 85' lang='lat' dir='ltr'><strong>victoria</strong></span> <span class='ocrx_word' id='word_1_241' title='bbox 620 2871 757 2945; x_wconf 74' lang='lat' dir='ltr'><strong>ruit,</strong></span> <span class='ocrx_word' id='word_1_242' title='bbox 803 2874 947 2947; x_wconf 82' lang='lat' dir='ltr'><strong>quia</strong></span> <span class='ocrx_word' id='word_1_243' title='bbox 976 2876 1249 2949; x_wconf 86' lang='lat' dir='ltr'><strong>equestri</strong></span> <span class='ocrx_word' id='word_1_244' title='bbox 1280 2876 1696 2941; x_wconf 81' lang='lat' dir='ltr'><strong>tantummodo</strong></span> <span class='ocrx_word' id='word_1_245' title='bbox 1725 2878 1960 2953; x_wconf 85' lang='lat' dir='ltr'><strong>proelio</strong></span> <span class='ocrx_word' id='word_1_246' title='bbox 1993 2885 2286 2939; x_wconf 83' lang='lat' dir='ltr'><strong>certatum</strong></span> 
     </span>
     <span class='ocr_line' id='line_1_33' title="bbox 324 2954 2288 3034; baseline 0.006 -23"><span class='ocrx_word' id='word_1_247' title='bbox 324 2954 538 3015; x_wconf 82' lang='lat' dir='ltr'><strong>fuerat.</strong></span> <span class='ocrx_word' id='word_1_248' title='bbox 597 2971 719 3017; x_wconf 87' lang='lat' dir='ltr'><strong>non</strong></span> <span class='ocrx_word' id='word_1_249' title='bbox 766 2959 903 3030; x_wconf 89' lang='lat' dir='ltr'><strong>plus</strong></span> <span class='ocrx_word' id='word_1_250' title='bbox 949 2958 1224 3032; x_wconf 85' lang='lat' dir='ltr'><strong>quinque</strong></span> <span class='ocrx_word' id='word_1_251' title='bbox 1262 2960 1426 3019; x_wconf 86' lang='lat' dir='ltr'><strong>milia</strong></span> <span class='ocrx_word' id='word_1_252' title='bbox 1456 2960 1693 3034; x_wconf 86' lang='lat' dir='ltr'><strong>occisa,</strong></span> <span class='ocrx_word' id='word_1_253' title='bbox 1738 2962 1939 3023; x_wconf 87' lang='lat' dir='ltr'><strong>minus</strong></span> <span class='ocrx_word' id='word_1_254' title='bbox 1969 2962 2288 3023; x_wconf 87' lang='lat' dir='ltr'><strong>dimidium</strong></span> 
     </span>
     <span class='ocr_line' id='line_1_34' title="bbox 323 3036 2288 3121; baseline 0.005 -25"><span class='ocrx_word' id='word_1_255' title='bbox 323 3036 458 3097; x_wconf 85' lang='lat' dir='ltr'><strong>eius</strong></span> <span class='ocrx_word' id='word_1_256' title='bbox 508 3038 817 3099; x_wconf 83' lang='lat' dir='ltr'><strong>hominum</strong></span> <span class='ocrx_word' id='word_1_257' title='bbox 871 3048 1115 3115; x_wconf 86' lang='lat' dir='ltr'><strong>captum</strong></span> <span class='ocrx_word' id='word_1_258' title='bbox 1156 3050 1253 3102; x_wconf 88' lang='lat' dir='ltr'><strong>est</strong></span> <span class='ocrx_word' id='word_1_259' title='bbox 1293 3042 1524 3118; x_wconf 84' lang='lat' dir='ltr'><strong>impetu</strong></span> <span class='ocrx_word' id='word_1_260' title='bbox 1562 3044 1622 3103; x_wconf 83' lang='lat' dir='ltr'><strong>in</strong></span> <span class='ocrx_word' id='word_1_261' title='bbox 1666 3052 1868 3105; x_wconf 83' lang='lat' dir='ltr'><strong>castra</strong></span> <span class='ocrx_word' id='word_1_262' title='bbox 1907 3046 2100 3117; x_wconf 83' lang='lat' dir='ltr'><strong>facte,</strong></span> <span class='ocrx_word' id='word_1_263' title='bbox 2159 3062 2288 3121; x_wconf 86' lang='lat' dir='ltr'><strong>quo</strong></span> 
     </span>
     <span class='ocr_line' id='line_1_35' title="bbox 327 3124 2289 3197; baseline 0.007 -19"><span class='ocrx_word' id='word_1_264' title='bbox 327 3124 613 3193; x_wconf 86' lang='lat' dir='ltr'><strong>perculsa</strong></span> <span class='ocrx_word' id='word_1_265' title='bbox 640 3138 799 3197; x_wconf 82' lang='lat' dir='ltr'><strong>rege·</strong></span> <span class='ocrx_word' id='word_1_266' title='bbox 820 3125 1049 3185; x_wconf 88' lang='lat' dir='ltr'><strong>amisso</strong></span> <span class='ocrx_word' id='word_1_267' title='bbox 1078 3128 1394 3190; x_wconf 78' lang='lat' dir='ltr'><strong>multitudo</strong></span> <span class='ocrx_word' id='word_1_268' title='bbox 1427 3142 1498 3187; x_wconf 87' lang='lat' dir='ltr'><strong>se</strong></span> <span class='ocrx_word' id='word_1_269' title='bbox 1527 3132 1879 3193; x_wconf 73' lang='lat' dir='ltr'><strong>contulerat„</strong></span> <span class='ocrx_word' id='word_1_270' title='bbox 1954 3129 2289 3191; x_wconf 80' lang='lat' dir='ltr'><strong>Masinissa</strong></span> 
     </span>
     <span class='ocr_line' id='line_1_36' title="bbox 324 3204 2288 3286; baseline 0.004 -23"><span class='ocrx_word' id='word_1_271' title='bbox 324 3204 439 3263; x_wconf 86' lang='lat' dir='ltr'><strong>sibi</strong></span> <span class='ocrx_word' id='word_1_272' title='bbox 504 3206 750 3279; x_wconf 86' lang='lat' dir='ltr'><strong>quidem</strong></span> <span class='ocrx_word' id='word_1_273' title='bbox 808 3208 1013 3267; x_wconf 82' lang='lat' dir='ltr'><strong>dieere</strong></span> <span class='ocrx_word' id='word_1_274' title='bbox 1062 3209 1207 3269; x_wconf 89' lang='lat' dir='ltr'><strong>nihil</strong></span> <span class='ocrx_word' id='word_1_275' title='bbox 1260 3226 1404 3272; x_wconf 85' lang='lat' dir='ltr'><strong>esse</strong></span> <span class='ocrx_word' id='word_1_276' title='bbox 1451 3211 1514 3269; x_wconf 85' lang='lat' dir='ltr'><strong>in</strong></span> <span class='ocrx_word' id='word_1_277' title='bbox 1569 3213 1920 3285; x_wconf 84' lang='lat' dir='ltr'><strong>praesentia</strong></span> <span class='ocrx_word' id='word_1_278' title='bbox 1970 3213 2288 3286; x_wconf 83' lang='lat' dir='ltr'><strong>pulchrius</strong></span> 
     </span>
     <span class='ocr_line' id='line_1_37' title="bbox 326 3291 2288 3371; baseline 0.006 -24"><span class='ocrx_word' id='word_1_279' title='bbox 326 3304 508 3361; x_wconf 87' lang='lat' dir='ltr'><strong>quam</strong></span> <span class='ocrx_word' id='word_1_280' title='bbox 542 3291 833 3353; x_wconf 80' lang='lat' dir='ltr'><strong>victorem</strong></span> <span class='ocrx_word' id='word_1_281' title='bbox 859 3300 1282 3367; x_wconf 86' lang='lat' dir='ltr'><strong>recuperatum</strong></span> <span class='ocrx_word' id='word_1_282' title='bbox 1315 3301 1483 3354; x_wconf 89' lang='lat' dir='ltr'><strong>tanto</strong></span> <span class='ocrx_word' id='word_1_283' title='bbox 1512 3304 1655 3370; x_wconf 84' lang='lat' dir='ltr'><strong>post</strong></span> <span class='ocrx_word' id='word_1_284' title='bbox 1683 3295 2000 3355; x_wconf 83' lang='lat' dir='ltr'><strong>intervallo</strong></span> <span class='ocrx_word' id='word_1_285' title='bbox 2024 3297 2288 3371; x_wconf 81' lang='lat' dir='ltr'><strong>patrium</strong></span> 
     </span>
     <span class='ocr_line' id='line_1_38' title="bbox 323 3371 2290 3453; baseline 0.005 -24"><span class='ocrx_word' id='word_1_286' title='bbox 323 3371 586 3431; x_wconf 85' lang='lat' dir='ltr'><strong>invisere</strong></span> <span class='ocrx_word' id='word_1_287' title='bbox 622 3390 907 3448; x_wconf 77' lang='lat' dir='ltr'><strong>regnum3</strong></span> <span class='ocrx_word' id='word_1_288' title='bbox 954 3376 1067 3435; x_wconf 88' lang='lat' dir='ltr'><strong>sed</strong></span> <span class='ocrx_word' id='word_1_289' title='bbox 1096 3383 1217 3435; x_wconf 83' lang='lat' dir='ltr'><strong>tam</strong></span> <span class='ocrx_word' id='word_1_290' title='bbox 1248 3378 1539 3439; x_wconf 85' lang='lat' dir='ltr'><strong>secundis</strong></span> <span class='ocrx_word' id='word_1_291' title='bbox 1573 3395 1756 3453; x_wconf 88' lang='lat' dir='ltr'><strong>quam</strong></span> <span class='ocrx_word' id='word_1_292' title='bbox 1785 3380 2064 3440; x_wconf 84' lang='lat' dir='ltr'><strong>adversis</strong></span> <span class='ocrx_word' id='word_1_293' title='bbox 2093 3380 2290 3440; x_wconf 85' lang='lat' dir='ltr'><strong>rebus</strong></span> 
     </span>
     <span class='ocr_line' id='line_1_39' title="bbox 318 3455 2288 3538; baseline 0.006 -26"><span class='ocrx_word' id='word_1_294' title='bbox 318 3469 444 3515; x_wconf 84' lang='lat' dir='ltr'><strong>non</strong></span> <span class='ocrx_word' id='word_1_295' title='bbox 476 3455 607 3517; x_wconf 88' lang='lat' dir='ltr'><strong>dari</strong></span> <span class='ocrx_word' id='word_1_296' title='bbox 638 3458 899 3533; x_wconf 87' lang='lat' dir='ltr'><strong>spatium</strong></span> <span class='ocrx_word' id='word_1_297' title='bbox 936 3460 1015 3519; x_wconf 86' lang='lat' dir='ltr'><strong>ad</strong></span> <span class='ocrx_word' id='word_1_298' title='bbox 1046 3462 1438 3525; x_wconf 81' lang='lat' dir='ltr'><strong>cessandum.</strong></span> <span class='ocrx_word' id='word_1_299' title='bbox 1489 3461 1544 3521; x_wconf 83' lang='lat' dir='ltr'><strong>si</strong></span> <span class='ocrx_word' id='word_1_300' title='bbox 1575 3478 1643 3521; x_wconf 89' lang='lat' dir='ltr'><strong>se</strong></span> <span class='ocrx_word' id='word_1_301' title='bbox 1671 3463 1913 3526; x_wconf 78' lang='lat' dir='ltr'><strong>Laelius</strong></span> <span class='ocrx_word' id='word_1_302' title='bbox 1943 3479 2084 3523; x_wconf 87' lang='lat' dir='ltr'><strong>eum</strong></span> <span class='ocrx_word' id='word_1_303' title='bbox 2111 3465 2288 3538; x_wconf 83' lang='lat' dir='ltr'><strong>equi—</strong></span> 
     </span>
    </p>
   </div>
  </div>
 </body>
</html>
