2550 3959
398 225 523 287 226
732 227 961 286 LIBER
982 225 1250 285 XXVIII.
1299 223 1464 284 CAP.
1489 235 1540 285 5.
1565 232 1618 286 6.
1651 225 1723 300 [a.
1749 230 1817 282 U.
1842 247 1890 281 c.
1918 231 2042 298 545]

398 381 703 455 ingentem
743 379 1079 440 cacuminis
1109 379 1251 438 editi
1282 409 1364 420 —-
1395 379 1711 452 speculam
1747 377 1981 452 posuit,
2023 383 2088 437 ut
2115 375 2366 452 ignibus

400 465 611 540 procul
644 464 898 524 sublatis
928 463 1198 537 signum,
1240 462 1346 522 ubi
1379 462 1524 536 quid
1553 461 1907 520 molirentur
1936 461 2181 536 hosteS,
2231 478 2366 523 mo-

396 555 602 608 mento
634 548 929 622 temporis
960 545 1286 619 acciperet.

564 633 877 692 Romanus
918 631 1250 704 imperator
1291 636 1352 688 et
1391 630 1634 689 Attalus
1673 645 1786 687 rex
1816 646 1852 687 a
1885 627 2224 704 Peparetho
2261 629 2361 687 Ni-

397 731 607 776 caeam
650 715 1049 782 traiecerunt;
1111 713 1254 773 inde
1298 713 1558 773 classem
1593 713 1654 772 in
1692 712 2005 773 Euboeam
2037 712 2116 771 ad
2145 711 2363 772 urbem

397 798 618 858 Oreum
649 799 997 871 tramittunt,
1044 812 1203 872 quae
1232 797 1310 857 ab
1341 795 1722 857 Demetriaco
1755 797 1896 857 sinu
1925 795 2272 856 Chalcidem
2304 803 2367 855 et

392 883 687 956 Euripum
716 881 942 957 petenti
972 883 1053 941 ad
1080 883 1320 941 laevam
1351 881 1546 955 prima
1573 880 1815 940 urbium
1835 881 2125 940 Euboeae
2155 879 2364 954 posita

394 973 505 1026 est.
551 967 633 1026 ita
661 967 815 1025 inter
842 967 1110 1026 Attalum
1139 981 1212 1024 ac
1244 964 1580 1040 Sulpicium
1612 965 1917 1039 convenit,
1947 971 2014 1024 ut
2033 963 2294 1024 Romani
2325 979 2362 1023 a

392 1050 561 1124 mari,
591 1050 740 1124 regii
764 1065 801 1108 a
823 1058 985 1111 terra
1012 1054 1458 1124 oppugnarent.
1498 1049 1604 1108 VI.
1637 1049 1980 1124 quadriduo
2007 1053 2152 1123 post
2174 1063 2358 1122 quam

392 1136 657 1208 appulsa
698 1134 918 1194 classis
961 1140 1057 1194 est
1085 1133 1300 1193 urbem
1343 1132 1625 1208 adgressi
1657 1140 1819 1193 sunt.
1885 1133 1948 1192 id
1976 1139 2220 1206 tempus
2253 1147 2352 1192 oc-

393 1218 569 1278 cultis
612 1233 751 1277 cum
777 1217 1047 1292 Platore,
1093 1217 1197 1293 qui
1226 1232 1263 1276 a
1290 1215 1570 1291 Philippo
1614 1217 2009 1293 praepositus
2039 1216 2177 1277 urbi
2207 1222 2358 1289 erat,

393 1302 719 1376 colloquiis
741 1302 1140 1376 absumptum
1170 1307 1284 1361 est.
1345 1300 1500 1360 duas
1533 1316 1709 1362 arces
1736 1301 1886 1361 urbs
1915 1300 2126 1375 habet,
2172 1314 2360 1360 unam

390 1385 799 1446 imminentem
840 1387 1023 1459 mari,
1070 1385 1263 1444 altera
1287 1384 1456 1444 urbis
1486 1385 1690 1445 media
1719 1391 1832 1445 est.
1901 1384 2181 1445 cuniculo
2212 1383 2362 1444 inde

387 1469 490 1528 via
530 1469 610 1528 ad
642 1483 809 1528 mare
840 1469 1034 1544 ducit,
1082 1485 1263 1543 quam
1296 1485 1333 1527 a
1361 1469 1513 1529 mari
1537 1469 1720 1530 turris
1753 1469 2025 1545 quinque
2053 1469 2351 1529 tabulato·

387 1568 541 1626 rum,
568 1553 879 1626 egregium
903 1553 1452 1627 propugnaculum,
1478 1552 1820 1614 claudebat.
1864 1553 1948 1613 ibi
1970 1552 2167 1627 primo
2192 1558 2356 1612 atro-

392 1634 700 1696 cissimum
732 1643 1105 1696 contractum
1136 1643 1232 1697 est
1262 1643 1566 1696 certamen
1591 1643 1652 1698 et
1680 1643 1844 1698 turre
1870 1637 2166 1697 instructa
2191 1634 2358 1696 omni

387 1735 610 1794 genere
653 1722 939 1792 telorum,
984 1727 1045 1781 et
1069 1721 1390 1782 tormentis
1429 1721 1852 1796 machinisque
1881 1722 1960 1782 ad
1990 1736 2358 1796 oppugnan-

389 1805 527 1863 dam
560 1819 696 1863 eam
724 1821 805 1864 ex
833 1805 1091 1865 navibus
1123 1805 1444 1881 expositis.
1487 1821 1626 1864 cum
1650 1805 1916 1867 omnium
1940 1805 2178 1865 animos
2204 1819 2357 1865 ocu-

388 1889 615 1963 losque
640 1888 703 1948 id
734 1894 1038 1948 certamen
1072 1890 1412 1964 avertisset,
1455 1895 1634 1964 porta
1663 1889 1998 1948 maritimae
2030 1888 2187 1948 arcis
2215 1887 2356 1948 Pla·

385 1979 481 2032 tor
527 1973 839 2033 Romanos
899 1974 1167 2048 accepit,
1223 1980 1658 2048 momentoque
1707 1989 1820 2032 arx
1879 1979 2180 2049 occupata
2233 1979 2356 2032 est.

388 2053 680 2128 oppidani
712 2055 873 2128 pulsi
904 2056 1048 2114 inde
1077 2057 1136 2115 in
1166 2058 1430 2117 mediam
1463 2056 1677 2116 urbem
1709 2057 1788 2118 ad
1817 2058 2066 2117 alteram
2095 2055 2358 2116 tendere

387 2153 607 2197 arcem.
669 2144 729 2198 et
756 2138 839 2198 ibi
872 2139 1055 2212 positi
1098 2147 1269 2200 erant
1303 2141 1407 2217 qui
1435 2143 1604 2201 fores
1633 2147 1851 2216 portae
1881 2140 2212 2201 obicerent.
2268 2139 2355 2201 ita

385 2221 618 2281 exclusi
671 2221 729 2280 in
774 2222 975 2284 medio
1018 2224 1358 2285 caeduntur
1413 2223 1877 2300 capiunturque.
1942 2223 2353 2286 Macedonum

385 2305 763 2380 praesidium
794 2308 1223 2382 conglobatum
1255 2308 1372 2370 sub
1405 2310 1566 2370 arcis
1595 2324 1770 2370 muro
1803 2309 1997 2378 stetit;
2056 2324 2169 2369 nec
2201 2310 2352 2384 fuga

384 2387 583 2448 ess'use
613 2390 816 2464 petita,
847 2407 963 2452 nec
993 2393 1386 2467 pertinaciter
1412 2393 1712 2467 proelium
1739 2392 1968 2454 initum.
2011 2409 2121 2454 eos
2141 2393 2354 2454 Plator

348 2508 353 2512 -
382 2473 563 2533 venia
592 2472 668 2533 ab
701 2473 975 2550 Sulpicio
1006 2479 1326 2552 impetrata
1353 2475 1414 2537 in
1445 2491 1636 2538 naves
1667 2477 1988 2554 impositos
2020 2478 2100 2538 ad
2127 2478 2349 2537 Deme·

381 2557 637 2617 triacum
664 2556 1022 2620 Phthiotidis
1054 2562 1377 2635 exposuit3
1422 2561 1561 2636 ipse
1589 2560 1670 2620 ad
1696 2561 1965 2623 Attalum
1994 2577 2065 2622 se
2092 2562 2349 2636 recepit.

552 2639 862 2716 Sulpicius
896 2650 1018 2704 tam
1045 2644 1207 2705 facili
1237 2644 1318 2704 ad
1351 2644 1576 2706 Oreum
1604 2661 1908 2707 successu
1939 2648 2135 2706 elatus
2167 2645 2352 2705 Chal-

380 2721 581 2783 cidem
623 2725 765 2785 inde
810 2728 1086 2801 protinus
1128 2728 1360 2788 victrici
1402 2731 1604 2790 classe
1645 2729 1824 2804 petit;
1875 2729 1981 2790 ubi
2023 2729 2348 2805 haudqua-

384 2823 566 2882 quam
610 2809 690 2869 ad
730 2825 905 2884 spem
948 2819 1207 2892 eventus
1247 2814 1588 2887 respondit.
1661 2827 1742 2872 ex
1785 2813 2012 2891 patenti
2042 2813 2350 2889 utrimque

384 2899 661 2952 coactum
694 2893 754 2953 in
786 2895 1102 2970 angustias
1130 2911 1300 2956 mare
1329 2898 1601 2972 speciem
1624 2897 1876 2958 intuenti
1897 2899 2096 2972 primo
2120 2899 2347 2972 gemini

384 2982 603 3048 portus
653 2977 714 3035 in
761 2993 870 3038 ora
913 2980 1036 3040 duo
1077 2981 1243 3040 versi
1287 2983 1618 3057 praeberet
1672 2982 1786 3043 sed
1815 2982 1982 3042 haud
2016 2981 2196 3042 facile
2226 2981 2346 3041 alia

383 3059 665 3120 infestior
706 3062 891 3123 classi
922 3064 1099 3125 statio
1130 3071 1244 3124 est.
1313 3081 1455 3126 nam
1490 3072 1550 3127 et
1576 3065 1742 3127 venti
1770 3066 1848 3126 ab
1877 3065 2199 3142 utriusque
2223 3071 2348 3125 ter-

380 3158 489 3203 rae
520 3143 808 3220 praealtis
840 3147 1149 3209 montibus
1183 3148 1366 3209 subiti
1395 3165 1468 3210 ac
1497 3150 1832 3227 procellosi
1861 3164 1932 3210 sc
1963 3148 2252 3224 deiciunt,
2285 3157 2346 3209 et

380 3228 602 3289 fretum
642 3230 846 3306 ipsum
886 3230 1095 3306 Euripi
1139 3247 1260 3292 non
1305 3233 1579 3309 septiens
1622 3232 1754 3310 die,
1806 3233 1966 3294 sicut
2007 3234 2172 3292 fama
2212 3234 2347 3308 sert,

381 3315 761 3387 temporibus
794 3315 968 3376 statis
996 3316 1372 3392 reciprocat,
1417 3318 1530 3378 sed
1558 3323 1787 3379 temere
1815 3317 1877 3376 in
1904 3318 2152 3378 modum
2181 3317 2348 3379 venti

383 3411 547 3456 nunc
574 3397 695 3459 huc
725 3414 888 3460 nunc
916 3400 1061 3460 illuc
1084 3415 1271 3462 verso
1301 3400 1451 3462 mari
1479 3401 1645 3462 velut
1672 3407 1876 3462 monte
1888 3399 2208 3476 praecipiti
2239 3399 2348 3460 de-

383 3479 629 3542 volutus
659 3489 898 3544 torrens
926 3483 1179 3561 rapitur.
1222 3485 1308 3546 ita
1335 3499 1452 3544 nec
1480 3492 1662 3546 nocte
1687 3501 1806 3546 nec
1833 3485 1935 3545 die
1965 3483 2144 3562 quIcs
2175 3481 2344 3545 navi-
