2550 3959
559 251 788 311 LIBER
815 252 1027 312 XXIV.
1073 252 1238 314 CAP.
1267 263 1355 316 20.
1380 264 1467 315 21.
1512 261 1581 328 [a.
1606 260 1671 314 C.
1693 263 1817 329 214]
2100 258 2179 321 21

209 411 452 479 gnatae.
481 402 647 463 milia
675 401 940 464 hostium
971 400 1028 463 in
1059 403 1157 465 liis
1185 404 1442 465 urbibus
1472 402 1681 479 viginti
1707 405 1979 481 quinque
2002 415 2181 483 capta

211 494 315 549 aut
343 485 577 562 occisa,
608 493 671 546 et
693 486 927 562 recepti
957 488 1255 562 perfugae
1284 486 1537 548 trecenti
1566 488 1987 564 septuaginta3
2020 508 2178 566 quos

212 586 348 633 cum
397 571 662 632 Romam
712 570 984 631 misisset
1041 572 1289 643 consul,
1346 571 1541 647 virgis
1593 572 1669 632 in'
1712 572 1955 634 comitio
2012 576 2176 638 caesi
2284 638 2291 645 ,

211 670 429 717 omnes
474 670 552 715 ac
580 656 661 715 de
689 670 846 716 saxo
875 654 1115 716 deiecti.
1182 654 1340 716 haec
1370 672 1407 715 a
1438 655 1504 730 Q.
1533 656 1724 718 Fabio
1753 656 1910 717 intra
1939 673 2177 734 paucos

211 738 346 799 dies
367 746 570 815 gesta.
597 737 948 799 Marcellum
972 737 1050 799 ab
1073 739 1368 814 gerundis
1391 740 1578 801 rebus
1601 740 1891 801 valetudo
1914 741 1991 801 ad
2000 757 2175 803 versa

209 822 404 884 Nolae
445 820 658 883 tenuit.
723 829 851 884 et·a
877 830 1163 899 praetore
1191 820 1258 897 Q.
1288 822 1511 896 Fabio,
1544 824 1641 885 cui
1670 823 1835 885 circa
1859 825 2176 888 Luceriam

207 906 536 982 provincia
576 912 739 981 erat,
780 906 998 967 Acuca
1038 908 1332 983 oppidum
1375 922 1489 989 per
1515 922 1627 968 eos
1658 908 1793 968 dics
1823 909 1882 969 vi
1913 917 2176 986 captum,

207 990 560 1065 stativaque
587 990 668 1051 ad
694 990 1020 1051 Ardoneas
1051 989 1436 1052 communita.

373 1074 538 1135 Dum
578 1074 734 1134 haec
775 1074 908 1134 aliis
937 1074 1092 1135 locis
1121 1076 1200 1135 ab
1226 1076 1519 1136 Romanis
1550 1084 1869 1151 geruntur,
1910 1078 2030 1137 iam
2064 1078 2175 1139 Ta·

207 1165 452 1219 rentum
493 1164 860 1233 pervenerat
885 1158 1187 1219 Hannibal
1229 1174 1369 1219 cum
1406 1158 1673 1219 maxima
1714 1160 1983 1221 omnium
2026 1179 2173 1236 qua-

210 1256 484 1317 cumque
521 1240 678 1301 ierat
717 1241 911 1302 clade
973 1242 1036 1301 in
1064 1243 1389 1303 Tarentino
1438 1244 1681 1303 demum
1713 1258 1862 1319 agro
1892 1253 2175 1341 pacatum

207 1410 306 1469 via
332 1423 670 1469 excessum
699 1414 826 1478 est·
871 1410 1334 1485 apparebatque
1361 1426 1486 1471 non
1512 1410 1572 1471 id
1598 1412 1901 1471 modestia
1920 1411 2174 1473 militum

209 1499 314 1553 aut
340 1490 527 1553 ducis.
553 1491 673 1553 nisi
700 1492 781 1553 ad
814 1492 1235 1553 conciliandos
1262 1494 1501 1555 animos
1530 1494 1990 1557 Tarentinorum
2020 1496 2173 1557 fieri.

209 1584 488 1639 ceterum
517 1590 657 1635 cum
686 1590 884 1652 prope
912 1576 1234 1638 moenibus
1267 1578 1694 1653 successisset,
1726 1582 1892 1641 nullo
1924 1580 2003 1639 ad
2027 1596 2169 1642 con-

207 1666 494 1735 spectum
523 1658 784 1735 primum
813 1660 1071 1735 agminis
1086 1707 1103 1736 ,
1139 1667 1206 1721 ut
1231 1662 1495 1735 rebatur,
1532 1668 1701 1722 motu
1732 1664 1895 1723 sacto
1911 1708 1927 1733 ,
1971 1672 2175 1723 castra

207 1744 284 1804 ab
325 1744 488 1803 urbe
529 1742 720 1803 ferme
761 1759 991 1819 passus
1031 1744 1196 1805 mille
1222 1746 1404 1805 locat.
1464 1745 1735 1817 Tarenti,
1781 1746 1981 1806 triduo
2013 1753 2172 1821 ante,

209 1844 396 1903 quam
437 1825 744 1887 Hannibal
785 1827 865 1886 ad
905 1828 1148 1887 moenia
1181 1828 1533 1901 accederet,
1575 1844 1613 1887 a
1638 1827 1720 1887 Μ.
1749 1828 2000 1890 Valerio
2031 1846 2169 1905 pro-

207 1916 530 1986 praetore,
573 1909 680 1985 qui
721 1910 906 1971 classi
947 1911 1028 1971 ad
1053 1911 1446 1972 Brundisium
1478 1919 1790 1987 praeerat,
1832 1912 2059 1974 missus
2089 1914 2167 1973 Μ.

205 1994 454 2069 Livius,
493 1993 772 2069 .[priore]
825 1996 1176 2071 conscripta
1231 1994 1546 2056 iuventute
1596 1994 2045 2073 dispositisque
2092 1998 2168 2058 ad

210 2092 427 2139 omnes
456 2083 670 2152 portas
701 2077 990 2153 circaque
1017 2094 1246 2151 muros,
1282 2095 1405 2154 qua
1429 2095 1534 2140 res
1562 2082 1931 2156 postulabat,
1962 2082 2168 2144 statio-

207 2160 408 2233 nibus,
443 2159 545 2221 die
569 2176 642 2221 ae
663 2168 844 2222 nocte
865 2163 1121 2237 perinde
1145 2162 1411 2224 intentus
1434 2178 1639 2238 neque
1660 2163 1941 2227 hostibus
1968 2182 2172 2241 neque

207 2242 414 2305 dubiis
469 2244 658 2305 sociis
715 2245 836 2305 loci
893 2246 1218 2321 quicquam
1279 2246 1559 2321 praebuit
1608 2247 1688 2307 ad
1734 2250 2168 2324 temptandum.

209 2342 404 2403 quare
434 2326 656 2389 diebus
690 2327 920 2404 aliquot
948 2330 1176 2390 frustra
1202 2330 1287 2390 ibi
1308 2328 1651 2405 absumptis
1673 2331 1991 2407 Hannibal,
2026 2348 2165 2393 cum

208 2426 426 2473 eorum
455 2427 669 2485 nemo,
715 2413 820 2487 qui
851 2412 931 2473 ad
957 2415 1156 2474 lacum
1186 2414 1414 2473 Averni
1446 2414 1751 2480 adissent.
1781 2424 1884 2477 aut
1913 2416 2035 2491 ipsi
2063 2432 2166 2477 ve-

210 2494 413 2555 nirent
439 2502 548 2557 aut
574 2495 850 2557 nuntium
877 2496 1188 2558 litterasve
1213 2497 1533 2571 mitterent,
1575 2514 1734 2557 vana
1762 2500 2069 2572 promissa
2099 2516 2169 2559 se

209 2585 444 2641 temere
486 2586 762 2640 secutum
795 2594 1054 2642 cernens
1085 2586 1289 2641 castra
1314 2580 1459 2641 inde
1487 2581 1695 2643 movit.
1758 2587 1884 2641 tum
1916 2597 2168 2658 quoque

205 2661 436 2724 intacto
470 2678 621 2737 agro
650 2662 992 2739 Tarentino,
1038 2680 1409 2740 quamquam
1438 2663 1717 2725 simulata
1746 2664 1963 2727 lenitas
1992 2666 2165 2727 nihil-

205 2745 353 2806 dum
395 2746 739 2820 profuerat,
785 2753 985 2807 tamen
1025 2764 1140 2823 spe
1179 2747 1639 2808 labefactandae
1678 2748 1825 2810 fidei
1866 2748 2032 2811 haud
2061 2750 2165 2811 ab·

205 2829 460 2903 sistens,
493 2828 800 2905 Salapiam
827 2837 896 2892 ut
919 2832 1114 2906 venit,
1153 2831 1515 2894 frumentum
1545 2848 1623 2891 ex
1654 2834 1819 2907 agris
1850 2832 2165 2909 Metapon-

207 2913 336 2975 tino
365 2920 552 2987 atque
578 2912 974 2975 Heracleensi
999 2947 1083 2962 —
1112 2915 1232 2975 iam
1261 2914 1423 2974 enim
1452 2924 1657 2977 aestas
1686 2925 1905 2979 exacta
1933 2926 2166 2993 eran-et

205 2995 482 3057 hibernis
532 2996 816 3071 placebat
865 2999 1038 3059 locus
1072 3032 1143 3043 —-
1179 3006 1539 3073 comportat.
1612 3002 1971 3076 praedatum
2022 3002 2165 3063 inde

204 3078 510 3140 Numidae
547 3080 868 3155 Maurique
908 3097 1023 3157 per
1053 3080 1427 3143 Salentinum
1471 3099 1680 3159 agrum
1721 3085 2166 3160 proximosque

201 3163 472 3239 Apuliae
513 3165 708 3224 saltus
745 3164 1014 3240 dimissi,
1059 3166 1224 3227 unde
1253 3172 1493 3226 ceterae
1524 3168 1793 3243 praedae
1819 3168 1986 3229 haud
2013 3169 2162 3227 mul-

201 3254 350 3321 tum,
381 3260 682 3321 equorum
705 3262 928 3324 greges
945 3250 1206 3311 maxime
1228 3249 1445 3324 abacti,
1472 3266 1507 3311 e
1531 3250 1755 3326 quibus
1776 3252 1856 3313 ad
1882 3256 2166 3327 quattuor

199 3329 370 3390 milia
398 3328 708 3390 domanda
737 3330 1042 3407 equitibus
1071 3332 1291 3394 divisa.

370 3412 529 3474 XXI.
573 3414 862 3490 Romani,
907 3432 1043 3477 cum
1082 3414 1309 3477 bellum
1352 3413 1746 3493 nequaquam
1775 3423 2163 3481 contemnen-

203 3497 354 3557 dum
382 3495 442 3557 in
475 3495 684 3559 Sicilia
713 3506 990 3560 oreretur
1017 3515 1308 3576 morsque
1338 3500 1579 3577 tyranni
1608 3501 1800 3563 duces
1830 3501 2023 3579 magis
2054 3503 2157 3564 im·
