2550 3959
347 204 469 270 112
638 204 868 267 LIBER
900 202 1115 263 XXVI.
1166 201 1334 262 CAP.
1357 210 1412 265 9.
1439 210 1524 265 lo.
1581 209 1656 276 [a.
1685 208 1753 261 U.
1781 224 1831 263 c.
1855 209 1985 276 541]

344 366 591 433 temque
634 362 694 415 et
730 354 1121 428 Anagninum
1164 368 1374 429 agrum
1410 350 1472 411 in
1501 352 1874 435 Labicanum
1911 355 2100 435 venit.
2159 355 2311 416 inde

348 440 568 516 Algido
599 439 931 503 Tusculum
963 437 1150 513 petiit,
1189 452 1306 497 nec
1335 444 1622 512 receptus
1652 437 1974 500 moenibus
2001 438 2160 498 intra
2185 440 2308 501 Tu-

344 526 579 587 sculum
621 524 983 583 dextrorsus
1026 519 1255 581 Gabios
1299 520 1636 581 descendit.
1701 521 1846 581 inde
1885 522 1954 581 in·
1985 521 2307 599 Pupiniam

238 646 241 653 ·
343 608 615 669 exercitu
645 606 917 667 demisso
952 610 1090 665 octo
1120 604 1288 665 milia
1315 620 1612 682 passuum
1641 605 1718 665 ab
1741 606 1938 667 Roma
1966 607 2172 682 posuit
2199 622 2306 668 ca—

342 700 487 755 stra.
522 706 645 765 quo
671 690 925 767 propius
945 688 1147 751 hostis
1170 688 1524 764 accedebat,
1547 704 1622 749 eo
1646 690 1842 749 maior
1864 690 2089 752 caedes
2113 690 2307 753 fiebat

344 774 698 852 fugientium
741 773 1249 850 praecedentibus
1292 772 1598 849 Numidis,
1655 774 1990 850 pluresque
2031 776 2306 835 omnium

340 875 635 936 generum
664 865 851 935 atque
880 857 1165 919 aetatium
1194 856 1610 933 capiebantur.

510 944 584 1003 X.
628 944 694 1003 In
722 942 843 1003 hoc
871 942 1127 1003 tumultu
1138 940 1388 1001 Fulvius
1401 940 1658 1003 Flaccus
1689 948 1866 1018 porta
1888 942 2133 1019 Capena
2163 958 2307 1005 cum

342 1026 615 1092 exercitu
634 1028 891 1089 Romam
920 1027 1238 1102 ingressus
1266 1025 1470 1086 media
1495 1024 1648 1087 urbe
1677 1043 1789 1103 per
1811 1026 2060 1088 Carinas
2081 1026 2307 1103 Esqui-

344 1112 459 1173 lias
489 1110 833 1181 contendit3
878 1110 1023 1171 inde
1064 1126 1358 1185 egressus
1386 1109 1542 1169 inter
1567 1110 1950 1185 Esquilinam
1981 1110 2304 1173 Collinam-

339 1212 466 1273 que
494 1202 732 1274 portam
762 1198 969 1271 posuit
996 1201 1214 1255 castra.
1273 1194 1508 1254 aediles
1539 1194 1738 1271 plebis
1780 1200 2182 1257 commeatum
2221 1212 2304 1259 eo

340 1286 819 1357 comportarunt.
889 1280 1177 1341 consules
1218 1284 1595 1355 senatusque
1639 1278 1698 1339 in
1746 1283 1948 1340 castra
1987 1288 2308 1341 venerunt.

342 1364 428 1425 ibi
471 1364 549 1425 de
594 1380 833 1427 summa
860 1380 927 1423 re
958 1362 1667 1439 publicaconsultatum.
1746 1362 1972 1439 placuit
2012 1365 2306 1426 consules

344 1450 507 1510 circa
558 1455 769 1523 portas
824 1448 1118 1509 Collinam
1166 1446 1672 1523 Esquilinamque
1733 1453 2034 1523 ponerent
2079 1456 2304 1521 castra,

344 1532 407 1594 C.
452 1532 843 1609 Calpurnium
886 1536 1227 1607 praetorem
1268 1530 1568 1593 urbanum
1614 1532 1908 1607 Capitolio
1951 1537 2134 1609 atque
2174 1534 2306 1593 arci

344 1630 656 1693 praeesse,
686 1622 746 1676 et
767 1622 1045 1677 sena-tum
1070 1616 1453 1690 frequentem
1479 1616 1540 1675 in
1564 1616 1698 1696 roro
1727 1615 2040 1691 contineri,
2074 1616 2126 1676 si
2150 1616 2307 1693 quid

343 1702 401 1761 in
432 1708 553 1761 tam
580 1699 799 1761 subitis
829 1700 1015 1761 rebus
1046 1698 1328 1761 consulto
1359 1716 1519 1776 opus
1551 1707 1736 1761 esset.
1793 1701 1949 1761 inter
1973 1699 2127 1762 haec
2139 1702 2304 1761 Han·

344 1784 507 1845 nibal
537 1786 618 1847 ad
638 1786 938 1845 Anienem
968 1782 1221 1850 fluvium
1252 1783 1368 1843 tria
1395 1784 1558 1844 milia
1587 1800 1885 1862 passuum
1913 1784 1992 1845 ab
2020 1784 2170 1846 urbe
2200 1800 2298 1845 ca·

342 1875 469 1931 stra
496 1869 785 1929 admovit.
829 1869 914 1929 ibi
942 1868 1179 1929 stativis
1206 1866 1426 1944 positis
1456 1867 1594 1944 ipsc
1615 1884 1752 1929 cum
1783 1866 2025 1931 duobus
2055 1868 2304 1931 milibus

344 1954 615 2029 equitum
646 1954 727 2013 ad
756 1960 995 2030 portam
1026 1953 1321 2014 Collinam
1360 1968 1562 2027 usque
1591 1954 1672 2013 ad
1699 1952 1979 2015 HercuHs
2010 1955 2306 2028 templum

340 2043 436 2097 est
458 2046 849 2113 progressuS,
878 2045 1063 2111 atque
1084 2035 1247 2097 unde
1270 2038 1548 2112 proxime
1571 2043 1809 2113 poterat
1827 2036 2072 2098 moenia
2093 2037 2304 2097 situm·

342 2136 464 2196 que
493 2120 661 2181 urbis
691 2120 1057 2197 obequitans
1086 2118 1628 2195 contemplabatur.
1693 2121 1756 2180 id
1788 2136 1926 2182 eum
1951 2127 2076 2181 tarn
2112 2121 2304 2181 licen-

342 2212 433 2265 ter
460 2210 644 2281 atque
674 2204 871 2267 otiose
900 2205 1105 2265 facere
1118 2204 1340 2264 Flacco
1369 2204 1683 2279 indignum
1705 2204 1907 2265 visum
1929 2211 2064 2265 esta
2093 2204 2305 2281 itaque

340 2285 587 2349 immisit
626 2290 864 2365 equites
895 2288 1396 2364 summoverique
1434 2295 1619 2364 atque
1647 2288 1706 2349 in
1738 2295 1942 2349 castra
1968 2288 2164 2365 redigi
2191 2290 2304 2350 ho-

340 2372 522 2433 stium
563 2372 897 2447 equitatum
925 2371 1123 2433 iussit.
1188 2388 1330 2433 cum
1361 2372 1755 2433 commissum
1785 2372 2081 2448 proelium
2111 2380 2302 2447 esset,

342 2456 631 2519 consules
661 2458 1013 2533 transfugas
1042 2456 1454 2532 Numidarum,
1501 2456 1604 2532 qui
1631 2462 1758 2517 tum
1787 2458 1847 2517 in
1877 2456 2185 2517 Aventino
2217 2458 2304 2517 ad

341 2540 504 2600 mille
532 2547 593 2601 et
621 2542 866 2603 ducenti
896 2547 1098 2612 erant,
1144 2541 1346 2601 media
1373 2538 1524 2600 urbe
1553 2540 1810 2601 transire
1836 2540 2146 2617 Esquilias
2175 2540 2302 2602 ius-

340 2630 578 2700 serunt,
622 2627 821 2685 nullos
852 2625 1123 2701 aptiores
1151 2624 1308 2683 inter
1335 2624 1650 2685 convalles
1677 2630 1960 2700 tectaque
1989 2625 2302 2687 hortorum

340 2714 403 2769 et
420 2709 707 2783 sepulcra
734 2715 839 2769 aut
859 2724 1046 2769 cavas
1075 2707 1345 2783 undique
1370 2707 1504 2767 vias
1533 2709 1614 2767 ad
1637 2708 2034 2785 pugnandum
2063 2710 2304 2770 futuros

337 2791 471 2852 rati.
554 2808 711 2866 quos
762 2808 899 2852 cum
941 2808 1021 2851 ex
1063 2806 1205 2850 arce
1248 2790 1668 2866 Capitolioque
1721 2792 1880 2853 clivo
1924 2792 2194 2854 Publicio
2238 2794 2302 2853 in

338 2875 519 2949 equis
562 2875 958 2936 decurrentes
1002 2874 1249 2951 quidam
1287 2874 1614 2948 vidissent,
1661 2883 1903 2951 captum
1931 2877 2303 2938 Aventinum

338 2958 892 3018 conclamaverunt.
947 2974 1023 3018 ea
1048 2974 1151 3019 res
1182 2964 1411 3019 tantum
1439 2960 1758 3020 tumultum
1785 2976 1860 3021 ac
1889 2961 2092 3036 fugam
2125 2976 2302 3037 prae-

342 3039 487 3113 buit,
533 3045 597 3101 ut
624 3040 744 3101 nisi
772 3048 973 3102 castra
1000 3042 1228 3103 Punica
1254 3048 1428 3102 extra
1455 3041 1665 3102 urbem
1697 3043 1985 3119 fuissent,
2024 3042 2302 3105 effusura

339 3138 411 3183 se
440 3123 637 3185 omnis
662 3124 891 3200 pavida
917 3126 1231 3187 multitudo
1258 3126 1470 3186 fuerit.-
1507 3132 1652 3187 tunc
1680 3126 1739 3187 in
1771 3128 1993 3189 domos
2021 3136 2208 3204 atque
2237 3145 2300 3188 m

340 3212 499 3269 tecta
526 3208 935 3285 refugiebant,
982 3224 1301 3285 vagosque
1337 3209 1399 3270 in
1427 3210 1544 3271 viis
1575 3225 1726 3271 suos
1754 3228 1870 3287 pro
1899 3211 2182 3273 hostibus
2211 3212 2300 3271 la-

339 3289 587 3365 pidibus
612 3294 873 3369 telisque
902 3293 1309 3355 incessebant.
1351 3308 1468 3353 nec
1495 3295 1814 3371 comprimi
1834 3296 2121 3357 tumultus
2149 3310 2300 3371 ape—

338 3372 565 3451 ririque
606 3393 779 3439 error
818 3383 1060 3454 poterat
1098 3376 1339 3439 refertis
1394 3376 1708 3438 itineribus
1751 3380 2082 3455 agrestium
2121 3378 2302 3441 turba

340 3473 773 3537 pecorumque,
806 3476 963 3538 quae
984 3462 1340 3538 repentinus
1361 3476 1558 3539 pavor
1577 3460 1638 3521 in
1665 3463 1878 3524 urbem
1899 3464 2300 3543 compulerat.
