<?xml version="1.0" encoding="UTF-8"?>
<!DOCTYPE html PUBLIC "-//W3C//DTD XHTML 1.0 Transitional//EN"
    "http://www.w3.org/TR/xhtml1/DTD/xhtml1-transitional.dtd">
<html xmlns="http://www.w3.org/1999/xhtml" xml:lang="en" lang="en">
 <head>
  <title>
</title>
<meta http-equiv="Content-Type" content="text/html;charset=utf-8" />
  <meta name='ocr-system' content='tesseract 3.04.00' />
  <meta name='ocr-capabilities' content='ocr_page ocr_carea ocr_par ocr_line ocrx_word'/>
</head>
<body>
  <div class='ocr_page' id='page_1' title='image "./aburbeconditali13livygoog_0231.png"; bbox 0 0 2550 3959; ppageno 0'>
   <div class='ocr_carea' id='block_1_1' title="bbox 404 207 2074 307">
    <p class='ocr_par' dir='ltr' id='par_1_1' title="bbox 404 207 2074 307">
     <span class='ocr_line' id='line_1_1' title="bbox 404 207 2074 307; baseline -0.003 -27"><span class='ocrx_word' id='word_1_1' title='bbox 404 215 529 307; x_wconf 67' lang='lat'><strong>204</strong></span> <span class='ocrx_word' id='word_1_2' title='bbox 680 207 912 274; x_wconf 80' lang='lat' dir='ltr'><strong>Ll&#39;BER</strong></span> <span class='ocrx_word' id='word_1_3' title='bbox 938 212 1179 272; x_wconf 81' lang='lat' dir='ltr'><strong>XXVII.</strong></span> <span class='ocrx_word' id='word_1_4' title='bbox 1226 211 1391 296; x_wconf 77' lang='lat' dir='ltr'><strong>QAP.</strong></span> <span class='ocrx_word' id='word_1_5' title='bbox 1421 220 1508 274; x_wconf 85' lang='lat'><strong>36.</strong></span> <span class='ocrx_word' id='word_1_6' title='bbox 1535 219 1623 274; x_wconf 78' lang='lat'><strong>37.</strong></span> <span class='ocrx_word' id='word_1_7' title='bbox 1667 218 1740 284; x_wconf 77' lang='lat' dir='ltr'><strong>[a.</strong></span> <span class='ocrx_word' id='word_1_8' title='bbox 1769 215 1838 270; x_wconf 84' lang='lat' dir='ltr'><strong>u,</strong></span> <span class='ocrx_word' id='word_1_9' title='bbox 1871 235 1918 269; x_wconf 75' lang='grc' dir='ltr'><strong>ο.</strong></span> <span class='ocrx_word' id='word_1_10' title='bbox 1949 218 2074 284; x_wconf 69' lang='lat'>545]</span> 
     </span>
    </p>
   </div>
   <div class='ocr_carea' id='block_1_2' title="bbox 368 359 2390 3529">
    <p class='ocr_par' dir='ltr' id='par_1_2' title="bbox 400 359 2390 855">
     <span class='ocr_line' id='line_1_2' title="bbox 402 359 2390 438; baseline -0.003 -12"><span class='ocrx_word' id='word_1_11' title='bbox 402 366 681 438; x_wconf 87' lang='lat' dir='ltr'><strong>haberet,</strong></span> <span class='ocrx_word' id='word_1_12' title='bbox 739 363 916 422; x_wconf 87' lang='lat' dir='ltr'><strong>binas</strong></span> <span class='ocrx_word' id='word_1_13' title='bbox 944 369 1069 422; x_wconf 89' lang='lat' dir='ltr'><strong>tres</strong></span> <span class='ocrx_word' id='word_1_14' title='bbox 1099 369 1447 436; x_wconf 85' lang='lat' dir='ltr'><strong>praetores,</strong></span> <span class='ocrx_word' id='word_1_15' title='bbox 1501 362 1564 421; x_wconf 91' lang='lat' dir='ltr'><strong>in</strong></span> <span class='ocrx_word' id='word_1_16' title='bbox 1592 360 1826 436; x_wconf 83' lang='lat' dir='ltr'>Sicilia,</span> <span class='ocrx_word' id='word_1_17' title='bbox 1881 361 1943 420; x_wconf 93' lang='lat' dir='ltr'><strong>in</strong></span> <span class='ocrx_word' id='word_1_18' title='bbox 1971 359 2258 423; x_wconf 78' lang='lat' dir='ltr'>Sardinia</span> <span class='ocrx_word' id='word_1_19' title='bbox 2302 372 2390 426; x_wconf 79' lang='lat' dir='ltr'><strong>et.</strong></span> 
     </span>
     <span class='ocr_line' id='line_1_3' title="bbox 404 445 2382 522; baseline -0.002 -12"><span class='ocrx_word' id='word_1_20' title='bbox 404 449 619 522; x_wconf 85' lang='lat' dir='ltr'><strong>Gallia,</strong></span> <span class='ocrx_word' id='word_1_21' title='bbox 666 448 821 508; x_wconf 88' lang='lat' dir='ltr'><strong>duas</strong></span> <span class='ocrx_word' id='word_1_22' title='bbox 852 447 914 508; x_wconf 92' lang='lat' dir='ltr'><strong>C.</strong></span> <span class='ocrx_word' id='word_1_23' title='bbox 942 445 1256 506; x_wconf 83' lang='lat' dir='ltr'><strong>Terentius</strong></span> <span class='ocrx_word' id='word_1_24' title='bbox 1298 446 1360 504; x_wconf 92' lang='lat' dir='ltr'><strong>in</strong></span> <span class='ocrx_word' id='word_1_25' title='bbox 1400 445 1666 520; x_wconf 79' lang='lat' dir='ltr'>Etruria,</span> <span class='ocrx_word' id='word_1_26' title='bbox 1711 446 1863 505; x_wconf 91' lang='lat' dir='ltr'><strong>duas</strong></span> <span class='ocrx_word' id='word_1_27' title='bbox 1909 445 1975 519; x_wconf 78' lang='lat' dir='ltr'><strong>Q.</strong></span> <span class='ocrx_word' id='word_1_28' title='bbox 2003 445 2256 507; x_wconf 88' lang='lat' dir='ltr'><strong>Fulvius</strong></span> <span class='ocrx_word' id='word_1_29' title='bbox 2298 446 2382 508; x_wconf 85' lang='lat' dir='ltr'><strong>in</strong></span> 
     </span>
     <span class='ocr_line' id='line_1_4' title="bbox 400 527 2382 607; baseline -0.001 -14"><span class='ocrx_word' id='word_1_30' title='bbox 400 533 678 604; x_wconf 79' lang='lat' dir='ltr'><strong>Bruttiis,</strong></span> <span class='ocrx_word' id='word_1_31' title='bbox 722 531 877 592; x_wconf 88' lang='lat' dir='ltr'><strong>duas</strong></span> <span class='ocrx_word' id='word_1_32' title='bbox 908 528 977 603; x_wconf 80' lang='lat' dir='ltr'><strong>Q.</strong></span> <span class='ocrx_word' id='word_1_33' title='bbox 1010 528 1296 589; x_wconf 87' lang='lat' dir='ltr'><strong>Claudius</strong></span> <span class='ocrx_word' id='word_1_34' title='bbox 1341 529 1504 589; x_wconf 89' lang='lat' dir='ltr'><strong>circa</strong></span> <span class='ocrx_word' id='word_1_35' title='bbox 1542 529 1864 589; x_wconf 81' lang='lat' dir='ltr'><strong>Tarentum</strong></span> <span class='ocrx_word' id='word_1_36' title='bbox 1905 535 1966 590; x_wconf 89' lang='lat' dir='ltr'><strong>et</strong></span> <span class='ocrx_word' id='word_1_37' title='bbox 1994 527 2382 607; x_wconf 80' lang='lat' dir='ltr'><strong>Salentinos,</strong></span> 
     </span>
     <span class='ocr_line' id='line_1_5' title="bbox 401 611 2378 688; baseline -0.002 -11"><span class='ocrx_word' id='word_1_38' title='bbox 401 633 584 678; x_wconf 86' lang='lat' dir='ltr'><strong>unam</strong></span> <span class='ocrx_word' id='word_1_39' title='bbox 614 615 676 675; x_wconf 95' lang='lat' dir='ltr'><strong>C.</strong></span> <span class='ocrx_word' id='word_1_40' title='bbox 699 613 993 674; x_wconf 84' lang='lat' dir='ltr'><strong>Hostilius</strong></span> <span class='ocrx_word' id='word_1_41' title='bbox 1015 612 1286 673; x_wconf 87' lang='lat' dir='ltr'><strong>Tubulus</strong></span> <span class='ocrx_word' id='word_1_42' title='bbox 1311 611 1584 688; x_wconf 83' lang='lat' dir='ltr'><strong>Capuae;</strong></span> <span class='ocrx_word' id='word_1_43' title='bbox 1632 612 1792 673; x_wconf 89' lang='lat' dir='ltr'><strong>duae</strong></span> <span class='ocrx_word' id='word_1_44' title='bbox 1819 612 2090 672; x_wconf 89' lang='lat' dir='ltr'><strong>urbanae</strong></span> <span class='ocrx_word' id='word_1_45' title='bbox 2117 619 2185 674; x_wconf 90' lang='lat' dir='ltr'><strong>ut</strong></span> <span class='ocrx_word' id='word_1_46' title='bbox 2213 614 2378 674; x_wconf 84' lang='lat' dir='ltr'><strong>scri-</strong></span> 
     </span>
     <span class='ocr_line' id='line_1_6' title="bbox 404 695 2378 773; baseline -0.001 -12"><span class='ocrx_word' id='word_1_47' title='bbox 404 702 707 761; x_wconf 89' lang='lat' dir='ltr'><strong>berentur.</strong></span> <span class='ocrx_word' id='word_1_48' title='bbox 784 696 997 773; x_wconf 89' lang='lat' dir='ltr'><strong>primis</strong></span> <span class='ocrx_word' id='word_1_49' title='bbox 1042 701 1327 771; x_wconf 88' lang='lat' dir='ltr'><strong>quattuor</strong></span> <span class='ocrx_word' id='word_1_50' title='bbox 1380 695 1725 770; x_wconf 80' lang='lat' dir='ltr'>legionibus</span> <span class='ocrx_word' id='word_1_51' title='bbox 1767 698 2040 771; x_wconf 88' lang='lat' dir='ltr'><strong>populus</strong></span> <span class='ocrx_word' id='word_1_52' title='bbox 2085 695 2378 759; x_wconf 78' lang='lat' dir='ltr'><strong>tribunos</strong></span> 
     </span>
     <span class='ocr_line' id='line_1_7' title="bbox 402 780 1688 855; baseline -0.005 -12"><span class='ocrx_word' id='word_1_53' title='bbox 402 785 650 855; x_wconf 86' lang='lat' dir='ltr'><strong>creavit,</strong></span> <span class='ocrx_word' id='word_1_54' title='bbox 694 782 755 841; x_wconf 89' lang='lat' dir='ltr'><strong>in</strong></span> <span class='ocrx_word' id='word_1_55' title='bbox 787 787 1024 841; x_wconf 84' lang='lat' dir='ltr'><strong>ceteras</strong></span> <span class='ocrx_word' id='word_1_56' title='bbox 1056 781 1346 840; x_wconf 90' lang='lat' dir='ltr'><strong>consules</strong></span> <span class='ocrx_word' id='word_1_57' title='bbox 1375 780 1688 840; x_wconf 87' lang='lat' dir='ltr'><strong>miserunt.</strong></span> 
     </span>
    </p>

    <p class='ocr_par' dir='ltr' id='par_1_3' title="bbox 368 861 2377 3529">
     <span class='ocr_line' id='line_1_8' title="bbox 568 861 2371 944; baseline -0.001 -18"><span class='ocrx_word' id='word_1_58' title='bbox 568 864 863 926; x_wconf 82' lang='lat' dir='ltr'><strong>xxxvu.</strong></span> <span class='ocrx_word' id='word_1_59' title='bbox 922 863 1286 944; x_wconf 83' lang='lat' dir='ltr'><strong>Priusquam</strong></span> <span class='ocrx_word' id='word_1_60' title='bbox 1327 864 1614 924; x_wconf 88' lang='lat' dir='ltr'><strong>consules</strong></span> <span class='ocrx_word' id='word_1_61' title='bbox 1655 861 2206 939; x_wconf 89' lang='lat' dir='ltr'><strong>proficiscerentur,</strong></span> <span class='ocrx_word' id='word_1_62' title='bbox 2251 879 2371 925; x_wconf 87' lang='lat' dir='ltr'><strong>no·</strong></span> 
     </span>
     <span class='ocr_line' id='line_1_9' title="bbox 404 945 2376 1022; baseline -0.001 -14"><span class='ocrx_word' id='word_1_63' title='bbox 404 949 705 1010; x_wconf 86' lang='lat' dir='ltr'><strong>vemdiale</strong></span> <span class='ocrx_word' id='word_1_64' title='bbox 744 963 991 1009; x_wconf 89' lang='lat' dir='ltr'><strong>sacrum</strong></span> <span class='ocrx_word' id='word_1_65' title='bbox 1031 947 1169 1022; x_wconf 80' lang='lat' dir='ltr'><strong>fuit,</strong></span> <span class='ocrx_word' id='word_1_66' title='bbox 1229 946 1374 1020; x_wconf 87' lang='lat' dir='ltr'><strong>quia</strong></span> <span class='ocrx_word' id='word_1_67' title='bbox 1413 946 1586 1006; x_wconf 88' lang='lat' dir='ltr'><strong>Veiis</strong></span> <span class='ocrx_word' id='word_1_68' title='bbox 1625 948 1707 1006; x_wconf 91' lang='lat' dir='ltr'><strong>de</strong></span> <span class='ocrx_word' id='word_1_69' title='bbox 1747 947 1918 1007; x_wconf 89' lang='lat' dir='ltr'><strong>caelo</strong></span> <span class='ocrx_word' id='word_1_70' title='bbox 1961 945 2376 1022; x_wconf 79' lang='lat' dir='ltr'><strong>lapidaverat.</strong></span> 
     </span>
     <span class='ocr_line' id='line_1_10' title="bbox 403 1029 2374 1108; baseline -0.002 -15"><span class='ocrx_word' id='word_1_71' title='bbox 403 1033 520 1094; x_wconf 91' lang='lat' dir='ltr'><strong>sub</strong></span> <span class='ocrx_word' id='word_1_72' title='bbox 549 1033 730 1093; x_wconf 88' lang='lat' dir='ltr'><strong>unius</strong></span> <span class='ocrx_word' id='word_1_73' title='bbox 754 1030 1037 1108; x_wconf 89' lang='lat' dir='ltr'><strong>prodigii,</strong></span> <span class='ocrx_word' id='word_1_74' title='bbox 1066 1037 1131 1090; x_wconf 93' lang='lat' dir='ltr'><strong>ut</strong></span> <span class='ocrx_word' id='word_1_75' title='bbox 1152 1030 1235 1103; x_wconf 85' lang='lat' dir='ltr'><strong>fit,</strong></span> <span class='ocrx_word' id='word_1_76' title='bbox 1266 1029 1634 1090; x_wconf 87' lang='lat' dir='ltr'><strong>mentionem</strong></span> <span class='ocrx_word' id='word_1_77' title='bbox 1662 1029 1782 1090; x_wconf 88' lang='lat' dir='ltr'><strong>alia</strong></span> <span class='ocrx_word' id='word_1_78' title='bbox 1803 1045 2051 1104; x_wconf 90' lang='lat' dir='ltr'><strong>quoque</strong></span> <span class='ocrx_word' id='word_1_79' title='bbox 2073 1031 2374 1108; x_wconf 81' lang='lat' dir='ltr'><strong>nuntiata,</strong></span> 
     </span>
     <span class='ocr_line' id='line_1_11' title="bbox 402 1113 2375 1189; baseline -0.001 -13"><span class='ocrx_word' id='word_1_80' title='bbox 402 1115 739 1176; x_wconf 83' lang='lat' dir='ltr'><strong>Menturnis</strong></span> <span class='ocrx_word' id='word_1_81' title='bbox 780 1115 997 1175; x_wconf 90' lang='lat' dir='ltr'><strong>aedem</strong></span> <span class='ocrx_word' id='word_1_82' title='bbox 1038 1114 1103 1174; x_wconf 90' lang='lat' dir='ltr'><strong>Io</strong></span> <span class='ocrx_word' id='word_1_83' title='bbox 1112 1114 1205 1174; x_wconf 92' lang='lat' dir='ltr'><strong>vis</strong></span> <span class='ocrx_word' id='word_1_84' title='bbox 1241 1119 1304 1174; x_wconf 91' lang='lat' dir='ltr'><strong>et</strong></span> <span class='ocrx_word' id='word_1_85' title='bbox 1345 1115 1551 1174; x_wconf 89' lang='lat' dir='ltr'><strong>lucum</strong></span> <span class='ocrx_word' id='word_1_86' title='bbox 1588 1113 1887 1189; x_wconf 77' lang='lat' dir='ltr'><strong>Maricae,</strong></span> <span class='ocrx_word' id='word_1_87' title='bbox 1943 1113 2086 1173; x_wconf 88' lang='lat' dir='ltr'><strong>item</strong></span> <span class='ocrx_word' id='word_1_88' title='bbox 2122 1113 2375 1174; x_wconf 81' lang='lat' dir='ltr'><strong>Atellae</strong></span> 
     </span>
     <span class='ocr_line' id='line_1_12' title="bbox 402 1197 2376 1274; baseline -0.002 -15"><span class='ocrx_word' id='word_1_89' title='bbox 402 1216 641 1260; x_wconf 87' lang='lat' dir='ltr'><strong>murum</strong></span> <span class='ocrx_word' id='word_1_90' title='bbox 680 1206 745 1264; x_wconf 87' lang='lat' dir='ltr'><strong>et</strong></span> <span class='ocrx_word' id='word_1_91' title='bbox 778 1203 1019 1274; x_wconf 90' lang='lat' dir='ltr'><strong>portam</strong></span> <span class='ocrx_word' id='word_1_92' title='bbox 1048 1199 1126 1258; x_wconf 92' lang='lat' dir='ltr'><strong>de</strong></span> <span class='ocrx_word' id='word_1_93' title='bbox 1157 1197 1329 1258; x_wconf 88' lang='lat' dir='ltr'><strong>caelo</strong></span> <span class='ocrx_word' id='word_1_94' title='bbox 1357 1203 1535 1258; x_wconf 87' lang='lat' dir='ltr'><strong>tacta.</strong></span> <span class='ocrx_word' id='word_1_95' title='bbox 1595 1197 2091 1272; x_wconf 79' lang='lat' dir='ltr'><strong>MenturnenseS‚</strong></span> <span class='ocrx_word' id='word_1_96' title='bbox 2129 1197 2376 1258; x_wconf 86' lang='lat' dir='ltr'><strong>terribi-</strong></span> 
     </span>
     <span class='ocr_line' id='line_1_13' title="bbox 403 1279 2374 1358; baseline 0 -16"><span class='ocrx_word' id='word_1_97' title='bbox 403 1284 521 1344; x_wconf 88' lang='lat' dir='ltr'><strong>lius</strong></span> <span class='ocrx_word' id='word_1_98' title='bbox 554 1283 721 1358; x_wconf 90' lang='lat' dir='ltr'><strong>quod</strong></span> <span class='ocrx_word' id='word_1_99' title='bbox 762 1287 955 1356; x_wconf 85' lang='lat' dir='ltr'><strong>esset,</strong></span> <span class='ocrx_word' id='word_1_100' title='bbox 999 1281 1344 1342; x_wconf 86' lang='lat' dir='ltr'><strong>adiciebant</strong></span> <span class='ocrx_word' id='word_1_101' title='bbox 1371 1281 1687 1356; x_wconf 88' lang='lat' dir='ltr'><strong>sanguinis</strong></span> <span class='ocrx_word' id='word_1_102' title='bbox 1715 1281 1913 1341; x_wconf 91' lang='lat' dir='ltr'><strong>rivum</strong></span> <span class='ocrx_word' id='word_1_103' title='bbox 1952 1280 2015 1340; x_wconf 89' lang='lat' dir='ltr'><strong>in</strong></span> <span class='ocrx_word' id='word_1_104' title='bbox 2044 1285 2222 1355; x_wconf 88' lang='lat' dir='ltr'><strong>porta</strong></span> <span class='ocrx_word' id='word_1_105' title='bbox 2249 1279 2374 1342; x_wconf 85' lang='lat' dir='ltr'><strong>flu·</strong></span> 
     </span>
     <span class='ocr_line' id='line_1_14' title="bbox 403 1364 2376 1442; baseline 0 -16"><span class='ocrx_word' id='word_1_106' title='bbox 403 1369 595 1427; x_wconf 85' lang='lat' dir='ltr'><strong>xisse.</strong></span> <span class='ocrx_word' id='word_1_107' title='bbox 662 1373 723 1428; x_wconf 92' lang='lat' dir='ltr'><strong>et</strong></span> <span class='ocrx_word' id='word_1_108' title='bbox 750 1366 997 1440; x_wconf 87' lang='lat' dir='ltr'><strong>Capuae</strong></span> <span class='ocrx_word' id='word_1_109' title='bbox 1036 1365 1221 1440; x_wconf 89' lang='lat' dir='ltr'><strong>lupus</strong></span> <span class='ocrx_word' id='word_1_110' title='bbox 1262 1371 1442 1426; x_wconf 86' lang='lat' dir='ltr'><strong>nocte</strong></span> <span class='ocrx_word' id='word_1_111' title='bbox 1481 1371 1719 1442; x_wconf 89' lang='lat' dir='ltr'><strong>portam</strong></span> <span class='ocrx_word' id='word_1_112' title='bbox 1761 1364 2078 1438; x_wconf 86' lang='lat' dir='ltr'><strong>ingressus</strong></span> <span class='ocrx_word' id='word_1_113' title='bbox 2118 1364 2376 1439; x_wconf 85' lang='lat' dir='ltr'><strong>vigilem</strong></span> 
     </span>
     <span class='ocr_line' id='line_1_15' title="bbox 408 1446 2372 1524; baseline -0.001 -15"><span class='ocrx_word' id='word_1_114' title='bbox 408 1452 761 1510; x_wconf 87' lang='lat' dir='ltr'><strong>laniaverat.</strong></span> <span class='ocrx_word' id='word_1_115' title='bbox 826 1449 982 1508; x_wconf 87' lang='lat' dir='ltr'><strong>haec</strong></span> <span class='ocrx_word' id='word_1_116' title='bbox 1011 1455 1340 1524; x_wconf 85' lang='lat' dir='ltr'><strong>procurata</strong></span> <span class='ocrx_word' id='word_1_117' title='bbox 1367 1449 1586 1509; x_wconf 85' lang='lat' dir='ltr'><strong>hostiis</strong></span> <span class='ocrx_word' id='word_1_118' title='bbox 1614 1447 1944 1509; x_wconf 90' lang='lat' dir='ltr'><strong>maioribus</strong></span> <span class='ocrx_word' id='word_1_119' title='bbox 1974 1446 2276 1524; x_wconf 83' lang='lat' dir='ltr'><strong>prodigia,</strong></span> <span class='ocrx_word' id='word_1_120' title='bbox 2307 1453 2372 1508; x_wconf 85' lang='lat' dir='ltr'><strong>et</strong></span> 
     </span>
     <span class='ocr_line' id='line_1_16' title="bbox 408 1531 2374 1608; baseline -0.001 -15"><span class='ocrx_word' id='word_1_121' title='bbox 408 1533 771 1608; x_wconf 80' lang='lat' dir='ltr'><strong>supplicatio</strong></span> <span class='ocrx_word' id='word_1_122' title='bbox 818 1532 980 1592; x_wconf 88' lang='lat' dir='ltr'><strong>diem</strong></span> <span class='ocrx_word' id='word_1_123' title='bbox 1020 1548 1206 1593; x_wconf 92' lang='lat' dir='ltr'><strong>unum</strong></span> <span class='ocrx_word' id='word_1_124' title='bbox 1232 1531 1344 1591; x_wconf 81' lang='lat' dir='ltr'><strong>fuit</strong></span> <span class='ocrx_word' id='word_1_125' title='bbox 1382 1546 1462 1590; x_wconf 89' lang='lat' dir='ltr'><strong>ex</strong></span> <span class='ocrx_word' id='word_1_126' title='bbox 1504 1533 1750 1593; x_wconf 88' lang='lat' dir='ltr'><strong>decreto</strong></span> <span class='ocrx_word' id='word_1_127' title='bbox 1780 1532 2155 1608; x_wconf 88' lang='lat' dir='ltr'><strong>pontificum.</strong></span> <span class='ocrx_word' id='word_1_128' title='bbox 2219 1531 2374 1591; x_wconf 87' lang='lat' dir='ltr'><strong>inde</strong></span> 
     </span>
     <span class='ocr_line' id='line_1_17' title="bbox 406 1614 2372 1691; baseline -0.001 -15"><span class='ocrx_word' id='word_1_129' title='bbox 406 1617 624 1676; x_wconf 88' lang='lat' dir='ltr'><strong>iterum</strong></span> <span class='ocrx_word' id='word_1_130' title='bbox 652 1615 1041 1676; x_wconf 83' lang='lat' dir='ltr'><strong>novemdiale</strong></span> <span class='ocrx_word' id='word_1_131' title='bbox 1071 1616 1484 1690; x_wconf 87' lang='lat' dir='ltr'><strong>instauratum,</strong></span> <span class='ocrx_word' id='word_1_132' title='bbox 1529 1616 1698 1690; x_wconf 91' lang='lat' dir='ltr'><strong>quod</strong></span> <span class='ocrx_word' id='word_1_133' title='bbox 1727 1616 1788 1676; x_wconf 91' lang='lat' dir='ltr'><strong>in</strong></span> <span class='ocrx_word' id='word_1_134' title='bbox 1817 1614 2194 1675; x_wconf 88' lang='lat' dir='ltr'><strong>Armilustro</strong></span> <span class='ocrx_word' id='word_1_135' title='bbox 2210 1615 2372 1691; x_wconf 90' lang='lat' dir='ltr'><strong>lapi-</strong></span> 
     </span>
     <span class='ocr_line' id='line_1_18' title="bbox 406 1697 2372 1775; baseline 0 -15"><span class='ocrx_word' id='word_1_136' title='bbox 406 1699 586 1761; x_wconf 88' lang='lat' dir='ltr'><strong>dibus</strong></span> <span class='ocrx_word' id='word_1_137' title='bbox 626 1701 830 1760; x_wconf 90' lang='lat' dir='ltr'><strong>visum</strong></span> <span class='ocrx_word' id='word_1_138' title='bbox 868 1700 1101 1775; x_wconf 87' lang='lat' dir='ltr'><strong>pluere.</strong></span> <span class='ocrx_word' id='word_1_139' title='bbox 1166 1698 1454 1759; x_wconf 86' lang='lat' dir='ltr'><strong>liberatas</strong></span> <span class='ocrx_word' id='word_1_140' title='bbox 1494 1699 1788 1774; x_wconf 81' lang='lat' dir='ltr'><strong>religione</strong></span> <span class='ocrx_word' id='word_1_141' title='bbox 1829 1705 2061 1758; x_wconf 90' lang='lat' dir='ltr'><strong>mentes</strong></span> <span class='ocrx_word' id='word_1_142' title='bbox 2102 1697 2372 1760; x_wconf 86' lang='lat' dir='ltr'><strong>turbavit</strong></span> 
     </span>
     <span class='ocr_line' id='line_1_19' title="bbox 405 1780 2372 1856; baseline -0.001 -12"><span class='ocrx_word' id='word_1_143' title='bbox 405 1799 618 1844; x_wconf 89' lang='lat' dir='ltr'><strong>rursus</strong></span> <span class='ocrx_word' id='word_1_144' title='bbox 642 1783 975 1844; x_wconf 89' lang='lat' dir='ltr'><strong>nuntiatum</strong></span> <span class='ocrx_word' id='word_1_145' title='bbox 987 1785 1326 1844; x_wconf 77' lang='lat' dir='ltr'><strong>Frusinone</strong></span> <span class='ocrx_word' id='word_1_146' title='bbox 1344 1788 1550 1842; x_wconf 76' lang='lat' dir='ltr'><strong>natum</strong></span> <span class='ocrx_word' id='word_1_147' title='bbox 1572 1781 1862 1843; x_wconf 81' lang='lat' dir='ltr'><strong>infantem</strong></span> <span class='ocrx_word' id='word_1_148' title='bbox 1885 1797 2029 1842; x_wconf 91' lang='lat' dir='ltr'><strong>esse</strong></span> <span class='ocrx_word' id='word_1_149' title='bbox 2045 1780 2372 1856; x_wconf 86' lang='lat' dir='ltr'><strong>quadrimo</strong></span> 
     </span>
     <span class='ocr_line' id='line_1_20' title="bbox 407 1864 2373 1943; baseline -0.001 -16"><span class='ocrx_word' id='word_1_150' title='bbox 407 1883 647 1943; x_wconf 90' lang='lat' dir='ltr'><strong>parem,</strong></span> <span class='ocrx_word' id='word_1_151' title='bbox 701 1882 817 1927; x_wconf 91' lang='lat' dir='ltr'><strong>nec</strong></span> <span class='ocrx_word' id='word_1_152' title='bbox 866 1866 1280 1941; x_wconf 84' lang='lat' dir='ltr'><strong>magnitudine</strong></span> <span class='ocrx_word' id='word_1_153' title='bbox 1321 1873 1444 1925; x_wconf 88' lang='lat' dir='ltr'><strong>tam</strong></span> <span class='ocrx_word' id='word_1_154' title='bbox 1483 1865 1822 1926; x_wconf 90' lang='lat' dir='ltr'><strong>mirandum</strong></span> <span class='ocrx_word' id='word_1_155' title='bbox 1864 1882 2047 1941; x_wconf 88' lang='lat' dir='ltr'><strong>quam</strong></span> <span class='ocrx_word' id='word_1_156' title='bbox 2091 1864 2260 1940; x_wconf 89' lang='lat' dir='ltr'><strong>quod</strong></span> <span class='ocrx_word' id='word_1_157' title='bbox 2310 1864 2373 1926; x_wconf 75' lang='lat' dir='ltr'><strong>is</strong></span> 
     </span>
     <span class='ocr_line' id='line_1_21' title="bbox 368 1949 2373 2026; baseline -0.001 -16"><span class='ocrx_word' id='word_1_158' title='bbox 368 1955 372 1958; x_wconf 83' lang='grc'><strong>’</strong></span> <span class='ocrx_word' id='word_1_159' title='bbox 409 1966 688 2026; x_wconf 88' lang='lat' dir='ltr'><strong>quoque,</strong></span> <span class='ocrx_word' id='word_1_160' title='bbox 732 1957 802 2010; x_wconf 87' lang='lat' dir='ltr'><strong>ut</strong></span> <span class='ocrx_word' id='word_1_161' title='bbox 828 1949 1163 2010; x_wconf 87' lang='lat' dir='ltr'><strong>Sinuessae</strong></span> <span class='ocrx_word' id='word_1_162' title='bbox 1194 1949 1436 2009; x_wconf 89' lang='lat' dir='ltr'><strong>biennio</strong></span> <span class='ocrx_word' id='word_1_163' title='bbox 1467 1956 1623 2023; x_wconf 89' lang='lat' dir='ltr'><strong>ante,</strong></span> <span class='ocrx_word' id='word_1_164' title='bbox 1662 1950 1960 2022; x_wconf 78' lang='lat' dir='ltr'><strong>incertuS‚</strong></span> <span class='ocrx_word' id='word_1_165' title='bbox 2006 1964 2138 2010; x_wconf 90' lang='lat' dir='ltr'><strong>mas</strong></span> <span class='ocrx_word' id='word_1_166' title='bbox 2168 1964 2248 2008; x_wconf 88' lang='lat' dir='ltr'><strong>an</strong></span> <span class='ocrx_word' id='word_1_167' title='bbox 2279 1949 2373 2008; x_wconf 82' lang='lat' dir='ltr'><strong>l&#39;e-</strong></span> 
     </span>
     <span class='ocr_line' id='line_1_22' title="bbox 406 2032 2374 2109; baseline -0.001 -16"><span class='ocrx_word' id='word_1_168' title='bbox 406 2034 571 2093; x_wconf 88' lang='lat' dir='ltr'><strong>mina</strong></span> <span class='ocrx_word' id='word_1_169' title='bbox 597 2039 781 2106; x_wconf 91' lang='lat' dir='ltr'><strong>esset,</strong></span> <span class='ocrx_word' id='word_1_170' title='bbox 812 2039 989 2092; x_wconf 90' lang='lat' dir='ltr'><strong>natus</strong></span> <span class='ocrx_word' id='word_1_171' title='bbox 1020 2039 1167 2093; x_wconf 89' lang='lat' dir='ltr'><strong>erat.</strong></span> <span class='ocrx_word' id='word_1_172' title='bbox 1231 2033 1296 2092; x_wconf 91' lang='lat' dir='ltr'><strong>id</strong></span> <span class='ocrx_word' id='word_1_173' title='bbox 1326 2047 1474 2093; x_wconf 88' lang='lat' dir='ltr'><strong>vero</strong></span> <span class='ocrx_word' id='word_1_174' title='bbox 1504 2032 1864 2109; x_wconf 87' lang='lat' dir='ltr'><strong>haruspices</strong></span> <span class='ocrx_word' id='word_1_175' title='bbox 1895 2049 1974 2093; x_wconf 86' lang='lat' dir='ltr'><strong>ex</strong></span> <span class='ocrx_word' id='word_1_176' title='bbox 1999 2033 2237 2093; x_wconf 81' lang='lat' dir='ltr'><strong>Etruria</strong></span> <span class='ocrx_word' id='word_1_177' title='bbox 2265 2047 2374 2092; x_wconf 91' lang='lat' dir='ltr'><strong>ac-</strong></span> 
     </span>
     <span class='ocr_line' id='line_1_23' title="bbox 408 2115 2374 2192; baseline 0 -15"><span class='ocrx_word' id='word_1_178' title='bbox 408 2117 507 2177; x_wconf 84' lang='lat' dir='ltr'><strong>citi</strong></span> <span class='ocrx_word' id='word_1_179' title='bbox 538 2116 785 2176; x_wconf 81' lang='lat' dir='ltr'><strong>foedum</strong></span> <span class='ocrx_word' id='word_1_180' title='bbox 817 2131 890 2175; x_wconf 88' lang='lat' dir='ltr'><strong>ac</strong></span> <span class='ocrx_word' id='word_1_181' title='bbox 919 2123 1097 2191; x_wconf 88' lang='lat' dir='ltr'><strong>turpe</strong></span> <span class='ocrx_word' id='word_1_182' title='bbox 1138 2115 1484 2192; x_wconf 90' lang='lat' dir='ltr'><strong>prodigium</strong></span> <span class='ocrx_word' id='word_1_183' title='bbox 1515 2117 1749 2192; x_wconf 89' lang='lat' dir='ltr'><strong>dicere,</strong></span> <span class='ocrx_word' id='word_1_184' title='bbox 1793 2123 2037 2178; x_wconf 86' lang='lat' dir='ltr'><strong>extorre</strong></span> <span class='ocrx_word' id='word_1_185' title='bbox 2065 2132 2214 2190; x_wconf 85' lang='lat' dir='ltr'><strong>agro</strong></span> <span class='ocrx_word' id='word_1_186' title='bbox 2240 2116 2374 2177; x_wconf 89' lang='lat' dir='ltr'><strong>Ro-</strong></span> 
     </span>
     <span class='ocr_line' id='line_1_24' title="bbox 409 2200 2376 2276; baseline -0.001 -16"><span class='ocrx_word' id='word_1_187' title='bbox 409 2215 609 2274; x_wconf 86' lang='lat' dir='ltr'><strong>mano,</strong></span> <span class='ocrx_word' id='word_1_188' title='bbox 653 2200 869 2274; x_wconf 89' lang='lat' dir='ltr'><strong>procul</strong></span> <span class='ocrx_word' id='word_1_189' title='bbox 897 2207 1098 2260; x_wconf 88' lang='lat' dir='ltr'><strong>terrae</strong></span> <span class='ocrx_word' id='word_1_190' title='bbox 1126 2205 1426 2275; x_wconf 90' lang='lat' dir='ltr'><strong>contactu,</strong></span> <span class='ocrx_word' id='word_1_191' title='bbox 1458 2201 1581 2262; x_wconf 88' lang='lat' dir='ltr'><strong>alto</strong></span> <span class='ocrx_word' id='word_1_192' title='bbox 1610 2201 2024 2276; x_wconf 86' lang='lat' dir='ltr'><strong>mergendum.</strong></span> <span class='ocrx_word' id='word_1_193' title='bbox 2067 2200 2277 2260; x_wconf 88' lang='lat' dir='ltr'><strong>vivum</strong></span> <span class='ocrx_word' id='word_1_194' title='bbox 2305 2200 2376 2259; x_wconf 85' lang='lat' dir='ltr'><strong>in</strong></span> 
     </span>
     <span class='ocr_line' id='line_1_25' title="bbox 408 2283 2376 2361; baseline -0.001 -17"><span class='ocrx_word' id='word_1_195' title='bbox 408 2298 613 2344; x_wconf 86' lang='lat' dir='ltr'><strong>arcam</strong></span> <span class='ocrx_word' id='word_1_196' title='bbox 637 2283 988 2359; x_wconf 86' lang='lat' dir='ltr'><strong>condidere,</strong></span> <span class='ocrx_word' id='word_1_197' title='bbox 1019 2291 1501 2360; x_wconf 89' lang='lat' dir='ltr'><strong>provectumque</strong></span> <span class='ocrx_word' id='word_1_198' title='bbox 1527 2284 1590 2344; x_wconf 92' lang='lat' dir='ltr'><strong>in</strong></span> <span class='ocrx_word' id='word_1_199' title='bbox 1613 2300 1780 2344; x_wconf 90' lang='lat' dir='ltr'><strong>mare</strong></span> <span class='ocrx_word' id='word_1_200' title='bbox 1810 2285 2214 2361; x_wconf 89' lang='lat' dir='ltr'><strong>proiecerunt.</strong></span> <span class='ocrx_word' id='word_1_201' title='bbox 2262 2283 2376 2344; x_wconf 89' lang='lat' dir='ltr'><strong>de—</strong></span> 
     </span>
     <span class='ocr_line' id='line_1_26' title="bbox 409 2367 2376 2444; baseline -0.001 -17"><span class='ocrx_word' id='word_1_202' title='bbox 409 2382 659 2427; x_wconf 87' lang='lat' dir='ltr'><strong>crevere</strong></span> <span class='ocrx_word' id='word_1_203' title='bbox 688 2367 829 2427; x_wconf 88' lang='lat' dir='ltr'><strong>item</strong></span> <span class='ocrx_word' id='word_1_204' title='bbox 850 2367 1193 2444; x_wconf 58' lang='lat' dir='ltr'><strong>pontifices</strong></span> <span class='ocrx_word' id='word_1_205' title='bbox 1226 2374 1292 2429; x_wconf 92' lang='lat' dir='ltr'><strong>ut</strong></span> <span class='ocrx_word' id='word_1_206' title='bbox 1311 2367 1580 2443; x_wconf 89' lang='lat' dir='ltr'><strong>virgines</strong></span> <span class='ocrx_word' id='word_1_207' title='bbox 1600 2373 1693 2428; x_wconf 90' lang='lat' dir='ltr'><strong>ter</strong></span> <span class='ocrx_word' id='word_1_208' title='bbox 1713 2383 1994 2429; x_wconf 88' lang='lat' dir='ltr'><strong>novenae</strong></span> <span class='ocrx_word' id='word_1_209' title='bbox 2018 2383 2130 2444; x_wconf 89' lang='lat' dir='ltr'><strong>per</strong></span> <span class='ocrx_word' id='word_1_210' title='bbox 2153 2367 2376 2427; x_wconf 84' lang='lat' dir='ltr'><strong>urbem</strong></span> 
     </span>
     <span class='ocr_line' id='line_1_27' title="bbox 408 2450 2377 2514; baseline -0.001 -4"><span class='ocrx_word' id='word_1_211' title='bbox 408 2457 621 2512; x_wconf 88' lang='lat' dir='ltr'><strong>euntes</strong></span> <span class='ocrx_word' id='word_1_212' title='bbox 663 2466 906 2512; x_wconf 87' lang='lat' dir='ltr'><strong>carmen</strong></span> <span class='ocrx_word' id='word_1_213' title='bbox 949 2459 1257 2512; x_wconf 90' lang='lat' dir='ltr'><strong>canerent.</strong></span> <span class='ocrx_word' id='word_1_214' title='bbox 1321 2451 1384 2512; x_wconf 91' lang='lat' dir='ltr'><strong>id</strong></span> <span class='ocrx_word' id='word_1_215' title='bbox 1424 2466 1562 2511; x_wconf 90' lang='lat' dir='ltr'><strong>cum</strong></span> <span class='ocrx_word' id='word_1_216' title='bbox 1601 2451 1664 2511; x_wconf 93' lang='lat' dir='ltr'><strong>in</strong></span> <span class='ocrx_word' id='word_1_217' title='bbox 1705 2451 1871 2514; x_wconf 88' lang='lat' dir='ltr'><strong>Iovis</strong></span> <span class='ocrx_word' id='word_1_218' title='bbox 1909 2450 2168 2512; x_wconf 89' lang='lat' dir='ltr'><strong>Statoris</strong></span> <span class='ocrx_word' id='word_1_219' title='bbox 2210 2450 2377 2510; x_wconf 83' lang='lat' dir='ltr'><strong>aede</strong></span> 
     </span>
     <span class='ocr_line' id='line_1_28' title="bbox 409 2528 2375 2610; baseline 0 -16"><span class='ocrx_word' id='word_1_220' title='bbox 409 2535 716 2595; x_wconf 88' lang='lat' dir='ltr'><strong>discerent</strong></span> <span class='ocrx_word' id='word_1_221' title='bbox 742 2537 1051 2598; x_wconf 87' lang='lat' dir='ltr'><strong>conditum</strong></span> <span class='ocrx_word' id='word_1_222' title='bbox 1080 2535 1158 2596; x_wconf 89' lang='lat' dir='ltr'><strong>ab</strong></span> <span class='ocrx_word' id='word_1_223' title='bbox 1186 2534 1360 2596; x_wconf 86' lang='lat' dir='ltr'><strong>Livio</strong></span> <span class='ocrx_word' id='word_1_224' title='bbox 1389 2542 1576 2610; x_wconf 89' lang='lat' dir='ltr'><strong>poeta</strong></span> <span class='ocrx_word' id='word_1_225' title='bbox 1603 2528 1864 2607; x_wconf 85' lang='lat' dir='ltr'><strong>carmen,</strong></span> <span class='ocrx_word' id='word_1_226' title='bbox 1894 2539 2056 2596; x_wconf 88' lang='lat' dir='ltr'><strong>tacta</strong></span> <span class='ocrx_word' id='word_1_227' title='bbox 2084 2535 2167 2594; x_wconf 88' lang='lat' dir='ltr'><strong>de</strong></span> <span class='ocrx_word' id='word_1_228' title='bbox 2197 2533 2375 2594; x_wconf 86' lang='lat' dir='ltr'><strong>caelo</strong></span> 
     </span>
     <span class='ocr_line' id='line_1_29' title="bbox 408 2617 2374 2695; baseline -0.001 -17"><span class='ocrx_word' id='word_1_229' title='bbox 408 2619 583 2678; x_wconf 86' lang='lat' dir='ltr'><strong>aedis</strong></span> <span class='ocrx_word' id='word_1_230' title='bbox 625 2618 686 2678; x_wconf 91' lang='lat' dir='ltr'><strong>in</strong></span> <span class='ocrx_word' id='word_1_231' title='bbox 716 2619 1020 2680; x_wconf 86' lang='lat' dir='ltr'><strong>Aventino</strong></span> <span class='ocrx_word' id='word_1_232' title='bbox 1050 2619 1304 2680; x_wconf 89' lang='lat' dir='ltr'><strong>Iunonis</strong></span> <span class='ocrx_word' id='word_1_233' title='bbox 1343 2620 1622 2694; x_wconf 80' lang='lat' dir='ltr'><strong>reginae3</strong></span> <span class='ocrx_word' id='word_1_234' title='bbox 1667 2618 2139 2695; x_wconf 81' lang='lat' dir='ltr'><strong>prodigiumque</strong></span> <span class='ocrx_word' id='word_1_235' title='bbox 2181 2617 2246 2676; x_wconf 91' lang='lat' dir='ltr'><strong>id</strong></span> <span class='ocrx_word' id='word_1_236' title='bbox 2287 2617 2374 2676; x_wconf 91' lang='lat' dir='ltr'><strong>ad</strong></span> 
     </span>
     <span class='ocr_line' id='line_1_30' title="bbox 409 2698 2372 2778; baseline -0.001 -17"><span class='ocrx_word' id='word_1_237' title='bbox 409 2708 719 2762; x_wconf 87' lang='lat' dir='ltr'><strong>matronas</strong></span> <span class='ocrx_word' id='word_1_238' title='bbox 750 2703 1053 2778; x_wconf 89' lang='lat' dir='ltr'><strong>pertinere</strong></span> <span class='ocrx_word' id='word_1_239' title='bbox 1079 2701 1444 2777; x_wconf 86' lang='lat' dir='ltr'><strong>haruspices</strong></span> <span class='ocrx_word' id='word_1_240' title='bbox 1475 2719 1620 2763; x_wconf 82' lang='lat' dir='ltr'><strong>cum.</strong></span> <span class='ocrx_word' id='word_1_241' title='bbox 1639 2703 2118 2778; x_wconf 88' lang='lat' dir='ltr'><strong>respondissent.</strong></span> <span class='ocrx_word' id='word_1_242' title='bbox 2172 2698 2372 2760; x_wconf 89' lang='lat' dir='ltr'><strong>dono-</strong></span> 
     </span>
     <span class='ocr_line' id='line_1_31' title="bbox 410 2783 2374 2862; baseline -0.001 -18"><span class='ocrx_word' id='word_1_243' title='bbox 410 2800 531 2858; x_wconf 90' lang='lat' dir='ltr'><strong>que</strong></span> <span class='ocrx_word' id='word_1_244' title='bbox 574 2785 777 2848; x_wconf 87' lang='lat' dir='ltr'><strong>divam</strong></span> <span class='ocrx_word' id='word_1_245' title='bbox 806 2787 1171 2862; x_wconf 84' lang='lat' dir='ltr'><strong>placandam</strong></span> <span class='ocrx_word' id='word_1_246' title='bbox 1213 2801 1384 2860; x_wconf 88' lang='lat' dir='ltr'><strong>esse,</strong></span> <span class='ocrx_word' id='word_1_247' title='bbox 1430 2786 1717 2847; x_wconf 86' lang='lat' dir='ltr'><strong>aedilium</strong></span> <span class='ocrx_word' id='word_1_248' title='bbox 1746 2786 2041 2846; x_wconf 88' lang='lat' dir='ltr'><strong>curulium</strong></span> <span class='ocrx_word' id='word_1_249' title='bbox 2073 2783 2277 2844; x_wconf 88' lang='lat' dir='ltr'><strong>edicto</strong></span> <span class='ocrx_word' id='word_1_250' title='bbox 2307 2783 2374 2842; x_wconf 90' lang='lat' dir='ltr'><strong>in</strong></span> 
     </span>
     <span class='ocr_line' id='line_1_32' title="bbox 410 2867 2374 2946; baseline -0.001 -19"><span class='ocrx_word' id='word_1_251' title='bbox 410 2867 770 2943; x_wconf 87' lang='lat' dir='ltr'><strong>Capitolium</strong></span> <span class='ocrx_word' id='word_1_252' title='bbox 802 2879 1209 2944; x_wconf 87' lang='lat' dir='ltr'><strong>convocatae,</strong></span> <span class='ocrx_word' id='word_1_253' title='bbox 1259 2870 1484 2946; x_wconf 89' lang='lat' dir='ltr'><strong>quibus</strong></span> <span class='ocrx_word' id='word_1_254' title='bbox 1513 2869 1573 2929; x_wconf 89' lang='lat' dir='ltr'><strong>in</strong></span> <span class='ocrx_word' id='word_1_255' title='bbox 1603 2869 1756 2930; x_wconf 90' lang='lat' dir='ltr'><strong>urbe</strong></span> <span class='ocrx_word' id='word_1_256' title='bbox 1783 2871 2061 2930; x_wconf 89' lang='lat' dir='ltr'><strong>Romana</strong></span> <span class='ocrx_word' id='word_1_257' title='bbox 2089 2869 2374 2942; x_wconf 87' lang='lat' dir='ltr'><strong>intraque</strong></span> 
     </span>
     <span class='ocr_line' id='line_1_33' title="bbox 410 2951 2373 3028; baseline 0 -18"><span class='ocrx_word' id='word_1_258' title='bbox 410 2951 712 3012; x_wconf 87' lang='lat' dir='ltr'><strong>decimum</strong></span> <span class='ocrx_word' id='word_1_259' title='bbox 732 2952 1000 3026; x_wconf 89' lang='lat' dir='ltr'><strong>lapidem</strong></span> <span class='ocrx_word' id='word_1_260' title='bbox 1028 2955 1107 3013; x_wconf 88' lang='lat' dir='ltr'><strong>ab</strong></span> <span class='ocrx_word' id='word_1_261' title='bbox 1136 2953 1288 3014; x_wconf 88' lang='lat' dir='ltr'><strong>urbe</strong></span> <span class='ocrx_word' id='word_1_262' title='bbox 1316 2953 1622 3014; x_wconf 89' lang='lat' dir='ltr'><strong>domicilia</strong></span> <span class='ocrx_word' id='word_1_263' title='bbox 1650 2959 1876 3026; x_wconf 89' lang='lat' dir='ltr'><strong>essent,</strong></span> <span class='ocrx_word' id='word_1_264' title='bbox 1909 2953 2085 3028; x_wconf 84' lang='lat' dir='ltr'><strong>ipsae</strong></span> <span class='ocrx_word' id='word_1_265' title='bbox 2113 2951 2270 3012; x_wconf 88' lang='lat' dir='ltr'><strong>inter</strong></span> <span class='ocrx_word' id='word_1_266' title='bbox 2299 2963 2373 3010; x_wconf 84' lang='lat' dir='ltr'><strong>se</strong></span> 
     </span>
     <span class='ocr_line' id='line_1_34' title="bbox 412 3033 2372 3113; baseline 0.001 -20"><span class='ocrx_word' id='word_1_267' title='bbox 412 3033 685 3109; x_wconf 88' lang='lat' dir='ltr'><strong>quinque</strong></span> <span class='ocrx_word' id='word_1_268' title='bbox 712 3040 774 3094; x_wconf 89' lang='lat' dir='ltr'><strong>et</strong></span> <span class='ocrx_word' id='word_1_269' title='bbox 803 3035 1011 3110; x_wconf 87' lang='lat' dir='ltr'><strong>viginti</strong></span> <span class='ocrx_word' id='word_1_270' title='bbox 1042 3036 1425 3112; x_wconf 88' lang='lat' dir='ltr'><strong>delegerunt,</strong></span> <span class='ocrx_word' id='word_1_271' title='bbox 1463 3037 1545 3097; x_wconf 89' lang='lat' dir='ltr'><strong>ad</strong></span> <span class='ocrx_word' id='word_1_272' title='bbox 1575 3053 1730 3113; x_wconf 88' lang='lat' dir='ltr'><strong>quas</strong></span> <span class='ocrx_word' id='word_1_273' title='bbox 1759 3033 1839 3096; x_wconf 68' lang='lat' dir='ltr'><strong>ek</strong></span> <span class='ocrx_word' id='word_1_274' title='bbox 1869 3036 2115 3096; x_wconf 91' lang='lat' dir='ltr'><strong>dotibus</strong></span> <span class='ocrx_word' id='word_1_275' title='bbox 2145 3034 2372 3108; x_wconf 85' lang='lat' dir='ltr'><strong>stipem</strong></span> 
     </span>
     <span class='ocr_line' id='line_1_35' title="bbox 410 3117 2372 3196; baseline -0.001 -19"><span class='ocrx_word' id='word_1_276' title='bbox 410 3117 774 3178; x_wconf 76' lang='lat' dir='ltr'><strong>conterrent.</strong></span> <span class='ocrx_word' id='word_1_277' title='bbox 805 3117 950 3179; x_wconf 88' lang='lat' dir='ltr'><strong>inde</strong></span> <span class='ocrx_word' id='word_1_278' title='bbox 966 3120 1195 3181; x_wconf 89' lang='lat' dir='ltr'><strong>donum</strong></span> <span class='ocrx_word' id='word_1_279' title='bbox 1208 3121 1408 3196; x_wconf 90' lang='lat' dir='ltr'><strong>pelvis</strong></span> <span class='ocrx_word' id='word_1_280' title='bbox 1429 3137 1616 3182; x_wconf 89' lang='lat' dir='ltr'><strong>aurea</strong></span> <span class='ocrx_word' id='word_1_281' title='bbox 1637 3122 1796 3181; x_wconf 77' lang='lat' dir='ltr'><strong>facta</strong></span> <span class='ocrx_word' id='word_1_282' title='bbox 1816 3120 2062 3195; x_wconf 89' lang='lat' dir='ltr'><strong>lataque</strong></span> <span class='ocrx_word' id='word_1_283' title='bbox 2084 3118 2146 3178; x_wconf 88' lang='lat' dir='ltr'><strong>in</strong></span> <span class='ocrx_word' id='word_1_284' title='bbox 2159 3117 2372 3178; x_wconf 88' lang='lat' dir='ltr'><strong>Aven-</strong></span> 
     </span>
     <span class='ocr_line' id='line_1_36' title="bbox 411 3201 2373 3284; baseline -0.001 -23"><span class='ocrx_word' id='word_1_285' title='bbox 411 3201 631 3271; x_wconf 89' lang='lat' dir='ltr'><strong>tinum;</strong></span> <span class='ocrx_word' id='word_1_286' title='bbox 678 3216 832 3278; x_wconf 90' lang='lat' dir='ltr'><strong>pure</strong></span> <span class='ocrx_word' id='word_1_287' title='bbox 859 3209 1153 3279; x_wconf 88' lang='lat' dir='ltr'><strong>casteque</strong></span> <span class='ocrx_word' id='word_1_288' title='bbox 1181 3221 1219 3264; x_wconf 89' lang='lat' dir='ltr'><strong>a</strong></span> <span class='ocrx_word' id='word_1_289' title='bbox 1248 3203 1540 3266; x_wconf 87' lang='lat' dir='ltr'><strong>matronis</strong></span> <span class='ocrx_word' id='word_1_290' title='bbox 1572 3202 2000 3284; x_wconf 81' lang='lat' dir='ltr'><strong>sacrificatum.</strong></span> <span class='ocrx_word' id='word_1_291' title='bbox 2045 3201 2373 3263; x_wconf 75' lang='lat' dir='ltr'><strong>confestim</strong></span> 
     </span>
     <span class='ocr_line' id='line_1_37' title="bbox 409 3284 2372 3348; baseline 0.001 -5"><span class='ocrx_word' id='word_1_292' title='bbox 409 3285 489 3343; x_wconf 85' lang='lat' dir='ltr'><strong>ad</strong></span> <span class='ocrx_word' id='word_1_293' title='bbox 532 3285 700 3345; x_wconf 90' lang='lat' dir='ltr'><strong>aliud</strong></span> <span class='ocrx_word' id='word_1_294' title='bbox 742 3286 1109 3348; x_wconf 83' lang='lat' dir='ltr'><strong>sacrificium</strong></span> <span class='ocrx_word' id='word_1_295' title='bbox 1158 3287 1358 3348; x_wconf 87' lang='lat' dir='ltr'><strong>eidem</strong></span> <span class='ocrx_word' id='word_1_296' title='bbox 1400 3285 1581 3348; x_wconf 89' lang='lat' dir='ltr'><strong>divae</strong></span> <span class='ocrx_word' id='word_1_297' title='bbox 1627 3288 1716 3348; x_wconf 74' lang='lat' dir='ltr'><strong>ab·</strong></span> <span class='ocrx_word' id='word_1_298' title='bbox 1752 3285 2116 3347; x_wconf 86' lang='lat' dir='ltr'><strong>decemviris</strong></span> <span class='ocrx_word' id='word_1_299' title='bbox 2165 3284 2372 3345; x_wconf 81' lang='lat' dir='ltr'><strong>edicta</strong></span> 
     </span>
     <span class='ocr_line' id='line_1_38' title="bbox 410 3363 2370 3447; baseline 0.001 -22"><span class='ocrx_word' id='word_1_300' title='bbox 410 3363 563 3441; x_wconf 80' lang='lat' dir='ltr'><strong>dica,</strong></span> <span class='ocrx_word' id='word_1_301' title='bbox 609 3368 783 3429; x_wconf 87' lang='lat' dir='ltr'><strong>cuius</strong></span> <span class='ocrx_word' id='word_1_302' title='bbox 815 3369 971 3430; x_wconf 90' lang='lat' dir='ltr'><strong>ordo</strong></span> <span class='ocrx_word' id='word_1_303' title='bbox 998 3371 1138 3431; x_wconf 86' lang='lat' dir='ltr'><strong>talis</strong></span> <span class='ocrx_word' id='word_1_304' title='bbox 1166 3371 1304 3432; x_wconf 72' lang='lat' dir='ltr'><strong>fuitx</strong></span> <span class='ocrx_word' id='word_1_305' title='bbox 1348 3371 1426 3431; x_wconf 91' lang='lat' dir='ltr'><strong>ab</strong></span> <span class='ocrx_word' id='word_1_306' title='bbox 1457 3370 1612 3432; x_wconf 84' lang='lat' dir='ltr'><strong>aede</strong></span> <span class='ocrx_word' id='word_1_307' title='bbox 1637 3371 1944 3447; x_wconf 88' lang='lat' dir='ltr'><strong>Apollinis</strong></span> <span class='ocrx_word' id='word_1_308' title='bbox 1970 3369 2166 3430; x_wconf 87' lang='lat' dir='ltr'><strong>boves</strong></span> <span class='ocrx_word' id='word_1_309' title='bbox 2198 3367 2370 3428; x_wconf 82' lang='lat' dir='ltr'><strong>femi·</strong></span> 
     </span>
     <span class='ocr_line' id='line_1_39' title="bbox 412 3450 2374 3529; baseline 0.002 -20"><span class='ocrx_word' id='word_1_310' title='bbox 412 3465 529 3510; x_wconf 85' lang='lat' dir='ltr'><strong>nae</strong></span> <span class='ocrx_word' id='word_1_311' title='bbox 570 3450 746 3512; x_wconf 89' lang='lat' dir='ltr'><strong>albae</strong></span> <span class='ocrx_word' id='word_1_312' title='bbox 776 3453 939 3513; x_wconf 88' lang='lat' dir='ltr'><strong>duae</strong></span> <span class='ocrx_word' id='word_1_313' title='bbox 969 3461 1145 3529; x_wconf 90' lang='lat' dir='ltr'><strong>porta</strong></span> <span class='ocrx_word' id='word_1_314' title='bbox 1175 3454 1535 3515; x_wconf 88' lang='lat' dir='ltr'><strong>Carmentali</strong></span> <span class='ocrx_word' id='word_1_315' title='bbox 1575 3453 1639 3514; x_wconf 89' lang='lat' dir='ltr'><strong>in</strong></span> <span class='ocrx_word' id='word_1_316' title='bbox 1677 3453 1892 3516; x_wconf 83' lang='lat' dir='ltr'><strong>urbem</strong></span> <span class='ocrx_word' id='word_1_317' title='bbox 1922 3455 2160 3515; x_wconf 88' lang='lat' dir='ltr'><strong>ductae.</strong></span> <span class='ocrx_word' id='word_1_318' title='bbox 2227 3455 2374 3527; x_wconf 75' lang='lat' dir='ltr'><strong>post</strong></span> 
     </span>
    </p>
   </div>
   <div class='ocr_carea' id='block_1_3' title="bbox 2532 3 2533 882">
    <p class='ocr_par' dir='ltr' id='par_1_4' title="bbox 2532 3 2533 882">
     <span class='ocr_line' id='line_1_40' title="bbox 2532 3 2533 882; baseline 0 0"><span class='ocrx_word' id='word_1_319' title='bbox 2532 3 2533 882; x_wconf 95' lang='lat' dir='ltr'><strong> </strong></span> 
     </span>
    </p>
   </div>
   <div class='ocr_carea' id='block_1_4' title="bbox 2532 1027 2533 1566">
    <p class='ocr_par' dir='ltr' id='par_1_5' title="bbox 2532 1027 2533 1566">
     <span class='ocr_line' id='line_1_41' title="bbox 2532 1027 2533 1566; baseline 0 0"><span class='ocrx_word' id='word_1_320' title='bbox 2532 1027 2533 1566; x_wconf 95' lang='lat' dir='ltr'><strong> </strong></span> 
     </span>
    </p>
   </div>
  </div>
 </body>
</html>
