2550 3959
339 310 346 313 ,
400 242 484 305 ³0
760 242 990 303 Lmen
1016 241 1230 303 xxiv.
1277 243 1444 303 em».
1468 249 1555 304 29.
1600 248 1674 319 [a.
1698 248 1767 307 υ.
1794 264 1839 299 0.
1862 244 1991 314 ωε]

402 401 524 457 tam
565 410 640 455 ac
681 395 1109 457 tumultuosam
1151 393 1609 455 exonerandam
1652 393 1971 468 ducesque
2008 392 2144 455 eius
2184 394 2351 456 able-

401 479 662 555 gandos.
690 478 1100 554 Hippocrates
1124 483 1374 553 praetor
1390 476 1623 537 ducere
1634 491 1713 537 eo
1735 477 2086 551 transfugas
2107 476 2353 548 iussum

403 563 598 624 secuti
626 563 795 623 multi
823 578 904 623 ex
927 560 1363 623 mercennariis
1392 560 1632 621 auxiliis
1658 568 1949 635 quattuor
1970 558 2136 623 milia
2156 576 2352 623 amia-

403 654 600 709 torum
641 646 993 707 effecerunt.
1059 651 1121 705 et
1147 642 1519 705 mittentibus
1544 650 1609 704 et
1634 636 1842 707 missi-s
1868 659 1949 705 ea
1966 644 2137 705 laeta
2156 659 2351 720 expe-

403 730 550 800 ditio
580 729 718 791 ruite
763 744 905 789 nam
932 734 993 789 et
1017 727 1166 802 illis,
1212 727 1383 804 quod
1410 727 1529 788 iam
1561 727 1667 788 diu
1690 726 2051 803 cupiebant,
2083 728 2351 791 novandi

404 829 504 873 res
539 813 786 873 occasio
831 814 976 873 data
1016 820 1139 887 est,
1181 820 1244 873 et
1280 811 1342 872 hi
1368 809 1670 873 sentinam
1703 811 2012 885 quandam
2036 811 2209 873 urhis
2232 811 2353 873 rati
2416 808 2435 815 “

403 895 764 957 exhaustam
791 895 1190 959 laetabantur.
1217 902 1485 956 ceterum
1508 894 1861 977 levaverunt
1882 895 2067 957 modo
2086 894 2153 959 in
2172 909 2351 971 prae·

403 980 602 1041 sentia
629 980 800 1041 velut
825 995 1056 1055 corpus
1086 993 1370 1053 aegrum,
1400 994 1523 1053 quo
1554 994 1700 1039 mox
1728 977 1789 1037 in
1818 977 2161 1053 gravionem
2186 994 2351 1039 mor·

400 1062 548 1123 bum
602 1063 920 1125 recideret.
997 1062 1411 1139 Hippocrates
1482 1062 1642 1123 enim
1690 1060 1947 1123 finitima
1998 1060 2353 1137 provinciae

402 1148 714 1209 Romanae
760 1147 956 1225 primo
1009 1145 1248 1207 furtivis
1297 1145 1767 1207 excursionibus
1817 1152 2063 1207 vastare
2109 1144 2353 1220 coepit·

403 1229 642 1303 deinde,
667 1246 806 1292 cum
823 1230 912 1291 ad
935 1230 1196 1291 tuendos
1213 1229 1533 1290 sociorum
1556 1244 1741 1303 agros
1764 1228 2019 1293 missum
2043 1229 2121 1289 ab
2141 1228 2351 1304 Appio

403 1314 776 1389 praesidium
805 1320 1004 1389 esset,
1049 1312 1333 1375 omnibus
1364 1311 1559 1387 copiis
1590 1312 1881 1387 impetum
1908 1312 1971 1373 in
2002 1312 2351 1389 oppositam

402 1398 722 1459 stationem
763 1413 901 1458 cum
943 1396 1135 1457 caede
1172 1397 1495 1457 multorum
1537 1395 1696 1457 fecit.
1772 1412 1933 1471 quae
1975 1412 2113 1457 cum
2142 1402 2355 1456 essent

402 1480 672 1541 nuntiata
697 1479 984 1541 Marcello
999 1526 1015 1556 ,
1045 1479 1285 1555 legatos
1314 1481 1623 1555 extemplo
1654 1478 2003 1557 Syracusas
2034 1478 2212 1553 misit,
2244 1479 2353 1555 qui

402 1562 574 1639 pacis
623 1563 808 1624 fidem
846 1570 1090 1641 ruptam
1131 1578 1276 1623 esse
1318 1563 1620 1635 dicerent,
1673 1579 1788 1625 nec
1824 1564 1967 1625 belli
2008 1563 2351 1630 dammi-am

400 1663 688 1725 umquam
730 1662 1012 1722 causam,
1059 1646 1179 1707 nisi
1215 1646 1623 1723 Hippocrates
1660 1654 1845 1721 atque
1873 1646 2185 1726 Epicydes
2227 1662 2354 1709 non

400 1730 478 1791 ab
509 1729 840 1808 Syracusis
879 1730 1067 1793 modo
1105 1730 1226 1791 sed
1262 1737 1391 1791 tota
1418 1731 1639 1807 procul
1668 1729 1877 1791 Sicilia
1905 1732 2351 1806 ablegarentur.

397 1813 710 1892 Epicydes
725 1861 740 1888 ,
783 1830 862 1895 ne
903 1821 1007 1876 aut
1041 1830 1190 1875 reus
1221 1814 1488 1875 criminis
1517 1812 1792 1875 absentis
1821 1814 2021 1875 fratris
2046 1828 2355 1889 ,praesens

399 1905 595 1971 esset,
642 1905 746 1959 aut
783 1897 1035 1959 deesset
1075 1912 1189 1973 pro
1233 1904 1405 1973 parte
1434 1913 1549 1959 sua
1574 1896 1939 1959 ,concitando
1969 1898 2163 1972 bello,
2204 1914 2349 1973 pro-

399 1982 596 2042 fectus
642 1990 702 2042 et
744 1981 880 2057 ipse
909 1981 972 2041 in
999 1980 1366 2053 Leontinos,
1411 1980 1555 2057 quia
1582 1982 1733 2041 satis
1764 1995 1876 2043 eos
1901 1982 2207 2045 adversus
2234 1999 2347 2059 po-

400 2064 609 2139 pulum
636 2064 982 2125 Romanum
1023 2062 1363 2126 concitatos
1393 2064 1710 2141 cernebat,
1753 2072 2030 2133 avertere
2058 2065 2239 2129 etiam
2268 2068 2351 2127 ab

399 2146 731 2225 Syracusis
761 2148 993 2223 coepit:
1043 2164 1186 2209 narn
1212 2148 1298 2209 ita
1322 2163 1435 2209 eos
1464 2163 1681 2225 pacem
1708 2149 2029 2225 pepigisse
2050 2164 2195 2211 cum
2222 2150 2347 2213 Ro·

398 2230 612 2305 manis,
641 2237 708 2291 ut
736 2231 1107 2309 quicumque
1135 2233 1348 2309 populi
1376 2233 1495 2293 sub
1522 2231 1772 2307 regibus
1802 2232 2078 2307 ruissent,
2110 2241 2172 2295 et
2198 2250 2349 2297 suae

397 2314 657 2375 dicionis
699 2321 940 2387 essent3
995 2330 1112 2376 nec
1152 2314 1274 2377 iam
1312 2316 1607 2377 liberatos
1650 2322 1969 2377 contentos
2010 2332 2184 2391 esse,
2228 2318 2345 2379 nisi

395 2396 577 2457 ctiam
622 2405 880 2473 regnent
924 2414 1002 2461 ‚ae
1051 2399 1454 2461 dominentur.
1524 2399 1991 2462 renuntiandum
2032 2400 2215 2475 igitur
2254 2402 2347 2462 eis

395 2496 540 2542 esse
566 2480 898 2544 Leontinos
930 2498 1180 2559 quoque
1207 2498 1473 2559 aequum
1502 2498 1759 2545 censere
1782 2484 2011 2545 liberos
2042 2500 2215 2559 esse,
2245 2487 2343 2545 vel

395 2566 564 2641 quod
602 2564 662 2625 in
705 2566 841 2627 solo
870 2566 1042 2629 urbis
1069 2582 1224 2629 suae
1251 2572 1549 2645 tyrannus
1580 2566 1893 2639 ceciderit,
1938 2568 2031 2627 vel
2065 2568 2345 2643 quodibi

395 2648 651 2724 primuni
694 2651 1135 2711 conclamatum
1163 2650 1243 2710 ad
1272 2650 1609 2711 libertatem
1638 2650 1988 2727 relictisque
2016 2651 2201 2727 regiis
2233 2652 2343 2711 du-

395 2730 571 2792 cibus
615 2730 964 2811 Syracusas
1001 2748 1377 2795 -concursum
1419 2733 1512 2795 sit.
1577 2733 1785 2811 itaque
1820 2741 1925 2795 aut
1949 2735 2343 2797 eximendum

391 2815 456 2874 id
487 2816 566 2875 de
595 2816 847 2877 loedere
876 2832 1037 2891 esse,
1071 2823 1177 2877 aut
1205 2818 1403 2893 legem
1430 2832 1565 2877 eam
1596 2818 1865 2879 foederis
1888 2835 2012 2879 non
2036 2819 2341 2895 accipien-

393 2899 552 2958 dam.
617 2899 796 2959 facile
837 2899 1203 2962 multitudini
1244 2916 1644 2976 persuasum;
1688 2902 2032 2979 legatisque
2075 2901 2345 2981 Syracu·

393 2996 686 3043 sanorum
728 2989 788 3042 et
830 2983 908 3044 de
949 2982 1145 3045 caede
1184 2984 1467 3045 stationis
1494 2986 1814 3046 Romanae
1856 2986 2251 3063 querentibus
2280 2994 2344 3046 et

389 3063 805 3141 Hippocraten
850 3073 1032 3142 atque
1059 3065 1383 3146 Epicyden
1424 3068 1596 3131 abire
1636 3082 1753 3129 seu
1779 3069 2014 3131 Locros
2056 3085 2173 3131 seu
2212 3088 2344 3146 quo

389 3149 508 3209 alio
537 3150 812 3223 mallent,
856 3150 1185 3215 dummodo
1217 3150 1423 3213 Sicilia
1452 3150 1769 3226 cederent,
1802 3153 2149 3216 iubentibus
2174 3154 2339 3215 fero·

389 3232 539 3293 citer
575 3249 948 3309 responsum
975 3241 1099 3309 est,
1145 3250 1347 3310 neque
1376 3236 1705 3297 mandasse
1734 3251 1877 3297 sese
1908 3235 2340 3315 Syracusanis,

387 3322 453 3376 ut
481 3331 699 3392 pacem
727 3334 838 3394 pro
865 3333 937 3379 se
961 3335 1097 3380 cum
1119 3320 1412 3381 Romanis
1437 3320 1724 3394 facerent,
1752 3336 1956 3397 neque
1978 3322 2170 3381 teneri
2192 3320 2337 3382 alie-

383 3397 482 3461 nis
505 3400 876 3464 foederibus.
928 3401 1084 3464 haec
1112 3402 1194 3463 ad
1221 3404 1535 3465 Romanos
1562 3402 1942 3483 Syracusani
1970 3404 2347 3483 deuderunt,

381 3482 718 3548 abnuentes
742 3485 1119 3550 Leontinos
1101 3503 1162 3547 m
1189 3503 1303 3549 sua
1325 3494 1629 3564 potestate
1651 3502 1825 3549 esse·
1866 3486 2077 3564 itaque
2097 3486 2348 3565 integro
