2550 3959
394 200 519 274 208
679 211 909 272 LIBER
936 209 1175 271 xxvii.
1224 211 1390 270 cAP.
1420 219 1508 271 ιο.
1538 218 1625 271 41.
1671 209 1744 286 [a.
1772 213 1838 267 υ.
1863 229 1912 268 ο.
1936 215 2062 289 545]

390 362 451 422 in
506 362 677 422 cives
715 361 796 419 Μ.
836 360 1074 422 Livium
1126 359 1205 419 ad
1256 359 1482 418 bellum
1536 358 2032 434 proficiscentem
2084 358 2366 424 monenti

392 445 459 522 Q.
486 445 709 520 Fabio,
752 460 832 505 ne
860 444 1221 520 priusquam
1247 458 1442 517 genus
1472 441 1739 503 hostium
1768 449 2101 518 cognosset
2126 449 2366 506 temere

387 545 632 589 manum
688 534 1070 600 consereret,
1140 525 1576 604 respondisse,
1640 525 1745 586 ubi
1785 527 2047 602 primum
2087 527 2364 589 hostium

386 629 606 688 agmen
631 611 1080 688 conspexisset,
1113 617 1538 686 pugnaturum.
1584 625 1723 670 cum
1747 617 2159 686 quaereretur,
2192 627 2364 688 quae

387 713 580 758 causa
608 695 935 756 festinandi
965 702 1160 766 esset,
1208 739 1245 769 „
1261 701 1368 756 aut
1395 709 1475 754 ex
1502 694 1684 754 hoste
1719 693 2028 769 egregiam
2054 695 2363 770 gloriam“

385 779 580 854 inquit
606 783 752 854 „aut
780 795 861 838 ex
891 779 1129 839 civibus
1160 778 1338 839 victis
1375 777 1668 853 gaudium
1695 778 1975 838 meritum
2007 786 2190 853 certe,
2237 779 2362 841 etsi

384 879 507 923 non
538 864 883 938 honestum,
926 862 1229 939 capiam“.

550 946 911 1020 Priusquam
954 945 1243 1006 Claudius
1300 947 1518 1006 consul
1561 945 1623 1005 in
1664 945 2046 1021 provinciam
2098 947 2354 1024 veniret,

384 1045 495 1106 per
522 1035 855 1090 extremum
878 1030 1062 1091 finem
1094 1031 1223 1104 agri
1245 1029 1546 1090 Larinatis
1571 1030 1895 1090 ducentem
1916 1030 1980 1089 in
2002 1028 2358 1092 Salentinos

386 1114 720 1175 exercitum
733 1113 1135 1174 Hannibalem
1158 1113 1468 1188 expeditis
1491 1112 1848 1174 cohortibus
1879 1113 2132 1176 adortus
2150 1112 2210 1174 C.
2227 1114 2357 1176 Ho—

384 1197 578 1259 stilius
618 1198 891 1259 Tubulus
933 1197 1344 1274 incomposito
1401 1197 1626 1272 agmini
1667 1196 1996 1258 terribilem
2036 1198 2358 1258 tumultum

382 1281 605 1352 intulit,
648 1282 730 1341 ad
760 1287 1043 1356 quattuor
1072 1281 1235 1341 milia
1262 1280 1576 1341 hominum
1619 1280 1869 1355 occidit,
1915 1296 2136 1340 novem
2175 1281 2358 1356 signa

381 1366 661 1424 militaria
711 1365 889 1441 cepit.
970 1373 1248 1426 moverat
1297 1380 1376 1425 ex
1427 1363 1698 1424 hibernis
1749 1364 1831 1423 ad
1880 1363 2104 1425 famam
2149 1363 2354 1426 hostis

382 1447 449 1522 Q.
484 1448 789 1522 ClaudiuS,
837 1449 939 1523 qui
971 1464 1083 1523 per
1108 1449 1294 1508 urbes
1325 1448 1456 1522 agri
1488 1447 1782 1507 Salentini
1812 1454 2016 1508 castra
2039 1448 2356 1523 disposita

382 1530 665 1591 habebat.
724 1532 932 1606 itaque
960 1546 1037 1590 ne
1067 1547 1205 1590 cum
1234 1531 1477 1590 duobus
1523 1530 1894 1592 exercitibus
1924 1530 2106 1592 simul
2135 1530 2353 1592 confli-

381 1620 569 1689 geret,
615 1614 915 1673 Hannibal
946 1620 1127 1689 nocte
1156 1621 1360 1674 castra
1389 1630 1468 1673 ex
1508 1628 1656 1688 agro
1685 1613 2010 1674 Tarentino
2040 1613 2234 1674 movit
2261 1621 2352 1676 at·

382 1698 588 1772 quein
621 1698 889 1759 Bruttios
926 1698 1252 1759 concessit.
1325 1697 1613 1758 Claudius
1642 1697 1704 1757 in
1737 1697 2086 1759 Salentinos
2129 1713 2353 1772 agmen

381 1781 708 1856 convertit,
751 1782 1047 1842 Hostilius
1078 1781 1347 1858 Capuam
1376 1787 1596 1856 petens
1637 1780 1858 1841 obvius
1902 1780 1982 1840 ad
2013 1782 2353 1843 Venusiam

382 1864 493 1924 fuit
521 1866 757 1925 consuli
788 1865 1064 1926 Claudio.
1136 1864 1220 1924 ibi
1250 1880 1330 1925 ex
1359 1870 1617 1939 utroque
1646 1864 1920 1926 exercitu
1950 1864 2147 1936 electa
2172 1866 2350 1942 pedi-

372 1948 507 2009 tum
550 1948 954 2024 quadraginta
992 1946 1186 2023 milia,
1245 1949 1368 2009 duo
1412 1948 1578 2008 milia
1617 1953 1680 2008 et
1721 1948 2034 2024 quingenti
2089 1949 2349 2026 equites,

382 2030 603 2107 quibus
628 2032 845 2092 consul
874 2030 1176 2091 adversus
1189 2030 1593 2092 Hannibalem
1619 2046 1748 2091 rem
1778 2038 2046 2107 gereret=
2075 2031 2348 2109 reliquas

382 2115 597 2189 copias
626 2113 921 2175 Hostilius
953 2113 1221 2190 Capuam
1250 2115 1475 2175 ducere
1503 2117 1730 2190 iussuS,
1773 2125 1840 2177 ut
1868 2115 1935 2190 Q.
1958 2114 2174 2178 Fulvio
2204 2133 2342 2194 pro-

385 2197 621 2258 consuli
650 2197 934 2258 traderet.

546 2281 696 2340 XLI.
761 2280 1063 2341 Hannibal
1090 2282 1368 2356 undique
1399 2286 1710 2342 contracto
1741 2281 2031 2357 exercitu,
2072 2297 2256 2358 quem
2283 2283 2346 2345 in

383 2363 651 2426 hibernis
694 2364 883 2424 autin
928 2363 1257 2441 praesidiis
1293 2364 1422 2440 agri
1451 2354 2022 2441 Bruttiiffiabuerat,
2065 2364 2128 2426 in
2153 2365 2347 2428 Luca-

381 2463 497 2508 nos
526 2448 608 2508 ad
633 2448 1027 2510 Grumentum
1054 2448 1223 2508 venit
1250 2463 1366 2524 spe
1393 2448 1729 2524 recipiendi
1759 2449 2009 2524 oppida,
2042 2465 2203 2523 quae
2232 2465 2348 2527 per

378 2538 603 2592 metum
631 2533 711 2594 ad
727 2533 1039 2593 Romanos
1072 2532 1465 2593 defecissent.
1511 2532 1735 2593 eodem
1761 2548 1801 2593 a
1823 2533 2098 2594 Venusia
2127 2535 2346 2596 consul

376 2615 691 2675 Romanus
732 2615 1065 2690 exploratis
1107 2615 1426 2676 itineribus
1456 2615 1801 2692 contendit,
1848 2621 1911 2676 et
1936 2617 2098 2676 mille
2127 2616 2257 2677 fere
2283 2622 2347 2678 et

379 2697 748 2773 quingentos
776 2714 1005 2774 passus
1036 2704 1240 2760 castra
1265 2699 1428 2758 locat
1457 2697 1534 2757 ab
1563 2700 1760 2760 hoste.
1833 2699 2142 2760 Grumenti
2173 2715 2339 2761 moe·

378 2781 557 2841 nibus
582 2796 781 2858 prope
810 2779 1138 2842 iniunctum
1173 2780 1494 2842 videbatur
1507 2781 1848 2844 Poenorum
1881 2784 2136 2855 vallum3
2169 2783 2340 2859 quln-

376 2865 540 2940 genti
581 2879 810 2940 passus
851 2865 1203 2926 intererant.
1263 2870 1466 2926 castra
1491 2865 1720 2927 Punica
1760 2882 1833 2927 ac
1873 2867 2152 2928 Romana
2188 2867 2341 2927 inter

378 2947 618 3007 iacebat
654 2961 944 3022 campus;
1002 2947 1194 3008 colles
1244 2948 1637 3010 imminebant
1682 2949 1829 3010 nudi
1877 2949 2126 3012 sinistro
2168 2950 2338 3012 lateri

378 3029 997 3105 Carthaginiensium,
1041 3031 1256 3094 dextro
1286 3033 1732 3108 Romanorum,
1776 3033 2008 3095 neutris
2045 3033 2335 3112 suspecti,

378 3112 545 3188 quod
576 3111 723 3173 nihil
753 3112 948 3174 silvae
976 3129 1179 3190 neque
1205 3117 1287 3176 ad
1328 3117 1585 3179 insidias
1612 3116 1983 3178 latebrarum
2007 3117 2334 3180 habebant.

376 3195 437 3255 in
480 3197 682 3257 medio
729 3211 946 3273 campo
990 3197 1066 3258 ab
1108 3199 1472 3262 stationibus
1529 3208 1965 3276 procursantes
2007 3202 2334 3263 certamina

374 3279 538 3340 haud
568 3280 717 3342 satis
743 3281 933 3356 digna
950 3281 1116 3343 dictu
1145 3282 1449 3345 serebant.
1493 3282 1558 3345 id
1578 3285 1766 3345 modo
1780 3286 2122 3348 Romanum
2145 3301 2320 3362 quae·

374 3377 510 3422 rere
539 3365 889 3440 apparebat,
924 3381 1002 3426 ne
1021 3365 1191 3426 abire
1211 3367 1452 3429 hostem
1476 3375 1809 3444 patereturx
1842 3368 2144 3430 Hannibal
2171 3368 2330 3430 elabi

374 3440 515 3506 inde
540 3448 791 3523 cupiens
816 3447 957 3510 totis
980 3449 1211 3511 viribus
1241 3452 1303 3510 in
1335 3451 1528 3512 aciem
1553 3452 1989 3514 descendebat.
2032 3459 2159 3514 tum
2181 3468 2324 3516 con-
