2550 3959
265 238 394 303 348
593 239 819 301 LIBER
844 238 1027 299 XXX.
1072 238 1238 299 cAP.
1262 248 1354 302 26.
1381 246 1470 302 27.
1519 244 1590 313 [a.
1626 246 1691 299 υ.
1723 265 1769 300 c.
1795 249 1920 315 550]

262 394 333 455 (2.
373 394 661 474 Aurelius
703 394 895 454 Cotta.
958 392 1204 453 comitia
1244 392 1378 453 eius
1419 394 1562 453 anni
1601 402 1796 455 utrum
1843 394 1918 455 C.
1939 392 2238 458 Servilius

268 474 487 540 consul
518 478 812 551 habuerit,
854 492 964 551 an,
1015 476 1161 553 quia
1191 492 1330 536 eum
1360 474 1422 536 in
1448 476 1690 537 Etruria
1717 478 2020 538 tenuerint
2047 496 2236 553 quae·

264 562 501 625 stiones
530 577 611 622 ex
638 566 892 622 senatus
922 560 1207 621 consulto
1236 559 1318 621 de
1345 558 1864 623 coniurationibus
1887 560 2239 639 principum

262 645 603 717 habendae,
648 645 911 706 dictator
936 643 1015 704 ab
1043 658 1121 705 eo
1150 642 1351 705 dictus
1377 643 1445 704 P.
1473 641 1801 719 Sulpicius,
1844 645 2139 707 incertum
2167 653 2234 709 ut

264 730 343 791 sit
372 728 603 791 diversi
633 734 921 790 auctores
952 726 1200 789 iaciunt.

430 812 673 875 XXVII.
714 810 1023 888 Principio
1051 809 1436 888 insequentis
1456 810 1690 871 anniM.
1708 809 2006 891 Servilius
2031 812 2234 874 etTib.

265 896 550 957 Claudius
581 901 800 957 senatu
830 894 892 956 in
922 895 1285 972 capitolium
1312 900 1537 956 vocato
1565 895 1648 954 de
1685 894 2020 971 provinciis
2047 903 2233 959 rettu-

262 981 481 1040 lerunt.
539 980 773 1040 Italiam
812 986 1003 1057 atque
1044 979 1318 1039 Africam
1361 979 1420 1039 in
1466 984 1694 1039 sortem
1733 978 1920 1053 coici,
1962 980 2238 1041 Africam

263 1064 445 1125 ambo
488 1064 806 1140 cupientes
822 1108 839 1139 ,
884 1062 1194 1125 volebant.
1264 1067 1532 1123 ceterum
1576 1062 1645 1136 Q.
1685 1061 1929 1124 Metello
1971 1065 2236 1125 maxime

262 1148 571 1209 adnitente
612 1162 813 1225 neque
854 1154 1077 1223 negata
1112 1162 1316 1221 neque
1357 1146 1502 1206 data
1539 1152 1636 1206 est
1660 1146 1901 1206 African
1943 1149 2235 1209 consules

261 1230 416 1293 iussi
446 1246 586 1293 cum
614 1229 869 1293 tribunis
901 1230 1100 1307 plebis
1128 1246 1332 1305 agere,
1369 1236 1454 1304 ut,
1485 1230 1540 1288 si
1568 1230 1646 1289 iis
1673 1228 2004 1305 videretur,
2035 1248 2232 1308 popu-

262 1315 388 1377 lum
410 1324 714 1393 rogarent,
744 1330 925 1391 quem
946 1312 1173 1375 velle'nt
1192 1314 1253 1373 in
1267 1311 1494 1383 Africa,
1503 1312 1730 1374 bellum
1749 1329 1984 1389 gerere.
2016 1329 2232 1377 omnes

260 1398 455 1461 tribus
476 1398 541 1459 P.
564 1398 919 1476 Scipionem
946 1398 1276 1459 iusserunt.
1322 1396 1510 1457 nihilo
1539 1398 1742 1458 minus
1770 1398 2062 1460 consules
2090 1415 2232 1475 pro-

262 1483 531 1543 vinciam
570 1483 841 1547 Africam
892 1514 971 1529 --
1014 1485 1099 1543 ita
1141 1481 1304 1542 enim
1344 1487 1596 1543 senatus
1637 1479 2000 1544 decreverat
2033 1516 2122 1531 --·
2170 1484 2233 1542 in

264 1575 493 1628 sortem
523 1566 933 1629 coniecerunt.
1002 1566 1133 1627 Tib.
1166 1564 1420 1627 Claudio
1449 1564 1660 1625 Africa
1688 1566 1919 1639 evenit,
1957 1571 2027 1627 ut
2041 1566 2229 1641 ›quin-

264 1650 555 1728 quaginta
580 1649 827 1710 navium
858 1652 1141 1725 classem,
1185 1663 1400 1710 omnes
1431 1648 1936 1725 quinqueremes,
1980 1650 2041 1710 in
2072 1648 2230 1711 Afri-

263 1750 400 1795 cam
438 1734 749 1806 traiceret,
795 1732 1053 1809 parique
1090 1732 1352 1808 imperio
1395 1747 1532 1793 cum
1571 1732 1864 1808 Scipione
1902 1733 2238 1809 imperator

262 1823 461 1890 esset3
499 1817 581 1877 Μ.
604 1816 903 1878 Servilius
920 1817 1221 1879 Etruriam
1248 1814 1522 1878 sortitus,
1577 1817 1638 1876 in
1669 1816 1886 1877 eadem
1914 1817 2236 1893 provincia

262 1908 325 1962 et
352 1902 414 1961 C.
448 1901 709 1962 Servilio
744 1908 1137 1977 prorogatum
1164 1899 1516 1977 imperium,
1555 1900 1611 1961 si
1638 1901 1958 1962 consulem
1983 1916 2234 1962 manere
2357 1946 2366 1957 .

263 1986 344 2046 ad
372 1984 585 2047 urbem
614 1991 835 2047 senatu
864 1985 1218 2060 placuisset.
1263 1990 1582 2059 praetores
1604 1984 1685 2043 M.
1711 1984 1959 2045 Sextius
1978 1984 2234 2045 Galliam

263 2075 360 2129 est
400 2069 676 2141 sortitus,
718 2075 789 2128 ut
825 2069 983 2128 duas
1024 2069 1302 2143 legiones
1345 2068 1853 2144 provinciamque
1879 2068 2146 2129 traderet
2174 2069 2232 2130 ei

260 2152 325 2212 P.
369 2151 725 2225 Quinctilius
751 2152 989 2223 Varus;
1034 2153 1098 2212 C.
1127 2149 1340 2213 Livius
1373 2150 1651 2212 Bruttios·
1685 2167 1822 2212 cum
1862 2151 2103 2213 duabus
2144 2155 2230 2213 le-

262 2235 581 2312 gionibus,
626 2236 855 2312 quibus
896 2234 961 2295 P.
992 2234 1395 2311 Sempronius
1445 2236 1777 2311 proconsul
1821 2235 2045 2310 prioris
2089 2236 2232 2297 anni

260 2321 640 2397 praefuerat3
675 2321 781 2382 Cn.
804 2320 1162 2381 Tremellius
1186 2319 1475 2394 Siciliam,
1506 2325 1572 2379 ut
1599 2336 1637 2379 a
1656 2317 1720 2378 P.
1743 2318 1929 2380 Villio
1949 2319 2230 2395 Tappulo

261 2411 545 2480 praetore
575 2403 799 2481 prioris
829 2404 971 2465 anni
1000 2401 1382 2479 provinciam
1409 2407 1469 2463 et
1495 2403 1654 2463 duas
1683 2402 1960 2479 legiones
1989 2404 2230 2479 accipe·

259 2496 383 2559 ret3
427 2488 649 2549 Villius
680 2504 795 2564 pro
826 2494 1113 2563 praetore
1141 2486 1354 2563 viginti
1382 2487 1645 2548 navibus
1676 2486 1897 2563 longiS,
1939 2486 2236 2550 militibus

258 2572 423 2631 mille
454 2588 624 2634 oram
653 2571 902 2633 Siciliae
934 2578 1259 2641 tutaretur;
1301 2570 1366 2631 Μ
1411 2570 1787 2647 Pomponius
1817 2570 2030 2647 viginti
2057 2572 2232 2631 navi-

258 2654 377 2717 bus
408 2654 663 2732 reliquis
702 2656 867 2715 mille
909 2662 969 2715 et
999 2655 1367 2731 quingentos
1395 2654 1616 2716 milites
1646 2656 1904 2715 Romam
1943 2655 2231 2731 deporta-

258 2745 385 2810 ret3
419 2738 481 2800 C.
513 2739 765 2801 Aurelio
796 2738 1013 2799 Cottae
1042 2739 1273 2799 urbana
1303 2740 1522 2799 evenit.
1563 2739 1784 2801 ceteris
1814 2738 1916 2813 ita,
1944 2738 2030 2800 uti
2062 2740 2231 2815 quis·

262 2838 385 2899 que
400 2822 752 2885 obtinebant
767 2822 1118 2899 provincias
1135 2823 1585 2899 exercitusque,
1611 2828 1942 2899 prorogata
1954 2822 2233 2899 imperia.

264 2907 538 2969 sedecim
566 2923 689 2968 non
723 2905 987 2983 amplius
1018 2922 1092 2967 eo
1126 2924 1286 2967 anno
1317 2906 1662 2987 legionibus
1685 2907 2010 2968 defensum
2037 2907 2230 2983 impe·

256 2990 414 3052 rium
444 2996 555 3052 est.
620 2998 682 3053 et
706 2996 776 3051 ut
803 2990 1061 3067 placatis
1094 2990 1191 3051 dis
1236 2989 1442 3053 omnia
1469 2990 1810 3066 inciperent
1835 2997 2227 3067 agerentque,

258 3076 473 3148 ludos,
516 3090 676 3151 quos
706 3074 787 3135 M.
821 3074 1073 3136 Claudio
1119 3074 1409 3135 Marcello
1449 3074 1515 3134 T.
1547 3074 1827 3149 Quinctio
1871 3073 2229 3136 consulibus

254 3159 323 3219 T.
354 3159 618 3221 Manlius
648 3158 929 3233 dictator,
972 3174 1257 3234 quasque
1287 3157 1522 3219 hostias
1553 3158 1818 3220 maiores
1846 3166 2134 3232 voverat,
2173 3158 2228 3219 si

257 3260 373 3319 per
397 3243 878 3319 quinquennium
906 3258 1010 3303 res
1037 3242 1284 3318 publica
1313 3242 1534 3303 eodem
1565 3249 1724 3303 statu
1755 3240 1990 3316 fuisset,
2024 3247 2089 3302 ut
2115 3256 2227 3302 eos

255 3327 441 3388 ludos
466 3328 774 3400 consules,
806 3327 1166 3403 priusquam
1196 3327 1275 3387 ad
1298 3326 1525 3387 bellum
1553 3325 2106 3401 proficiscerentur,
2137 3326 2226 3385 fa-

257 3416 484 3471 cerent.
560 3410 685 3471 ludi
724 3412 786 3471 in
826 3411 989 3471 circo
1033 3425 1147 3487 per
1186 3410 1595 3485 quadriduum
1639 3409 1811 3482 facti,
1863 3408 2230 3485 hostiaeque

256 3494 479 3569 quibus
509 3500 691 3554 votae
720 3502 891 3556 erant
919 3494 1017 3555 dis
1049 3509 1290 3555 caesae.
