2550 3959
582 118 805 207 LIBER
834 147 1043 207 xxix.
1090 146 1256 205 cAP.
1291 154 1342 209 7.
1371 155 1425 208 ε.
1471 152 1543 220 [a.
1577 154 1641 204 c.
1672 154 1796 219 ωε]
2047 146 2166 211 287

218 304 267 362 is
300 301 377 361 ab
408 296 561 359 urbe
589 298 805 358 Locris
836 297 1013 357 abest
1038 328 1127 341 --
1166 296 1376 357 nuntio
1404 297 1777 373 praemisso,
1821 305 1886 357 ut
1915 299 2008 359 sui
2041 302 2176 360 luce

216 386 411 463 prima
453 398 691 443 summa
726 381 789 440 vi
821 380 1123 458 proelium
1166 396 1304 441 curn
1333 380 1623 441 RomaniS
1664 396 1738 441 ac
1765 380 2176 444 Locrensibus

218 474 658 537 consererent?
680 464 827 527 dum
852 464 989 541 ipse
1020 465 1259 525 aversis
1293 465 1574 525 omnibus
1606 465 1666 525 in
1693 481 1831 525 eum
1862 470 2177 529 tumultum

122 602 129 609 .
214 553 293 613 ab
328 561 501 627 tergo
530 551 742 611 urbem
768 550 1077 611 incautam
1102 548 1558 626 adgrederetur,
1597 550 1703 609 ubi
1733 549 1870 611 luce
1898 562 2176 627 coeptam

214 636 443 699 invenit
483 650 784 711 pugnam,
830 634 965 710 ipse
1006 648 1121 693 nec
1163 633 1223 691 in
1266 648 1472 695 arcem
1511 650 1580 693 se
1621 633 1958 707 includere,
2002 636 2178 695 turba

214 724 416 783 locum
460 726 657 778 artum
697 718 1132 793 impediturus,
1176 716 1396 791 voluit,
1439 732 1644 795 neque
1673 718 1908 792 scalaS,
1957 720 2176 794 quibus

216 806 541 866 scanderet
568 818 797 875 muros,
829 804 1127 862 attulerat.
1190 802 1448 861 sarcinis
1477 803 1540 862 in
1569 817 1856 863 acervum
1887 804 2177 864 coniectis

215 906 348 951 cum
378 887 547 951 haud
576 888 788 962 procul
812 886 1001 946 muris
1031 884 1110 945 ad
1143 891 1436 945 terrorem
1455 885 1724 947 hostium
1753 887 1948 947 aciem
1976 896 2177 949 osten·

214 975 425 1048 disset,
470 987 607 1031 cum
638 970 943 1046 equitibus
966 969 1239 1029 Numidis
1271 969 1732 1045 circumequitat
1757 970 1988 1046 urbem,
2035 973 2176 1033 dum

214 1057 423 1119 scalae
464 1071 747 1131 quaeque
774 1054 895 1114 alia
923 1054 1004 1113 ad
1044 1054 1531 1130 oppugnandum
1559 1071 1718 1131 opus
1759 1062 1932 1115 erant
1960 1072 2178 1131 paran-

215 1150 341 1215 tur,
386 1140 467 1201 ad
498 1139 820 1202 visendum
864 1154 986 1214 qua
1013 1138 1279 1198 maxime
1309 1146 1482 1214 parte
1515 1139 1970 1214 adgrederetur.
2039 1156 2178 1217 pro-

212 1240 469 1301 gressus
492 1224 575 1284 ad
596 1240 847 1296 murum,
881 1224 1210 1298 scorpione
1232 1222 1352 1283 icto
1380 1222 1483 1297 qui
1512 1222 1830 1298 proximus
1861 1240 2000 1283 eum
2026 1224 2176 1285 forte

214 1315 485 1385 steterat,
515 1308 757 1369 territus
788 1307 932 1366 inde
953 1314 1075 1367 tam
1104 1307 1455 1383 periculoso
1480 1322 1632 1367 casu
1658 1308 1932 1383 receptui
1955 1323 2176 1367 canere

204 1411 355 1455 cum
382 1392 697 1467 iussisset,
737 1398 939 1451 castra
967 1391 1184 1468 procul
1214 1391 1291 1451 ab
1333 1392 1452 1451 ictu
1481 1391 1585 1451 teli
1613 1393 1958 1452 communit.
2024 1392 2178 1451 clas-

214 1479 305 1540 sis
320 1479 599 1538 Romana
626 1492 663 1537 a
682 1476 1221 1537 MessanaLocros
1253 1475 1490 1551 aliquot
1517 1476 1687 1536 horis
1718 1476 1820 1537 die
1843 1483 2179 1551 superante

212 1562 509 1631 accessit;
557 1560 822 1637 expositi
853 1575 1067 1621 omnes
1098 1576 1133 1621 e
1157 1560 1420 1621 navibus
1451 1567 1510 1620 et
1537 1566 1678 1620 ante
1708 1575 1998 1621 occasum
2028 1560 2178 1620 solis

210 1646 429 1709 urbem
459 1646 723 1721 ingressi
752 1651 909 1705 sunt.
951 1651 1202 1720 postero
1234 1644 1335 1705 die
1367 1650 1588 1720 coepta
1615 1658 1695 1703 ex
1722 1659 1864 1703 arce
1893 1660 1931 1703 a
1955 1642 2178 1705 Poenis

212 1746 455 1809 pugna,
500 1735 563 1791 et
588 1728 891 1789 Hannibal
932 1729 1053 1790 iam
1094 1729 1281 1789 scalis
1323 1730 1586 1803 aliisque
1625 1727 1906 1787 omnibus
1947 1728 2028 1787 ad
2069 1744 2179 1803 op-

214 1814 652 1894 pugnationem
681 1814 911 1890 paratis
943 1812 1187 1873 subibat
1213 1828 1451 1885 muroS,
1499 1828 1636 1873 cum
1667 1818 1920 1887 repente
1949 1812 2010 1871 in
2042 1827 2179 1871 eum

212 1900 367 1963 nihil
393 1899 593 1959 minus
620 1914 801 1973 quam
830 1899 951 1959 tale
982 1899 1308 1973 quicquam
1337 1896 1642 1957 timentem
1673 1896 1976 1971 patefacta
2005 1902 2182 1971 porta

212 1988 548 2058 erumpunt
574 1982 851 2046 Romani.
895 1982 977 2041 ad
1004 1983 1304 2043 ducentos
1335 1981 1716 2057 improvidos
1751 1997 1886 2041 cum
1921 1980 2179 2041 invasis-

212 2073 355 2129 sent
384 2066 697 2128 occiduntz
742 2072 982 2127 ceteros
998 2065 1318 2139 Hannibal,
1347 2073 1416 2130 ut
1443 2065 1758 2127 consulem
1787 2066 2014 2125 adesse
2042 2080 2180 2125 sen-

212 2152 315 2226 sit,
360 2152 421 2211 in
452 2158 655 2212 castra
681 2150 927 2227 recipit,
975 2150 1312 2224 nuntioque
1340 2150 1530 2210 misso
1561 2150 1644 2209 ad-
1671 2165 1782 2210 eos
1815 2150 1919 2224 qui
1949 2149 2010 2207 in
2041 2161 2181 2209 arce

213 2243 419 2309 erant,
474 2241 543 2295 ut
591 2234 834 2295 sibimet
879 2233 999 2309 ipsi
1044 2234 1462 2306 consulerent,
1521 2238 1700 2292 nocte
1740 2233 1920 2293 motis
1963 2233 2178 2293 castris

214 2320 382 2380 abiit.
447 2326 509 2379 et
538 2319 642 2394 qui
686 2319 745 2379 in
788 2333 930 2379 arce
959 2323 1161 2390 erant,
1206 2316 1330 2393 igni
1372 2316 1593 2376 iniecto
1623 2315 1797 2376 tectis
1830 2332 1988 2390 quae
2015 2322 2176 2375 tene·

214 2406 392 2479 bant,
438 2409 503 2463 ut
544 2403 597 2463 is
638 2404 927 2464 tumultus
967 2401 1209 2462 hostem
1250 2405 1612 2474 moraretur,
1670 2416 1888 2475 agmen
1933 2414 2179 2458 suorum

219 2491 405 2563 fugae
432 2486 616 2547 simili
642 2502 829 2548 cursu
858 2494 999 2547 ante
1021 2492 1263 2547 noctem
1293 2483 1572 2545 adsecuti
1602 2489 1760 2544 sunt.
1847 2482 2006 2541 VIII.
2053 2480 2180 2541 Sci-

220 2573 323 2649 pio
355 2578 421 2634 ut
448 2578 510 2631 et
536 2586 739 2631 arcem
765 2570 1037 2631 relictam
1065 2570 1142 2631 ab
1166 2568 1448 2631 hostibus
1479 2574 1539 2628 et
1567 2581 1763 2627 vacua
1784 2566 1936 2627 vidit
1965 2570 2180 2635 castra,

220 2662 481 2717 vocatos
512 2655 593 2716 ad
624 2654 969 2717 contionem
994 2654 1340 2715 Locrenses
1375 2652 1640 2729 graviter
1669 2650 1748 2711 ob
1780 2648 2179 2711 defectionem

222 2738 559 2810 incusavit3
629 2740 708 2799 de
732 2738 1097 2805 ‚auctoribus
1134 2736 1505 2815 supplicium
1543 2734 1836 2811 sumpsit,
1893 2733 2180 2807 bonaque

216 2840 434 2887 eorum
484 2824 731 2885 alterius
766 2821 1047 2884 factionis
1090 2819 1470 2898 principibus
1513 2820 1612 2881 ol?
1641 2819 1948 2893 egregiam
1999 2816 2182 2875 fidem

221 2910 521 2969 adversus
551 2909 866 2969 Romanos
910 2907 1235 2967 concessit.
1304 2904 1548 2981 publice
1591 2919 1704 2961 nec
1735 2901 1884 2961 dare
1911 2914 2026 2959 nec
2067 2900 2181 2958 eri-

224 3008 373 3066 pere
410 3008 478 3051 se
522 2992 849 3067 quicquam
891 2987 1300 3051 Locrensibus
1349 2988 1518 3049 dixit.
1584 2987 1840 3047 Romam
1881 2984 2184 3055 mitterent

222 3076 483 3149 legatos=
531 3091 713 3150 quam
742 3079 989 3137 senatus
1020 3088 1282 3149 aequum
1314 3072 1672 3145 censuisset,
1717 3085 1851 3130 eam
1881 3070 2178 3129 fortunam

225 3156 559 3220 habituros.
624 3160 769 3219 illud
801 3158 951 3219 satis
974 3158 1157 3230 scire,
1203 3156 1317 3217 etsi
1347 3157 1505 3217 male
1536 3156 1614 3215 de
1646 3154 1873 3232 populo
1904 3153 2179 3211 Romano

223 3232 435 3303 meriti'
448 3250 673 3318 essent,
702 3244 761 3304 in
790 3242 1043 3305 meliore
1073 3248 1233 3301 statu
1262 3240 1377 3299 sub
1408 3238 1576 3299 iratis
1601 3237 1894 3300 Romanis
1925 3236 2176 3305 suturoS,

226 3342 409 3402 quam
440 3326 555 3387 sub
585 3326 795 3387 amicis
818 3323 1414 3401 Carthaginiensibus
1447 3321 1684 3384 suerint.
1731 3322 1868 3398 ipsc
1889 3318 2178 3379 Pleminio

224 3410 425 3486 legato
464 3409 923 3487 praesidioque,
982 3409 1149 3485 quod
1194 3423 1394 3467 arcem
1441 3412 1717 3481 ceperat,
1775 3405 1854 3465 ad
1897 3404 2178 3465 tuendam
