2550 3959
300 213 425 276 266
600 209 831 270 LIBER
857 208 1125 270 XXVIII.
1170 207 1340 268 CAP.
1369 215 1457 270 39.
1481 215 1568 270 40.
1612 215 1681 282 [a.
1716 214 1789 266 U.
1819 231 1866 267 c.
1897 214 2022 281 54⁷]

302 373 466 428 recte
494 371 555 425 et
583 364 797 426 ordine
826 369 886 424 et
914 377 993 422 ex
1021 363 1336 423 voluntate
1367 366 1618 422 senatus
1648 361 1905 434 fecisse,
1955 361 2126 436 quod
2157 358 2263 424 Sa·

302 455 553 527 guntum
590 447 966 509 restituerint
1006 445 1302 520 civesque
1334 442 1990 520 Saguntinosservitio
2023 461 2268 508 exeme-

301 535 451 604 rint;
498 547 786 608 quaeque
828 531 948 591 alia
986 529 1077 590 eis
1118 527 1384 604 benigne
1425 529 1707 604 fecerint,
1753 543 1828 590 ea
1868 537 2146 591 senatum
2187 530 2272 591 ita

301 616 577 688 voluisse
606 615 761 678 fieri.
806 613 1035 675 domum
1061 613 1510 689 permitterent
1538 614 1596 672 in
1625 609 1920 689 Capitolio
1943 621 2270 688 ponerent.

302 704 479 765 locus
530 700 675 762 inde
714 697 1023 775 lautiaque
1064 696 1280 772 legatis
1323 697 1603 774 praeberi
1645 696 1847 772 iussa,
1899 705 1960 758 et
1997 699 2269 759 muneris

304 787 435 846 dari
467 800 547 846 ne
573 784 777 851 minus
806 781 966 843 dena
992 781 1156 842 milia
1178 779 1359 841 aer1s.
1405 782 1742 856 legationes
1767 780 1992 842 deinde
2023 789 2269 844 ceterae

303 873 367 930 in
400 874 669 932 senatum
702 868 1077 928 introductae
1110 865 1501 942 auditaeque.
1559 871 1620 925 et
1646 865 1995 941 petentibus
2027 865 2270 942 Sagun-

304 953 475 1028 tiniS,
502 959 599 1026 ut,
632 959 935 1028 quatenus
962 955 1093 1012 tuto
1122 955 1414 1025 possent,
1456 949 1686 1010 Italiam
1720 955 2063 1025 spectatum
2089 949 2268 1025 irent,

305 1038 497 1098 duces
528 1035 654 1097 dati
681 1037 1039 1111 litteraeque
1065 1049 1179 1110 per
1208 1033 1440 1110 oppida
1461 1033 1706 1110 missae,
1733 1041 1804 1104 ‚ut
1823 1033 2137 1112 Hispanos
2163 1050 2259 1096 co-

307 1121 483 1182 miter
511 1121 879 1195 acciperent.

468 1205 618 1264 Tum
642 1203 719 1267 de
741 1219 809 1264 re
832 1202 1097 1280 publica,
1129 1203 1207 1262 de
1229 1202 1601 1264 exercitibus
1627 1202 1990 1278 scribendis,
2023 1203 2100 1263 de
2121 1219 2267 1278 pro-

301 1287 520 1349 vinciis
574 1289 849 1350 relatum.
876 1321 885 1330 ·
922 1287 1045 1348 XL.
1110 1302 1248 1348 cum
1294 1287 1565 1347 Africam
1619 1303 1841 1348 novam
1887 1287 2268 1362 provinciam

305 1380 479 1434 extra
521 1377 748 1434 sortem
776 1371 842 1430 P.
876 1369 1152 1446 Scipioni
1194 1370 1490 1432 destinari
1517 1370 1798 1433 homines
1828 1372 1989 1431 fama
2017 1371 2265 1446 ferrent,

304 1465 367 1517 et
401 1457 539 1531 ipse
578 1457 746 1518 nulla
782 1455 903 1516 iam
930 1455 1172 1515 modica
1210 1455 1408 1529 gloria
1436 1461 1757 1517 contentus
1787 1471 1910 1515 non
1940 1455 2016 1515 ad
2045 1469 2264 1530 geren-

304 1541 449 1600 dum
488 1539 674 1600 modo
716 1539 939 1598 bellum
970 1538 1083 1598 sed
1114 1539 1191 1598 ad
1221 1538 1556 1599 finiendum
1589 1539 1820 1600 diceret
1847 1554 1917 1599 se
1946 1539 2266 1600 consulem

302 1625 675 1684 declaratum
705 1637 878 1696 esse,
920 1636 1123 1698 neque
1156 1621 1328 1682 aliter
1357 1622 1418 1682 id
1448 1622 1602 1682 fleri.
1611 1638 1804 1698 posse
1833 1639 2014 1700 quam
2041 1623 2097 1683 si
2123 1623 2266 1699 ipse

302 1709 361 1767 in
391 1706 662 1768 Africam
694 1705 1029 1768 exercitum
1056 1712 1516 1782 transportaret,
1567 1712 1628 1767 et
1655 1713 1930 1768 acturum
1961 1721 2031 1768 se
2059 1707 2123 1766 id
2151 1723 2268 1781 per

302 1793 600 1866 populum
630 1797 841 1866 aperte
872 1791 1083 1865 ferret,
1126 1789 1180 1850 si
1208 1796 1462 1851 senatus
1494 1790 1952 1862 adversaretur,
1971 1790 2034 1851 id
2061 1791 2264 1852 consi-

300 1877 457 1957 lium*
472 1874 949 1950 haudquaquam
978 1873 1350 1950 primoribus
1380 1881 1619 1950 patrum
1650 1890 1785 1935 cum
1813 1875 2114 1950 placeret,
2165 1889 2265 1935 ce-

301 1960 412 2020 teri
443 1975 555 2033 per
580 1965 807 2018 metum
838 1965 943 2018 aut
970 1959 1359 2018 ambitionem
1386 1964 1748 2032 mussarent,
1784 1957 1850 2032 Q.
1880 1957 2105 2019 Fabius
2133 1957 2265 2018 Ma-

304 2043 501 2102 ximus
542 2047 797 2116 rogatus
842 2043 1233 2102 sententiam
1299 2042 1470 2116 „scio
1513 2041 1718 2102 multis
1747 2050 2018 2104 vestrum
2047 2041 2262 2117 videri,

302 2133 507 2202 patres
539 2125 891 2200 conscripti,
921 2139 1053 2184 rem
1083 2131 1281 2186 actam
1311 2125 1609 2186 hodierno
1641 2125 1741 2186 die
1771 2127 1902 2202 agi,
1947 2133 2008 2185 et
2035 2127 2260 2188 frustra

298 2207 643 2270 habiturum
672 2209 1008 2270 orationem
1041 2209 1145 2285 qui
1172 2216 1480 2285 tamquam
1503 2209 1580 2269 de
1608 2209 1845 2284 integra
1864 2225 1933 2270 re
1957 2205 2034 2268 de
2056 2209 2266 2268 Africa

299 2292 615 2369 provincia
666 2293 1027 2356 sententiam
1076 2293 1316 2354 dixerit.
1388 2309 1504 2369 ego
1555 2300 1758 2354 autem
1802 2293 2064 2372 primum
2112 2293 2262 2354 illud

298 2379 534 2453 ignoro,
582 2393 765 2451 quem
793 2377 875 2436 ad
902 2377 1151 2441 modum
1181 2384 1351 2438 certa
1379 2376 1500 2437 iam
1530 2378 1850 2452 provincia
1877 2375 2087 2437 Africa
2116 2393 2262 2438 con-

298 2462 451 2523 sulis
494 2459 610 2522 viri
653 2461 825 2522 fortis
866 2477 939 2522 ac
967 2461 1200 2522 strenui
1228 2461 1338 2535 sit,
1386 2477 1566 2537 quam
1602 2477 1718 2522 nec
1747 2469 1998 2523 senatus
2027 2461 2265 2522 censuit

297 2545 359 2605 in
384 2545 547 2606 hunc
579 2561 804 2606 annum
833 2544 1213 2622 provinciam
1244 2561 1388 2606 esse
1416 2561 1532 2604 nec
1560 2545 1830 2622 populus
1859 2544 2057 2606 iussit.
2092 2543 2264 2605 dein-

298 2630 393 2703 de,
426 2630 481 2689 si
511 2637 622 2704 est,
656 2630 972 2690 consulem
998 2643 1263 2704 peccare
1293 2628 1571 2703 arbitror,
1617 2629 1721 2704 qui
1752 2629 1830 2689 de
1857 2645 1924 2689 re
1954 2635 2264 2690 transacta

298 2712 639 2774 simulando
673 2729 743 2772 se
770 2714 1003 2772 referre
1030 2718 1313 2774 senatum
1345 2711 1606 2773 ludibrio
1637 2712 1840 2788 habet,
1871 2729 1994 2774 non
2018 2719 2260 2773 senato·

296 2812 425 2856 rem
465 2796 683 2872 modo,
730 2797 834 2873 qui
876 2796 954 2855 de
986 2813 1110 2872 quo
1153 2796 1492 2859 consulitur
1521 2813 1636 2857 suo
1665 2799 1806 2858 loco
1840 2797 1988 2857 dicit
2013 2802 2261 2857 senten·

296 2882 458 2941 tiam.
530 2885 716 2955 atque
756 2895 875 2955 ego
920 2886 1150 2941 certum
1189 2879 1392 2941 habeo
1435 2880 1817 2942 dissentienti
1860 2880 2005 2940 mihi
2035 2879 2114 2940 ab
2143 2880 2264 2940 ista

295 2963 683 3025 festinatione
724 2963 785 3023 in
814 2963 1086 3025 Africam
1114 2962 1434 3024 traiciendi
1473 2964 1732 3026 duarum
1757 2980 1964 3026 rerum
1991 2964 2260 3026 subeun-

296 3046 817 3122 dam-opinionem
855 3061 1031 3107 essee
1074 3047 1275 3123 uniuS,
1321 3047 1540 3109 insitae
1569 3048 1813 3123 ingenio
1843 3063 1980 3110 meo
2013 3054 2262 3110 cuncta-

294 3131 509 3208 tionis,
556 3146 739 3206 quam
780 3137 1005 3192 metum
1045 3130 1478 3207 pigritiamque
1517 3132 1798 3193 homines
1826 3133 2256 3194 adolescentes

298 3230 449 3276 sanc
488 3216 829 3291 appellent,
874 3214 1018 3274 dum
1047 3231 1125 3274 ne
1158 3215 1470 3290 paeniteat
1499 3215 1701 3276 adhuc
1727 3217 1984 3279 aliorum
2015 3217 2259 3292 specio—

296 3297 462 3359 siora
502 3298 699 3374 primo
742 3306 999 3375 aspectu
1040 3298 1298 3358 consilia
1339 3315 1586 3374 semper
1612 3299 1780 3375 visa,
1822 3316 1961 3361 mea
1987 3317 2108 3360 usu
2134 3315 2260 3360 me-

295 3383 477 3451 liora;
549 3383 796 3444 alterius
813 3429 827 3456 ‚
890 3382 1344 3444 obtrectationis
1402 3389 1584 3459 atque
1639 3383 1906 3445 invidiae
1955 3385 2258 3446 adversus

298 3471 673 3526 crescentem
726 3467 785 3526 in
838 3467 973 3527 dies
1021 3466 1277 3542 gloriam
1329 3465 1642 3527 fortissimi
1695 3468 1988 3528 consulis.
2057 3484 2096 3527 a
2137 3482 2262 3544 qua
