2550 3959
614 214 841 274 LIBER
868 214 1139 274 XXVIII.
1186 213 1353 276 CAP.
1374 221 1464 277 32.
1506 221 1582 288 [a.
1609 221 1675 274 C.
1699 216 1824 292 206]
2079 219 2204 282 257

240 368 359 429 bus
384 364 661 444 peditum
675 411 689 438 ‚
736 365 1009 441 equitum
1038 363 1282 431 duobus
1311 365 1554 432 milibus
1583 372 1643 429 et
1671 366 2017 442 quingentis
2043 375 2206 432 tran·

238 451 630 525 scenderunt.
699 450 937 514 XXXII.
1005 448 1248 527 Scipio,
1301 466 1442 515 cum
1475 449 1602 513 fide
1643 451 1928 514 solvendi
1975 453 2205 530 pariter

243 535 531 599 omnibus
572 533 779 598 noxiis
818 533 1213 610 innoxiisque
1252 532 1546 612 stipendii
1584 540 1712 598 tum
1749 536 1922 597 vultu
1961 552 2036 598 ac
2077 554 2205 600 ser·
2258 586 2263 590 .

237 633 424 680 mone
449 618 512 678 in
542 633 757 680 omnes
788 619 1028 693 placato
1060 617 1238 679 facile
1258 617 1670 682 reconciliatis
1691 619 1944 682 militum
1967 619 2207 700 animis,

238 703 605 780 priusquam
634 709 839 767 castra
865 702 943 762 ab
974 701 1338 780 Carthagine
1361 709 1655 781 moveret,
1701 703 1988 766 contione
2017 705 2208 768 advo-

240 793 379 850 cata
420 785 625 851 multis
666 786 877 854 verbis
918 786 980 848 in
1022 785 1348 865 perfidiam
1387 785 1813 850 rebellantium
1854 791 2208 864 regulorum

238 871 521 935 invectus
534 915 550 944 ,
594 885 989 947 nequaquam
1030 870 1251 938 eodem
1293 869 1496 934 animo
1535 885 1608 935 se
1637 871 1726 932 ire
1752 871 2084 948 professus
2113 879 2206 936 est

235 955 321 1018 ad
346 954 873 1028 vindicandarum
902 955 1126 1032 scelus,
1158 971 1284 1032 quo
1315 954 1554 1018 civilem
1583 971 1856 1017 errorem
1883 973 2081 1034 nuper
2107 975 2205 1022 sa-

240 1039 496 1103 naverit.
566 1046 693 1105 tum
722 1055 794 1106 se
832 1037 999 1103 haud
1028 1052 1213 1112 secus
1242 1055 1428 1116 quam
1454 1038 1702 1104 viscera
1729 1045 2044 1105 secantem
2071 1058 2207 1119 sua,

238 1140 381 1187 cum
426 1122 655 1198 gemitu
694 1129 755 1186 et
793 1122 1059 1196 lacrimis
1109 1122 1353 1198 triginta
1400 1122 1712 1187 hominum
1755 1123 2057 1200 capitibus
2099 1143 2206 1187 ex·
2321 1157 2326 1166 .

237 1207 452 1285 piasse
496 1213 633 1272 octo
662 1206 907 1275 milium
946 1223 1063 1269 seu
1088 1205 1560 1284 imprudentiam
1585 1223 1704 1276 seu
1731 1223 1988 1292 noxam=
2043 1226 2208 1272 nunc

235 1295 399 1354 laeto
425 1297 491 1365 et
518 1296 723 1354 erecto
752 1290 955 1364 animo
983 1288 1068 1355 ad
1098 1292 1352 1366 caedem
1377 1291 1704 1370 Ilergetum
1731 1292 1842 1354 ire.
1885 1309 2010 1354 non
2042 1295 2203 1356 enim

240 1392 354 1438 eos
384 1390 590 1451 neque
632 1381 813 1450 natos
842 1374 904 1435 in
934 1375 1151 1452 eadem
1178 1382 1344 1439 terra
1372 1390 1488 1450 nee
1515 1377 1640 1438 ulla
1666 1390 1876 1440 secum
1911 1377 2206 1441 societate

236 1461 482 1530 iunctos
512 1474 675 1523 esse.
728 1475 881 1532 eam,
914 1475 1074 1536 quae
1104 1459 1243 1525 sola
1268 1459 1466 1532 fuerit,
1497 1459 1644 1520 fidei
1673 1466 1859 1536 atque
1889 1460 2204 1538 amicitiae,

237 1545 417 1620 ipsos
448 1559 562 1620 per
590 1544 795 1606 scelus
827 1544 1091 1620 rupisse.
1138 1540 1498 1612 inexercitu
1519 1560 1636 1605 suo
1660 1558 1748 1618 se,
1775 1551 2207 1622 praeterquam

240 1628 411 1706 quod
452 1643 667 1690 omnes
708 1627 879 1691 cives
918 1635 1023 1688 aut
1064 1626 1273 1691 socios
1313 1626 1636 1704 Latinique
1677 1627 1941 1689 nominis
1979 1629 2202 1705 videat,

238 1713 421 1774 etiam
450 1728 526 1773 eo
544 1711 809 1787 moveri,
840 1711 1015 1788 quod
1041 1727 1221 1775 nemo
1250 1712 1382 1774 fere
1409 1709 1490 1771 sit
1516 1711 1710 1786 mileS,
1750 1712 1857 1787 qui
1883 1729 2008 1773 non
2038 1721 2143 1775 aut
2169 1729 2207 1774 a

236 1803 459 1872 patruo
500 1795 753 1865 suoCn.
788 1793 1108 1872 Scipione,
1155 1795 1259 1870 qui
1291 1793 1529 1873 primus
1558 1793 1819 1857 Romani
1847 1795 2112 1858 nominis
2141 1798 2204 1860 in

238 1897 377 1942 eam
414 1879 794 1957 provinciam
836 1879 1099 1956 venerit,
1142 1885 1249 1943 aut
1274 1894 1314 1939 a
1341 1886 1514 1954 patre
1545 1880 1802 1942 consule
1831 1886 1936 1942 aut
1963 1897 2002 1940 a
2027 1897 2100 1942 se
2129 1881 2207 1942 sit

238 1981 319 2026 ex
346 1965 519 2026 Italia
558 1965 888 2029 advectusz
934 1963 1292 2039 Scipionum
1333 1963 1594 2039 nomini,
1634 1964 1942 2040 ‚auspiciis
1985 1981 2201 2026 omnes

238 2049 584 2124 adsuetos,-
611 2063 771 2124 quos
801 2062 1015 2111 seeum
1041 2047 1103 2108 in
1135 2047 1394 2124 patriam
1421 2047 1503 2111 ad
1530 2047 1810 2110 meritum
1835 2047 2204 2125 triumphum

240 2134 549 2196 deducere
576 2133 755 2202 velit3
786 2148 946 2209 quos
980 2133 1363 2197 consulatum
1385 2132 1632 2210 petenti,
1662 2135 1832 2195 velut
1859 2131 1914 2194 si
1937 2133 2204 2196 omnium

243 2215 585 2278 communis
628 2222 843 2292 agatur
882 2217 1115 2290 honoS,
1160 2217 1482 2280 adiuturos
1511 2225 1741 2298 speret.
1790 2218 1959 2294 quod
1987 2219 2068 2278 ad
2098 2233 2203 2277 ex—

239 2300 617 2376 peditionem
654 2302 909 2365 attineat
936 2317 1098 2378 quae
1124 2301 1339 2374 instet,
1382 2300 1798 2362 immemorem
1829 2316 1973 2362 esse
2000 2317 2204 2362 rerum

240 2401 491 2448 suarum
530 2391 844 2462 gestarum
886 2387 991 2462 qui
1018 2385 1082 2447 id
1108 2385 1337 2446 bellum
1367 2384 1570 2444 ducat.
1642 2383 1924 2459 Magonis
1955 2385 2205 2446 hercule

238 2469 386 2546 sibi,
432 2470 537 2546 qui
581 2476 755 2530 extra
796 2470 1009 2544 orbem
1049 2476 1346 2536 terrarum
1387 2468 1448 2529 in
1493 2468 1922 2530 circumfusam
1955 2467 2200 2528 Oceano

236 2555 503 2617 insulam
546 2571 683 2616 cum
724 2554 941 2630 paucis
971 2552 1311 2630 perfugerit
1339 2550 1632 2625 navibuS,
1671 2551 1964 2612 maiorem
1996 2567 2204 2612 curam

236 2654 383 2700 esse
434 2655 617 2715 quam
666 2639 1023 2714 Ilergetum:
1088 2637 1318 2714 quippe
1366 2636 1487 2697 illic
1529 2640 1590 2696 et
1628 2635 1848 2698 ducem
1895 2635 2202 2711 Carthagi-

236 2725 516 2784 niensem
566 2730 628 2786 et
670 2731 1227 2800 quantumcumque
1272 2718 1570 2784 Punicum
1617 2719 1994 2803 praesidium
2043 2735 2204 2795 esse,

238 2809 337 2868 hic
366 2809 635 2868 latrones
662 2807 1092 2883 latronumque
1121 2807 1334 2881 duces,
1369 2804 1592 2882 quibus
1620 2812 1688 2868 ut
1708 2805 1789 2866 ad
1810 2803 2203 2884 populandos

234 2891 627 2954 finitlmorum
677 2907 863 2968 agros
911 2898 1197 2968 tectaque
1244 2891 1482 2953 urenda
1529 2897 1592 2952 et
1627 2887 1926 2965 rapienda
1976 2904 2205 2966 pecora

236 2977 446 3050 aliqua
487 2977 583 3038 vis
624 2975 731 3051 sit,
775 2977 859 3037 ita
900 2977 961 3036 in
1004 2975 1137 3038 acie
1180 2991 1254 3036 ac
1280 2975 1476 3053 signis
1507 2974 1745 3037 collatis
1775 2973 2002 3034 nullam
2029 2989 2197 3036 esse·

235 3059 434 3134 magis
475 3059 799 3122 velocitate
828 3060 907 3121 ad
936 3061 1143 3134 fugam
1173 3077 1359 3136 quam.
1384 3059 1568 3120 armis
1600 3056 1791 3119 fretos·
1819 3065 2202 3134 pugnaturos

236 3158 401 3204 esse.
464 3143 673 3219 itaque
714 3151 836 3206 non
882 3144 1053 3220 quod
1092 3145 1280 3204 ullum
1319 3143 1464 3206 inde
1493 3143 1833 3222 periculum
1861 3149 1964 3203 aut
1993 3157 2203 3202 semen

234 3227 483 3288 maioris
508 3228 653 3288 belli
675 3230 898 3303 videat,
924 3229 1065 3288 ideo
1092 3243 1179 3303 se,
1204 3227 1562 3304 priusquam
1583 3225 1902 3305 provincia
1925 3226 2200 3303 decedat,

237 3312 681 3388 opprimendos
713 3315 1006 3388 Ilergetes
1038 3312 1323 3387 duxisse,
1369 3313 1483 3374 sed
1510 3314 1770 3389 primum
1799 3327 1877 3372 ne
1906 3311 2202 3386 impunita

234 3405 358 3458 tam
388 3398 688 3458 scelerata
728 3399 989 3460 defectio
1018 3403 1216 3469 esset,
1256 3396 1485 3459 deinde
1513 3413 1592 3457 ne
1623 3397 1760 3474 quis
1791 3396 1853 3456 in
1882 3394 2204 3471 provincia

238 3481 418 3542 simul
457 3481 679 3552 virtute
719 3489 885 3544 tanta
925 3490 986 3545 et
1027 3481 1310 3544 felicitate
1340 3478 1682 3557 perdomita
1719 3480 1972 3542 reIIctus
2001 3479 2196 3542 hostis

320 3582 373 3622 τ.
417 3580 544 3623 L1V1
588 3581 741 3624 PARS
784 3567 881 3623 111.
942 3576 946 3580 ·
1718 3574 1784 3628 17
