2550 3959
384 198 512 263 306
662 196 893 257 LIBER
920 195 1130 255 XXIX.
1178 195 1345 255 CAP.
1377 206 1463 257 24.
1496 204 1582 257 25,
1629 201 1700 268 [a.
1736 202 1804 252 U.
1835 218 1882 253 c.
1913 201 2039 269 548]

382 352 440 409 in
462 350 731 412 Africam
773 349 1110 423 exercitus,
1154 354 1259 408 aut
1287 348 1342 407 si
1371 354 1599 409 mutata
1640 348 1898 423 consilia
1923 348 2072 423 sint,
2115 356 2341 410 certior

375 436 497 511 fiat,
524 442 592 497 ut
619 434 843 511 etipse
866 433 983 495 sibi
1012 448 1085 493 ac
1114 448 1305 507 regno
1335 446 1450 491 suo
1482 438 1700 507 posset
1727 433 2070 495 consulere.
2130 434 2340 509 itaque

375 518 527 581 satis
556 519 787 595 paratis
818 518 937 577 iam
968 516 1251 578 omnibus
1280 516 1733 592 instructisque,
1767 523 1826 578 et
1849 533 1916 575 re
1945 517 2066 575 iam
2095 532 2218 577 non
2249 520 2306 579 ul
2325 550 2339 559 ·

375 613 466 663 tra
486 602 819 679 recipiente
842 598 1286 661 cunctationem
1313 599 1374 659 in
1405 599 1604 661 animo
1635 598 1751 659 sibi
1783 616 1944 673 esse,
1975 599 2336 676 Lilybaeum

374 690 577 748 classe
622 685 897 746 traducta
937 684 1282 758 eodemque
1313 683 1595 749 omnibus
1625 684 1896 759 peditum
1941 684 2338 760 equitumque

375 772 571 846 copiis
602 768 948 845 contractis,
996 784 1153 844 quae
1183 767 1381 844 prima
1409 767 1542 827 dies
1575 782 1822 829 cursum
1851 767 2114 829 navibus
2143 768 2335 841 daret,

374 854 509 915 deis
523 854 681 914 bene
695 847 1039 915 iuvantibus
1063 852 1124 913 in
1136 851 1408 913 Africam
1420 852 1694 913 traicere.
1726 851 1953 911 litteras
1969 852 2050 911 ad
2062 850 2142 911 Μ.
2157 850 2338 920 Pom-

374 938 625 1015 ponium
660 937 863 1009 mittit,
908 942 975 997 ut
1013 936 1067 996 si
1106 936 1165 995 ei
1196 935 1532 1009 videretur,
1577 934 1936 1011 Lilybaeum
1963 936 2227 1010 veniret,
2269 946 2336 997 ut

374 1020 768 1082 communiter
818 1022 1235 1099 consulerent,
1311 1036 1466 1095 quas
1517 1019 1900 1094 potissimum
1947 1018 2222 1093 legiones
2273 1027 2336 1080 et

374 1112 661 1181 quantum
692 1104 943 1166 militum
972 1118 1290 1164 numerum
1319 1103 1381 1162 in
1409 1103 1680 1163 Africam
1707 1102 2002 1163 traiceret.
2045 1101 2187 1162 item
2214 1103 2331 1162 cir·

373 1205 508 1251 cum
540 1205 711 1250 oram
742 1188 1097 1250 maritimam
1125 1187 1304 1262 misit,
1349 1194 1414 1248 ut
1442 1202 1633 1247 naves
1665 1186 1982 1247 onerariae
2013 1201 2332 1263 compren-

372 1289 481 1333 sae
506 1273 867 1352 Lilybaeum
908 1288 1121 1332 omnes
1165 1271 1680 1332 contraherentur.
1751 1270 2052 1346 quidquid
2081 1270 2332 1331 militum

370 1359 742 1434 naviumque
773 1357 832 1416 in
864 1355 1072 1417 Sicilia
1100 1363 1245 1430 erat,
1279 1372 1416 1417 cum
1445 1354 1802 1431 Lilybaeum
1831 1354 2240 1429 convenisset,
2271 1362 2333 1413 et

373 1456 485 1501 nec
525 1440 673 1503 urbs
716 1440 1153 1501 multitudinem
1185 1440 1496 1499 hominum
1529 1454 1730 1513 neque
1758 1444 1976 1513 portus
2005 1453 2198 1498 naves
2229 1452 2330 1497 ca-

300 1535 308 1543 ·
372 1531 559 1601 peret,
586 1530 792 1585 tantus
825 1524 1107 1585 omnibus
1138 1525 1323 1584 ardor
1352 1528 1482 1584 erat
1509 1522 1570 1583 in
1599 1521 1868 1583 Africam
1898 1521 2234 1596 traiciendi,
2266 1529 2330 1579 ut

372 1624 492 1671 non
515 1608 595 1669 ad
617 1608 841 1669 bellum
864 1608 1007 1669 duci
1030 1608 1384 1670 viderentur
1409 1606 1524 1669 sed
1545 1606 1631 1666 ad.
1651 1613 1812 1667 certa
1835 1605 2129 1667 victoriae
2151 1620 2328 1681 prae·

370 1694 506 1752 mia.
568 1692 899 1768 praecipue
929 1691 1031 1767 qui
1062 1690 1438 1768 superabant
1476 1706 1556 1751 ex
1585 1690 1887 1751 Cannensi
1921 1688 2189 1749 exercitu
2220 1690 2329 1747 mi-

369 1778 534 1850 liteS,
578 1778 714 1850 illo,
755 1792 879 1838 non
919 1776 1039 1837 alio
1084 1776 1241 1837 duce
1285 1774 1616 1838 eredebant
1655 1780 1877 1833 navata
1916 1772 2004 1833 rei
2047 1773 2330 1848 publicae

370 1876 559 1937 opera
601 1860 775 1921 finire
816 1876 887 1921 se
928 1860 1195 1921 militiam
1239 1857 1705 1934 ignominiosam
1744 1872 1954 1933 posse.
2021 1862 2080 1917 et
2119 1855 2327 1932 Scipio

366 1940 609 2003 minime
653 1946 715 2005 id
757 1960 953 2019 genus
982 1944 1237 2005 militum
1277 1942 1744 2018 aspernabatur,
1789 1947 1855 2001 ut
1885 1940 2218 2016 quinoque
2249 1941 2328 1999 ad

368 2030 605 2089 Cannas
637 2028 882 2102 ignavia
910 2042 1121 2087 eorum
1152 2028 1388 2087 cladem
1419 2034 1735 2101 acceptam
1765 2025 1968 2099 sciret,
2005 2039 2208 2099 neque
2238 2025 2327 2083 ul·

368 2112 459 2173 los
502 2125 702 2186 aeque
742 2120 983 2171 veteres
1024 2109 1243 2170 milites
1281 2111 1344 2170 in
1386 2110 1652 2171 exercitu
1683 2110 1960 2169 Romano
2005 2124 2175 2183 esse,
2220 2123 2326 2167 ex—

366 2200 699 2271 pertosque
741 2210 863 2256 non
910 2192 1093 2255 variis
1145 2194 1395 2269 proeliis
1440 2194 1626 2257 modo
1678 2194 1790 2254 sed
1840 2192 2095 2253 urbibus
2147 2190 2329 2251 etiam

366 2278 821 2355 oppugnandis.
898 2276 1109 2353 quinta
1140 2286 1200 2338 et
1226 2284 1404 2339 sexta
1434 2278 1786 2339 Cannenses
1818 2283 1990 2339 erant
2016 2276 2326 2352 legiones=

364 2378 471 2421 eas
503 2378 573 2421 se
602 2362 991 2424 traiecturum
1022 2362 1083 2422 in
1111 2363 1384 2423 Africam
1413 2378 1551 2423 cum
1581 2362 1858 2436 dixisset,
1910 2361 2187 2435 singulos
2217 2360 2327 2419 mi·

363 2446 499 2505 lites
531 2445 831 2522 inspexit,
876 2446 1229 2521 relictisque
1261 2462 1422 2521 quos
1453 2461 1574 2505 non
1605 2446 1866 2507 idoneos
1899 2444 2216 2517 credebat,
2264 2444 2324 2502 in

363 2532 567 2592 locum
610 2546 821 2591 eorum
863 2529 1120 2589 subiecit
1162 2546 1320 2606 quos
1365 2544 1576 2590 secum
1617 2544 1698 2589 ex
1737 2528 1908 2589 Italia
1948 2528 2324 2596 adduxerat;

364 2614 799 2691 supplevitque
844 2614 925 2673 ita
966 2628 1074 2674 eas
1116 2613 1424 2688 legiones,
1465 2619 1534 2673 ut
1575 2612 1852 2688 singulae
1881 2628 2036 2673 sena
2075 2611 2240 2671 milia
2267 2620 2328 2671 et

363 2700 639 2759 ducenos
666 2698 905 2773 pedites
926 2703 1207 2757 trecenos
1230 2696 1525 2759 haberent
1547 2696 1806 2771 equites.
1851 2696 2160 2757 sociorum
2182 2696 2323 2755 item

361 2782 553 2842 Latini
595 2780 857 2841 nominis
902 2780 1142 2857 pedites
1186 2781 1548 2857 equitesque
1591 2780 1670 2841 de
1711 2780 1983 2841 exercitu
2025 2779 2327 2841 Cannensi

357 2866 518 2941 legit.

526 2948 712 3009 XXV.
794 2948 1090 3023 Quantum
1133 2948 1382 3010 militum
1432 2949 1494 3008 in
1537 2948 1806 3007 Africam
1847 2954 2325 3023 transportatum

362 3041 457 3106 stt,
492 3047 611 3093 non
643 3048 838 3107 parvo
870 3049 1122 3095 numero
1154 3034 1309 3093 inter
1336 3040 1616 3093 auctores
1649 3032 1978 3107 discrepat.
2043 3031 2186 3092 alibi
2218 3031 2324 3090 de-

358 3132 491 3177 cem
534 3115 697 3177 milia
737 3117 1007 3193 peditum
1052 3118 1177 3179 duo
1218 3116 1382 3177 milia
1421 3121 1482 3176 et
1521 3116 1820 3177 ducentos
1863 3114 2136 3191 equites,
2182 3114 2324 3174 alibi

360 3201 630 3262 sedecim
672 3200 837 3261 milia
876 3201 1149 3277 peditum
1189 3200 1350 3260 mille
1393 3206 1454 3259 et
1493 3206 1823 3261 sexcentos
1865 3200 2133 3274 equiteS,
2179 3198 2322 3258 alibi

358 3294 531 3360 parte
561 3286 699 3361 plus
741 3285 993 3347 dimidia
1021 3302 1147 3345 rem
1187 3291 1456 3359 auctam,
1504 3283 1774 3359 quinque
1803 3291 1864 3343 et
1890 3283 2129 3359 triginta
2159 3282 2320 3345 milia

360 3369 627 3444 peditum
672 3369 1073 3445 equitumque
1104 3369 1161 3429 in
1192 3384 1384 3429 naves
1424 3368 1711 3443 imposita
1740 3367 2003 3429 invenie.
2071 3366 2323 3443 quidam

356 3469 477 3513 non
522 3452 803 3515 adiecere
843 3470 1189 3519 numerum,
1236 3453 1391 3514 inter
1433 3468 1590 3527 quos
1620 3468 1719 3512 me
1761 3451 1898 3528 ipse
1941 3452 1998 3511 in
2031 3467 2097 3511 re
2141 3450 2322 3511 dubia
