2550 3959
603 235 838 295 LIBER
861 235 1134 294 XXVIII.
1181 233 1348 296 CAP.
1382 238 1435 293 6.
1460 242 1510 296 7.
1561 241 1635 307 [a.
1659 239 1722 292 c.
1745 239 1874 308 207]
2087 232 2211 298 227

249 384 365 446 bus
396 384 591 444 datur.
638 399 775 444 cum
806 386 1072 444 classem
1100 389 1221 444 tam
1249 383 1472 445 infesta
1501 384 1681 445 statio
1714 387 1967 461 accepit,
1997 396 2123 447 tum
2153 395 2213 448 et

248 468 547 546 oppidum
590 467 709 527 alia
750 475 923 542 parte
966 468 1242 528 clausum
1287 467 1470 542 mari,
1513 468 1633 527 alia
1667 468 1744 528 ab
1773 476 1935 530 terra
1965 471 2212 545 egregie

248 552 573 626 munitum,
627 551 1066 627 praesidioque
1111 551 1320 612 valido
1379 550 1708 627 firmatum,
1766 561 1826 614 et
1877 554 2212 629 praecipue

246 637 371 697 tide
405 635 857 711 praefectorum
886 635 1380 711 principumque,
1414 651 1572 711 quae
1594 634 1764 696 fluxa
1785 644 1844 698 et
1867 653 2025 698 vana
2041 639 2207 713 apud

246 718 474 782 Oreum
515 719 743 792 fuerat,
789 719 1007 779 stabile
1051 724 1235 794 atque
1276 719 1754 795 inexpugnabile
1785 721 1910 782 suit.
1973 721 2038 781 id
2065 737 2204 797 pru-

246 805 492 876 denter,
537 810 599 864 ut
638 802 699 862 in
729 811 958 863 temere
1004 810 1298 878 suscepta
1324 819 1424 878 re,
1467 803 1780 866 Romanus
1828 806 1997 878 fecit,
2043 804 2210 881 quod

245 887 715 962 circumspectis
757 886 1249 958 difficultatibuS‚
1294 902 1374 947 ne
1417 888 1643 948 frustra
1683 895 1926 965 tempus
1971 895 2210 965 tereret,

244 972 525 1033 celeriter
555 970 783 1032 abstitit
810 969 1089 1046 incepto,
1126 973 1518 1046 classemque
1546 971 1689 1030 inde
1719 973 1798 1033 ad
1830 973 2065 1051 Cynum
2093 973 2210 1034 Lo-

244 1056 434 1117 cridis
462 1084 549 1098 —
577 1055 915 1130 emporium
966 1055 1030 1114 id
1072 1062 1167 1115 est
1206 1054 1380 1115 urbis
1424 1054 1822 1130 Opuntiorum
1863 1057 2024 1116 mille
2066 1072 2206 1132 pas·

243 1157 425 1202 suum
456 1157 494 1200 a
522 1139 671 1200 mari
704 1139 859 1199 sitae
882 1171 971 1182 —
999 1138 1251 1199 traiecit.

412 1223 541 1282 Vll.
589 1223 933 1298 Philippum
988 1229 1047 1283 et
1086 1223 1262 1298 ignes
1307 1223 1382 1283 ab
1430 1222 1586 1284 Oreo
1641 1223 1783 1283 editi
1828 1231 2206 1300 monuerant,

242 1306 359 1366 sed
388 1307 588 1368 serius
617 1307 876 1369 Platoris
908 1307 1124 1368 fraude
1154 1322 1233 1366 ex
1262 1308 1522 1382 specula
1548 1306 1719 1378 elati;
1764 1314 1825 1368 et
1842 1305 2059 1382 impari
2083 1324 2206 1368 ma·

241 1390 478 1451 ritumis
522 1391 752 1451 viribus
792 1391 960 1451 haud
1000 1391 1197 1451 facilis
1240 1399 1369 1452 erat
1397 1390 1457 1450 in
1488 1390 1748 1451 insulam
1781 1391 1966 1451 classi
1996 1406 2202 1452 acces-

244 1491 377 1534 sus.
441 1473 523 1535 ita
562 1491 631 1535 re
674 1491 788 1550 per
830 1475 1281 1535 cunctationem
1327 1475 1558 1537 omissa
1587 1476 1668 1534 ad
1697 1473 2002 1536 Chalcidis
2035 1476 2203 1538 auxi-

242 1557 405 1630 lium,
438 1557 539 1618 ubi
570 1559 812 1634 signum
843 1559 1099 1634 acecpit,
1133 1558 1391 1634 impigre
1419 1567 1514 1620 est
1540 1565 1762 1621 motus.
1807 1574 1948 1620 nam
1978 1565 2040 1620 et
2066 1557 2206 1635 ipsa

242 1642 501 1716 ChalciS,
534 1659 903 1720 quamquam
937 1642 1213 1703 eiusdem
1242 1643 1482 1705 insulae
1504 1643 1653 1704 urbs
1677 1650 1788 1718 est,
1809 1650 2022 1704 'tamen
2047 1643 2202 1704 adeo

244 1733 372 1788 arto
404 1726 858 1789 interscinditur
887 1728 1060 1801 freto,
1093 1733 1160 1786 ut
1188 1735 1378 1802 ponte
1401 1727 1728 1788 continenti
1758 1728 2057 1802 iungatur,
2087 1733 2197 1786 tera

246 1823 436 1885 raque
477 1810 706 1871 aditum
746 1811 1079 1872 faciliorem
1129 1827 1313 1886 quam
1354 1809 1507 1871 mari
1544 1809 1796 1871 habeat:
1861 1810 2042 1885 igitur
2067 1810 2199 1870 Phi-

239 1894 449 1969 lippus
474 1893 711 1956 deiecto
738 1893 1047 1972 praesidio
1072 1895 1354 1972 fusisque
1374 1895 1631 1969 AetoliS,
1659 1893 1762 1970 qui
1787 1897 2006 1954 saltum
2019 1895 2194 1956 Ther·

240 1980 631 2055 mopylarum
685 1979 1062 2053 insidebant,
1115 1994 1253 2041 cum
1306 1979 1384 2038 ab
1432 1978 1819 2039 Demetriade
1861 1975 2202 2055 Scotusam,

237 2061 381 2121 inde
411 2063 491 2122 de
517 2062 691 2123 tertia
721 2063 927 2139 vigilia
956 2063 1271 2140 profectus
1303 2063 1579 2138 trepidos
1609 2064 1822 2124 hostes
1844 2063 2201 2123 Heracleam

240 2145 661 2222 compulisset,
693 2147 831 2222 ipse
860 2163 983 2208 uno
1016 2147 1115 2207 die
1143 2146 1434 2209 Phocidis
1463 2147 1718 2208 Elatiam
1749 2147 1912 2208 milia
1940 2148 2202 2223 amplius

238 2229 559 2305 sexaginta
611 2231 943 2292 contendit.
1016 2231 1237 2292 eodem
1286 2233 1478 2291 ferme
1530 2231 1630 2291 die
1681 2231 1756 2291 ab
1808 2231 2012 2291 Attalo
2057 2246 2204 2305 rege

238 2313 643 2398 Opuntiorum
693 2316 843 2376 urbs
898 2322 1077 2391 capta
1127 2315 1546 2390 diripiebatur.
1625 2322 2023 2376 concesserat
2065 2329 2198 2374 eam

235 2397 365 2473 regi
394 2398 688 2474 praedam
720 2397 1061 2474 Sulpicius,
1097 2399 1241 2474 quia
1272 2397 1494 2458 Oreum
1523 2414 1760 2472 paucos
1793 2405 1931 2459 ante
1962 2399 2094 2459 dies
2126 2399 2203 2458 ab

234 2482 514 2544 Romano
562 2482 748 2545 milite
794 2480 1152 2559 expertibus
1202 2483 1391 2558 regiis
1436 2481 1740 2556 direptum
1782 2483 1997 2540 fuerat.
2066 2497 2202 2542 cum

232 2565 513 2626 Romana
542 2567 765 2629 classis
794 2582 870 2628 eo
901 2581 973 2626 se
1001 2567 1377 2645 recepisset,
1419 2566 1660 2626 Attalus
1690 2565 1944 2641 ignarus
1973 2564 2202 2624 adven·

236 2658 332 2711 tus
392 2649 656 2726 Philippi
714 2651 995 2728 pecuniis
1053 2667 1090 2710 a
1148 2649 1530 2728 principibus
1589 2649 1912 2726 exigendis
1970 2647 2202 2710 terebat

234 2741 510 2810 tempus=
560 2735 848 2811 adeoque
875 2735 1214 2810 improvisa
1239 2751 1344 2796 res
1375 2734 1515 2808 fuit,
1558 2742 1640 2810 ut,
1673 2733 1792 2794 nisi
1823 2731 2201 2792 Cretensium

235 2817 491 2893 quidam
518 2820 677 2879 forte
706 2819 1061 2894 pabulatum
1090 2820 1169 2880 ab
1196 2819 1352 2881 urbe
1373 2818 1616 2893 longius
1639 2817 1958 2893 progressi
1981 2831 2197 2890 agmen

230 2900 499 2963 hostium
527 2905 746 2978 procul
779 2902 1274 2980 conspexissent,
1318 2903 1581 2978 opprimi
1609 2900 1892 2978 potuerit.
1957 2899 2200 2960 Attalus

232 2985 481 3046 inermis
523 2993 713 3062 atque
753 2986 1199 3062 incompositus
1243 3003 1434 3049 cursu
1473 2986 1674 3048 effuso
1703 3001 1874 3046 mare
1903 3001 1978 3045 ac
2007 2999 2200 3045 naves

230 3070 417 3143 petit;
462 3077 523 3130 et
549 3070 941 3132 molientibus
972 3068 1049 3129 ab
1079 3079 1243 3133 terra
1266 3086 1456 3130 naves
1482 3071 1802 3147 Philippus
1827 3067 2198 3146 supervenit,

230 3155 676 3230 tumultumque
706 3155 888 3216 etiam
918 3168 995 3214 ex
1025 3159 1188 3217 terra
1209 3155 1470 3216 nauticis
1495 3154 1793 3230 praebuit.
1823 3152 1970 3212 inde
1993 3151 2196 3226 Opun-

232 3242 351 3298 tem
390 3237 601 3314 rediit,
646 3237 802 3301 deos
845 3237 1258 3314 hominesque
1299 3254 1636 3311 accusans,
1682 3237 1852 3314 quod
1877 3242 2082 3297 tantae
2108 3235 2200 3297 rei

230 3321 532 3382 fortunam
562 3337 641 3382 ex
673 3323 869 3384 oculis
899 3336 1101 3398 prope
1128 3329 1366 3399 raptam
1395 3322 1721 3383 amisisset.
1768 3319 2014 3396 Opuntii
2046 3336 2199 3394 quo-

230 3420 355 3479 que
376 3405 454 3465 ab
478 3405 697 3466 eadem
721 3406 813 3466 ira
832 3406 1132 3483 increpiti,
1165 3407 1354 3482 quod,
1388 3422 1525 3468 cum
1547 3405 1790 3468 trahere
1814 3403 2196 3466 obsidionem

229 3485 651 3552 lnadventum
682 3505 862 3550 suum
892 3490 1269 3566 potuissent,
1305 3488 1442 3551 viso
1475 3489 1884 3632 statirrilgipste
1911 3503 2109 3564 prope
2137 3487 2196 3548 in

668 3627 732 3648 ,Δ
