2550 3959
584 228 813 289 LIBER
841 228 1054 289 XXlV.
1099 228 1268 289 CAP.
1296 238 1353 292 9.
1384 239 1469 291 ιο.
1510 228 1587 307 [a.
1620 236 1683 288 c.
1714 233 1843 311 214]
2116 232 2195 296 n

232 398 302 444 ac
343 381 680 443 discrimen
719 396 996 441 summae
1035 396 1238 442 rerum
1284 376 1621 456 faciebant,
1686 398 1765 441 ne
1811 385 1951 458 quis
1984 392 2097 446 ‘aut
2134 386 2194 445 in

231 467 578 543 exemplum
621 464 975 541 exquireret
1014 472 1119 525 aut
1159 473 1517 541 suspectum
1558 466 1913 541 cupiditatis
1956 468 2197 545 imperii

231 554 550 611 consulem
589 549 873 610 haberet·
922 548 1068 624 quin
1109 548 1441 610 laudabant
1466 550 1677 625 potius
1718 551 2195 627 magnitudinem

231 635 431 709 animi,
458 633 628 710 quod
651 648 790 695 cum
801 648 1044 693 summo
1069 633 1437 709 imperatore
1461 648 1605 695 esse
1628 650 1787 711 opus
1808 634 1900 695 rei
1916 635 2197 711 publicae

233 719 432 791 sciret,
465 733 662 793 seque
683 724 811 778 tum
829 715 996 777 haud
1018 716 1204 778 dubie
1227 733 1391 792 esse,
1413 718 1665 777 minoris
1688 717 1980 779 invidiam
2002 735 2197 796 suam,

231 804 283 864 si
307 818 434 878 qua
457 818 536 861 ex
559 816 627 862 re
650 807 942 875 oreretur,
967 818 1150 875 quam
1170 801 1488 862 utilitatem
1506 801 1596 861 rei
1618 801 1903 878 publicae
1927 804 2198 865 fecisset.

395 886 476 947 X.
531 886 662 960 Quo
695 885 798 946 die
824 884 1244 960 magistratum
1285 885 1549 946 inierunt
1576 887 1897 960 consules,
1946 896 2197 949 senatus

231 974 290 1031 in
334 969 633 1046 Capitolio
677 976 774 1030 est
812 968 1087 1045 habituS,
1143 970 1580 1045 decretumque
1618 970 1889 1031 omnium
1917 973 2194 1047 primum,

230 1063 294 1116 ut
323 1055 616 1115 consules
647 1052 1010 1114 sortirentur
1037 1059 1543 1129 compararentve
1570 1053 1729 1114 inter
1754 1070 1851 1128 se,
1893 1061 2029 1116 uter
2055 1070 2197 1116 cen·

232 1138 480 1201 soribus
503 1137 788 1199 creandis
813 1137 1059 1199 comitia
1077 1136 1349 1212 haberet,
1381 1137 1735 1213 priusquam
1756 1138 1839 1199 ad
1865 1140 2197 1201 exercitum

233 1223 748 1300 proficisceretur.
778 1227 1176 1298 prorogatum
1197 1219 1423 1281 deinde
1445 1221 1763 1297 imperium
1787 1223 2069 1285 omnibus
2092 1224 2199 1299 qui

232 1309 311 1368 ad
356 1306 664 1368 exercitus
707 1313 882 1366 erant
896 1352 912 1378 ‚
955 1305 1236 1380 iussique
1263 1305 1327 1365 in
1368 1305 1703 1381 provinciis
1744 1321 1993 1365 manere
2008 1352 2023 1378 ‚
2066 1306 2197 1366 Tib.

233 1390 550 1452 Gracchus
571 1390 882 1465 Luceriae,
911 1388 1018 1449 ubi
1041 1406 1180 1450 cum
1201 1390 1493 1449 volonum
1519 1389 1792 1450 exercitu
1814 1397 1961 1465 erat,
1993 1389 2061 1449 G.
2084 1391 2197 1450 Te-

233 1476 464 1536 rentius
493 1476 692 1535 Varro
731 1474 796 1535 in
837 1488 987 1549 agro
1015 1472 1273 1550 Piceno,
1314 1474 1415 1533 Μ’.
1446 1474 1821 1549 Pomponius
1852 1474 1915 1534 in
1944 1474 2198 1550 Gallim,

232 1567 293 1621 et
317 1566 640 1636 praetores
671 1558 895 1636 prioris
925 1558 1068 1617 anni
1088 1573 1202 1633 pro
1232 1565 1519 1635 praetore
1542 1558 1609 1633 Q.
1631 1557 1870 1641 Mucius
1901 1558 2201 1620 obtineret

229 1643 597 1719 Sardiniam,
628 1643 708 1703 M.
731 1642 1018 1703 Valerius
1041 1642 1122 1702 ad
1141 1642 1537 1703 Brundisium
1567 1658 1714 1703 orae
1744 1642 2078 1704 maritimae
2107 1643 2197 1704 in-

217 1736 436 1789 tentus
480 1727 786 1788 adversus
829 1742 1044 1787 omncs
1075 1734 1277 1787 motus
1307 1726 1570 1802 Philippi
1596 1726 2007 1786 Macedonum
2034 1728 2198 1801 regis

239 1818 584 1889 praeesset;
640 1811 704 1870 Ρ.
753 1810 1033 1872 Cornelio
1075 1810 1333 1870 Lentulo
1377 1809 1647 1885 praetori
1688 1808 1897 1869 Sicilia
1951 1810 2200 1870 decreta

234 1896 574 1973 provincia,
616 1895 682 1954 T.
707 1894 960 1956 Otacilio
991 1894 1213 1955 classis
1242 1894 1477 1969 eadem,
1522 1910 1702 1970 quam
1732 1893 2032 1955 adversus
2058 1894 2199 1955 Car-

233 1979 653 2057 thaginienses
684 1979 892 2057 priore
920 1995 1080 2040 anno
1109 1977 1447 2039 habuisset.

402 2064 689 2141 Prodigia
719 2081 794 2126 eo
823 2080 988 2125 anuo
1018 2064 1206 2125 multa
1231 2065 1508 2125 nuntiata
1538 2072 1698 2139 sunt,
1731 2080 1889 2141 quae
1922 2079 2045 2141 quo
2074 2080 2200 2123 ma-

231 2152 330 2228 gis
377 2148 711 2210 credebant
752 2150 1066 2225 simplices
1109 2164 1182 2210 ac
1221 2148 1495 2224 religiosi
1516 2147 1853 2223 ‘homineffi
1907 2164 1983 2209 eo
2027 2149 2203 2225 plura

231 2232 695 2296 nuntiabantur=
727 2233 985 2294 Lanuvii
1015 2234 1074 2293 in
1105 2233 1263 2293 aede
1291 2234 1455 2293 intus
1478 2231 1767 2310 Sospitae
1790 2232 2039 2292 Iunonis
2064 2248 2197 2293 cor-

232 2336 351 2380 vos
395 2318 603 2378 nidum
643 2318 900 2389 fecissc3
960 2317 1020 2378 iu
1062 2316 1290 2393 Apulia
1329 2317 1592 2393 palmam
1638 2317 1893 2377 viridem
1935 2316 2200 2385 arsisse3

229 2404 519 2463 Mantuae
560 2410 842 2478 stagnum
883 2400 1146 2462 effusum
1173 2400 1397 2461 Mincio
1430 2402 1591 2461 amni
1623 2407 1939 2461 cruentum
1964 2400 2199 2471 visum3

231 2496 292 2547 ct
321 2486 568 2549 Calibus
614 2495 779 2546 creta
817 2492 880 2546 et
903 2486 1138 2546 Romae
1166 2487 1227 2543 in
1269 2485 1405 2545 soro
1436 2484 1693 2544 bovario
1725 2485 2024 2558 sanguine
2069 2484 2201 2559 plu·

233 2572 434 2640 visse3
469 2570 616 2632 etin
649 2570 787 2630 vico
816 2570 1041 2630 Insteio
1069 2572 1302 2629 fontem
1329 2566 1444 2628 sub
1474 2573 1697 2627 terram
1724 2573 1894 2627 tanta
1922 2567 1983 2626 vi
2012 2583 2203 2641 aqua-

231 2672 370 2716 rum
395 2654 690 2728 fluxisse,
733 2661 800 2713 ut
825 2654 1024 2715 serias
1065 2653 1385 2728 doliaque,
1432 2666 1592 2728 quae
1630 2651 1692 2711 in
1722 2666 1797 2711 eo
1826 2652 1967 2711 loco
2010 2659 2201 2725 erant,

233 2739 567 2815 provoluta
605 2738 774 2798 velut
813 2738 1076 2813 impetus
1116 2736 1403 2797 torrentis
1444 2736 1677 2806 tulerit;
1720 2742 1884 2797 tacta
1918 2736 1997 2797 de
2029 2737 2201 2797 caelo

227 2824 456 2885 atrium
496 2822 808 2898 publicum
850 2822 910 2881 in
942 2820 1273 2897 Capitolia,
1318 2820 1536 2881 aedem
1578 2822 1642 2881 in
1672 2836 1893 2897 campo
1924 2820 2201 2895 Vulcani,

231 2923 458 2969 nucem
500 2908 562 2968 in
591 2904 868 2980 Sabinis,
910 2905 1343 2981 publicamque
1386 2905 1550 2965 viam
1580 2921 1817 2966 murum
1861 2920 1934 2965 ac
1963 2914 2203 2981 portam

231 2991 469 3051 Gabiis.
534 2990 657 3050 iam
693 2991 812 3050 alia
856 2990 1102 3064 vulgata
1143 2990 1437 3050 miracula
1478 2996 1678 3050 etanta
1722 2989 1963 3050 hastam
1990 2988 2201 3049 Martis

233 3076 565 3135 Praeneste
604 3090 719 3134 sua
761 3080 982 3150 sponte
1022 3080 1398 3151 promotam;
1442 3073 1665 3133 bovem
1707 3074 1769 3133 in
1800 3072 2007 3134 Sicilia
2034 3075 2201 3134 locu-

231 3168 396 3229 tum;
427 3159 719 3218 infantem
747 3158 807 3217 in
837 3163 1011 3217 utero
1032 3157 1240 3217 matris
1269 3158 1330 3217 in
1344 3158 1707 3219 Marrucinis
1738 3157 1835 3217 “io
1859 3156 2199 3231 triumphe„

229 3243 577 3312 clamassc;
643 3258 724 3301 ex
773 3242 1026 3303 muliere
1073 3241 1311 3317 Spoleti
1358 3242 1555 3302 virum
1606 3244 1859 3310 facttum
1938 3238 2201 3300 Hadriae

229 3342 406 3387 aram
434 3326 496 3386 in
527 3327 701 3386 caelo
733 3326 1102 3402 speciesque
1125 3326 1439 3385 hominum
1467 3325 1691 3385 circum
1723 3340 1858 3383 eam
1890 3339 2028 3384 cum
2058 3339 2201 3384 can-

227 3411 385 3471 dida
425 3417 602 3472 veste
631 3410 800 3471 visas
831 3426 992 3471 esse.
1054 3409 1199 3486 quin
1228 3410 1463 3469 Romae
1495 3424 1742 3483 quoque
1770 3407 1831 3466 in
1874 3408 2014 3483 ipsa
2050 3406 2201 3467 urbe

231 3494 580 3556 secundum
617 3510 802 3570 apum
844 3510 1098 3555 examen
1140 3494 1201 3553 in
1233 3496 1367 3555 foro
1397 3492 1601 3553 visum
1643 3492 2037 3552 adfirmantes
2068 3490 2201 3567 qui0
