2550 3959
662 210 893 271 LIBER
919 210 1101 271 XXX.
1146 211 1309 273 CAP.
1339 221 1428 273 25.
1457 222 1546 276 26.
1593 220 1666 289 [a.
1699 222 1762 273 c.
1791 222 1918 289 ποθ]
2141 216 2270 282 347

300 365 472 425 iusso
514 362 937 439 gubernatore
962 362 1043 449 ad
1084 363 1320 440 Leptim
1361 365 1599 441 appulit
1638 366 1904 427 classem
1957 373 2142 445 atque
2183 370 2264 430 ibi

299 450 517 525 copias
540 448 849 524 exposuit.

466 532 679 597 XXVI.
752 532 921 595 Haec
955 548 1035 593 eo
1068 548 1241 594 ⁴mmo
1276 534 1343 593 in
1383 534 1594 593 Africa
1633 541 1838 609 gesta:
1875 536 2268 612 inse-quentia

297 616 611 679 excedunt
631 616 695 677 >in
726 632 863 678 eum
904 632 1161 690 annum,
1206 633 1331 693 quo
1357 617 1440 677 M.
1465 617 1802 692 Servilius,
1843 620 1956 695 »qui
1983 626 2110 681 tum
2138 638 2268 683 ma·

299 701 492 776 gister
530 701 800 776 equitum
843 707 1003 773 erat,
1044 706 1105 761 et
1132 700 1261 760 Tib.
1294 702 1582 762 Claudius
1609 701 1772 763 Nero
1799 705 2093 765 consules
2121 706 2264 767 facti

296 790 461 845 sunt.
525 790 791 849 cetflmm
832 785 997 847 exim
1026 784 1366 860 amarioris
1394 786 1537 846 anni
1572 802 1714 847 cum
1745 787 1928 863 iegati
1955 789 2265 852 sociarum

300 868 537 929 urbium
565 884 644 934 ex
670 869 931 931 Graecia
951 869 1160 945 questi
1196 876 1413 930 essent
1439 872 1714 934 vastatos
1753 888 1941 947 agros
1971 872 2048 933 ab
2078 874 2264 949 regiis

296 952 647 1029 praesidiis,
655 954 1096 1029 profectosque
1122 953 1185 1013 in
1211 952 1638 1019 Macedoniam
1663 955 1903 1030 legatos
1931 955 2014 1017 a'd
2041 974 2143 1018 res
2167 974 2264 1019 re-

296 1037 599 1113 petendas
628 1050 752 1097 non
790 1037 1105 1098 admissos
1132 1037 1217 1098 ad
1242 1036 1588 1114 Philippum
1617 1054 1856 1115 regem3
1903 1041 2081 1101 simui
2112 1050 2262 1101 nun-

297 1121 557 1183 tiassent
584 1126 870 1195 quattuor
895 1120 1061 1181 milia
1086 1122 1340 1183 militum
1367 1137 1507 1183 cum
1523 1122 1796 1199 Sopatro
1826 1124 1986 1185 duce
2008 1126 2267 1187 traiecta

296 1204 358 1265 in
386 1204 658 1279 Africam
684 1205 825 1277 dici,
871 1212 937 1266 ut
965 1213 1175 1267 essent
1203 1205 1804 1282 ssartlmginiensibus
1833 1210 2164 1285 praesidio,
2207 1216 2265 1269 et

295 1288 598 1365 pecuniae
622 1289 999 1365 aliquant-n
1026 1306 1153 1353 una
1180 1292 1436 1351 missum
1450 1314 1467 1346 ε
1510 1292 1748 1367 legatos
1777 1292 1860 1352 ad
1887 1308 2114 1369 regem,
2157 1294 2263 1378 qui

294 1372 452 1435 haee
492 1372 805 1435 <adversus
852 1374 1079 1435 foedus
1130 1376 1292 1435 facta
1338 1375 1535 1435 videri
1573 1375 1850 1452 patribus
1899 1377 2261 1450 nuntiarent,

296 1456 626 1521 mittenuos
647 1458 887 1519 censuit
908 1466 1177 1519 senatus.
1222 1459 1398 1520 missi
1424 1460 1487 1519 C.
1503 1459 1818 1521 Terentius
1831 1460 2032 1521 Varro
2053 1462 2260 1522 (3.Μᾶ-

294 1540 499 1605 milius
521 1540 608 1603 M.
638 1542 943 1603 Anu-elius.
1007 1542 1083 1603 iis
1112 1550 1239 1604 tres
1266 1544 1746 1620 quinqueremes
1777 1546 1977 1605 datae.

462 1626 679 1687 Annus
708 1626 967 1702 insignis
996 1626 1282 1690 incendio
1312 1628 1558 1703 ingenti,
1591 1644 1716 1704 quo
1745 1630 1942 1690 clivus
1953 1630 2264 1691 Publicius

296 1709 374 1769 ad
406 1709 605 1771 solum
634 1716 907 1785 exustus,
948 1718 1009 1771 et
1032 1728 1331 1787 aquarum
1361 1712 1792 1787 magnitudine,
1837 1714 1958 1774 sed
1981 1728 2266 1775 annonae

296 1791 526 1854 vilitate
570 1794 687 1857 fuit
700 1839 715 1868 ,
776 1801 1207 1873 praeterquam
1258 1797 1427 1871 quod
1476 1812 1641 1872 pace
1681 1797 1881 1857 omnis
1919 1798 2096 1858 Italia
2136 1805 2269 1859 erat

296 1884 543 1955 aperta,
600 1879 781 1939 etiam
824 1880 996 1956 quod
1032 1896 1318 1956 magnam
1356 1881 1483 1940 vim
1518 1880 1806 1942 frumenti
1847 1896 1927 1941 ex
1965 1882 2265 1959 Hispania

294 1962 549 2023 missam
576 1962 657 2023 Μ.
686 1962 970 2025 Valerius
998 1963 1171 2025 Falto
1212 1970 1275 2025 et
1301 1964 1382 2024 Μ.
1411 1963 1639 2025 Fabi-us
1663 1964 1860 2027 Buteo
1894 1966 2129 2027 aediles
2161 1983 2266 2028 cu·

296 2046 461 2107 rules
490 2048 809 2123 quaternis
836 2048 1001 2109 aeris
1030 2048 1275 2111 vicatim
1306 2050 1540 2125 populo
1571 2049 2034 2131 discripserunt.

458 2130 696 2192 Eodem
743 2148 905 2191 anno
950 2133 1203 2207 Quintus
1232 2133 1460 2194 Fabius
1498 2132 1804 2195 Maximus
1852 2135 2107 2196 moritur
2153 2150 2259 2193 ex—

298 2220 470 2273 actae
498 2215 734 2286 aetatis,
766 2215 822 2274 si
847 2216 1091 2290 quidem
1118 2232 1334 2276 verum
1363 2223 1459 2276 est
1485 2232 1778 2291 augurem
1805 2218 1964 2278 duos
1995 2225 2058 2279 et
2085 2234 2264 2279 sexa-

296 2297 463 2371 ginta
490 2312 688 2362 annos
718 2297 929 2373 fuisse,
962 2300 1132 2373 quod
1154 2299 1410 2373 quidam
1439 2306 1724 2360 auctores
1756 2310 1914 2361 sumt.
1976 2302 2072 2361 vir
2101 2309 2264 2362 certe

300 2380 413 2441 fuit
440 2379 665 2456 dignus
693 2386 861 2443 tanto
890 2382 1290 2459 cognomine,
1329 2384 1430 2443 vei
1457 2383 1514 2443 si
1544 2398 1774 2444 novum
1803 2385 1882 2445 ab
1909 2400 1990 2445 eo
2034 2386 2262 2460 incipe-

294 2471 407 2525 ret.
469 2464 787 2541 superavit
810 2470 1102 2542 paternos
1131 2467 1423 2540 honores,
1469 2466 1668 2529 avitos
1697 2469 2005 2543 aequavit.
2071 2470 2266 2529 victo-

294 2548 403 2609 riis
432 2554 493 2608 et
518 2548 849 2611 maioribus
879 2550 1131 2625 proeliis
1158 2567 1318 2612 avus
1348 2550 1606 2626 insignis
1635 2552 1884 2613 Rullus=
1915 2553 2030 2613 sed
2059 2552 2266 2615 omnia
2360 2621 2372 2627 ,

298 2648 567 2709 aequare
590 2649 753 2693 unus
774 2633 971 2695 hostis
994 2634 1298 2696 Hannibal
1329 2642 1551 2712 potest.
1597 2637 1830 2698 cautior
1854 2642 2057 2697 tamen
2079 2653 2265 2713 quam

298 2714 641 2793 promptior
675 2717 778 2777 hic
818 2718 1094 2791 habitum
1152 2726 1214 2780 et
1254 2721 1414 2781 sicut
1449 2720 1723 2795 dubiteS,
1776 2729 1978 2782 utrum
2019 2721 2265 2799 ingenio

298 2808 615 2863 cunctator
639 2802 848 2875 fuerit,
892 2820 970 2863 an
1000 2804 1146 2879 quia
1172 2804 1257 2865 ita
1283 2804 1446 2864 bello
1477 2805 1757 2881 proprie,
1803 2804 1972 2879 quod
2003 2812 2130 2866 tum
2159 2820 2264 2883 ge·

298 2887 576 2961 rebatur,
620 2893 829 2963 aptum
848 2893 1004 2963 erat,
1050 2888 1141 2948 sic
1169 2888 1318 2949 nihil
1347 2887 1570 2949 certius
1599 2894 1696 2949 est
1725 2906 1907 2963 quam
1933 2906 2122 2950 unum
2151 2890 2262 2950 ho-

299 2970 525 3033 minem
551 2971 735 3031 nobis
766 2974 1107 3034 cunctando
1134 2972 1669 3047 remrestituisse,
1715 2974 1875 3033 sieut
1899 2973 2131 3034 Ennius
2159 2974 2265 3033 ait.

299 3069 497 3128 augur
524 3057 585 3114 in
614 3056 820 3117 locum
849 3056 983 3116 eius
1012 3057 1406 3131 inauguratus
1437 3056 1691 3131 Quintus
1718 3055 2264 3118 'FabiusMaximus

298 3136 495 3208 filius;
538 3138 600 3197 in
630 3139 909 3201 eiusdem
936 3141 1139 3201 locum
1165 3141 1444 3217 pontifex
1481 3174 1567 3189 --
1594 3158 1736 3201 nam
1763 3141 1888 3202 duo
1920 3141 2269 3202 sacerdotia

298 3218 511 3281 habuit
536 3253 616 3267 --
648 3222 783 3285 Ser.
813 3222 1123 3301 Sulpicius
1154 3224 1365 3286 Galba.
1434 3286 1445 3297 ,

465 3305 619 3366 Ludi
653 3308 915 3369 Romani
956 3308 1117 3369 diem
1154 3326 1372 3383 unum,
1417 3309 1640 3385 plebeii
1677 3316 1771 3369 ter
1797 3309 1907 3369 toti
1948 3308 2264 3371 instaurati

300 3385 380 3447 ab
408 3389 709 3451 aedilibus
735 3391 818 3452 M.
849 3392 1061 3454 Sextio
1094 3391 1322 3453 Sabino
1351 3398 1414 3453 et
1441 3392 1549 3453 Cn.
1577 3394 1899 3454 Tremellio
1929 3392 2169 3453 Flacco.
2223 3393 2266 3451 ii

302 3472 483 3534 ambo
530 3481 849 3551 praetores
900 3476 1036 3538 facti
1092 3483 1153 3537 et
1201 3492 1338 3538 cum
1387 3477 1464 3536 iis
1508 3477 1570 3539 C.
1611 3477 1820 3538 Livius
1855 3476 2160 3538 Salinator
2206 3482 2264 3536 et
