2550 3959
383 226 471 291 82
726 226 957 291 LIBER
977 226 1163 287 XXV.
1208 224 1378 287 CAP-
1399 235 1486 289 25.
1513 234 1602 289 26.
1649 232 1724 299 [a.
1749 228 1816 283 U.
1839 247 1891 285 c.
1913 228 2038 297 ⁶4⁰]

384 382 478 442 les
528 379 747 441 avidus
791 378 1060 455 praedae
1100 394 1223 437 non
1265 384 1503 455 posset.
1573 378 1754 454 legati
1796 393 1875 440 eo
1917 379 1994 439 ab
2035 378 2248 459 Tycha
2289 388 2354 443 et

384 462 641 539 Neapoli
671 478 811 524 cum
838 462 1046 523 infulIs
1076 468 1136 522 et
1164 460 1524 522 velamentis
1551 466 1852 524 venerunt
1878 469 2238 539 precantes,
2281 472 2354 526 ut

386 565 425 609 a
454 545 748 608 caedibus
778 553 838 607 et
865 545 943 607 ab
973 544 1273 606 incendiis
1305 554 1676 621 parceretur.
1747 547 1826 606 de
1855 563 2118 621 quorum
2147 548 2350 622 preci·

385 633 503 692 bus
548 645 732 707 quam
769 629 1097 704 postulatis
1137 628 1336 705 magis
1376 628 1635 690 consilio
1676 628 1884 691 habito
1911 629 2238 691 Marcellus
2267 646 2349 691 ex

387 714 655 777 omnium
681 712 983 773 sententia
1010 712 1201 774 edixit
1224 712 1531 786 militibus,
1568 726 1648 773 ne
1673 713 1814 788 quis
1835 712 2093 775 liberum
2117 730 2351 791 corpus

384 799 657 870 violaret,
688 804 891 857 cetera
918 796 1189 871 praedae
1216 798 1438 857 mtura.
1484 803 1812 873 castraque
1841 796 2016 859 tectis
2044 797 2348 873 parietum

386 898 501 959 pro
550 895 725 941 muro
774 888 1009 956 saepta.
1078 880 1275 955 portis
1321 880 1576 955 regione
1623 881 1958 955 platearum
1999 881 2352 956 patentibus

387 964 685 1027 stationes
714 962 1153 1041 praesidiaque
1181 964 1515 1041 disposuit,
1547 978 1626 1025 ne
1655 962 1795 1039 quis
1826 963 1887 1023 in
1918 964 2205 1026 discursu
2238 965 2350 1024 mi·

386 1049 553 1111 litum
584 1048 845 1124 impetus
874 1048 935 1107 in
966 1054 1168 1110 castra
1194 1047 1329 1108 fieri
1358 1054 1592 1123 posset.
1643 1046 1786 1107 inde
1815 1046 1994 1123 signo
2021 1046 2165 1109 dato
2195 1048 2352 1108 mili·

384 1142 478 1195 tes
510 1132 959 1203 discurrerunt3
1014 1131 1422 1207 refractisque
1451 1132 1686 1194 roribus
1717 1147 1856 1192 cum
1886 1131 2091 1193 omnia
2117 1138 2354 1193 terrore

387 1233 462 1278 ac
490 1218 749 1279 tumultu
776 1222 1139 1292 streperent,
1169 1232 1209 1276 a
1237 1216 1532 1276 caedibus
1561 1222 1762 1275 tamen
1789 1221 2194 1291 temperatum
2221 1222 2350 1276 est:

386 1300 622 1377 rapinis
652 1301 857 1361 nullus
902 1307 1045 1362 ante
1070 1299 1292 1361 modus
1321 1299 1434 1360 fuit
1463 1314 1646 1375 quam
1675 1299 1880 1360 omnia
1907 1299 2192 1360 diuturna
2219 1298 2350 1359 feli-

388 1386 568 1446 citate
598 1385 904 1445 cumulata
929 1383 1097 1445 bona
1126 1396 1437 1458 egessere.
1483 1382 1641 1443 inter
1667 1381 1820 1442 haec
1849 1390 1910 1443 et
1928 1381 2349 1456 PhilodemuS,

388 1484 527 1530 cum
556 1482 705 1543 spes
736 1466 943 1528 auxilii
972 1468 1138 1528 nulla
1166 1471 1352 1540 esset,
1381 1466 1505 1527 fide
1527 1471 1802 1541 accepta,
1830 1472 1899 1527 ut
1919 1465 2244 1527 inviolatus
2268 1466 2347 1527 ad

385 1550 709 1631 Epicyden
756 1548 1013 1625 rediret,
1072 1550 1338 1610 deducto
1395 1548 1706 1630 praesidio
1759 1549 2008 1611 tradidit
2049 1550 2347 1611 tumulum

386 1634 701 1697 Romanis.
774 1634 1011 1695 aversis
1054 1633 1337 1694 omnibus
1366 1633 1445 1694 ad
1475 1634 1790 1696 tumultum
1822 1648 1901 1693 ex
1930 1641 2102 1710 parte
2131 1638 2352 1708 captae

388 1719 557 1781 urbis
578 1717 886 1780 Bomilcar
912 1725 1155 1780 noctem
1182 1732 1321 1778 eam
1351 1723 1585 1792 nactuS,
1619 1733 1743 1793 qua
1770 1724 2024 1793 propter
2048 1717 2173 1778 vim
2199 1724 2350 1778 tem-

388 1802 647 1880 pestutis
698 1807 863 1862 stare
904 1802 985 1863 ad
1032 1816 1326 1862 ancoram
1365 1802 1427 1862 in
1469 1803 1603 1862 salo
1643 1802 1922 1862 Romana
1963 1799 2183 1863 classis
2223 1814 2352 1860 non

388 1892 635 1964 posset,
678 1901 817 1947 cum
855 1884 1098 1961 triginta
1141 1886 1414 1961 quinque
1457 1884 1716 1946 navibus
1757 1899 1837 1944 ex
1866 1892 2051 1960 portu
2081 1883 2352 1963 Syracu·-

388 1987 543 2033 sano
588 1971 901 2045 profectus
940 1969 1134 2029 libero
1176 1969 1328 2029 mari
1367 1968 1507 2028 vela
1545 1968 1608 2028 in
1637 1969 1823 2028 altum
1866 1968 2039 2029 dedit
2077 1966 2354 2044 quinque

390 2061 451 2115 et
481 2052 921 2131 quinquaginta
940 2067 1063 2112 nav
1063 2050 1203 2111 ibus
1222 2050 1546 2129 Epicydae
1567 2056 1628 2111 et
1647 2048 2064 2128 Syracusanis
2083 2051 2352 2120 relictis,

389 2136 753 2216 edoctisque
780 2133 1412 2210 Carthaginiensibus,
1451 2133 1514 2194 in
1560 2139 1788 2209 quanto
1816 2148 1920 2194 res
1951 2132 2354 2212 Syracusana

390 2220 741 2283 discrimine
781 2225 977 2293 esset,
1020 2233 1161 2279 cum
1202 2224 1442 2279 centum
1485 2215 1747 2279 navibus
1778 2222 1922 2293 post
1948 2231 2184 2293 paucos
2215 2217 2352 2277 dies

388 2304 562 2379 redit,
590 2302 825 2374 multiS‚
857 2309 923 2363 ut
949 2303 1112 2363 fama
1138 2308 1252 2376 est,
1285 2302 1466 2364 donis
1497 2316 1576 2361 ex
1603 2299 1888 2362 Hieronis
1918 2315 2070 2376 gaza
2097 2300 2176 2362 ab
2205 2300 2347 2377 Epi-

392 2389 555 2467 cyde
584 2387 869 2449 donatus.

558 2471 773 2533 XXVI.
828 2470 1156 2532 Marcellus
1185 2469 1461 2549 Euryalo
1490 2476 1740 2546 recepto
1768 2468 2206 2545 praesidioque
2242 2468 2353 2528 ad.-

390 2557 516 2619 dito
558 2572 684 2617 una
724 2570 872 2617 cura
912 2561 1044 2616 erat
1070 2554 1253 2629 liber,
1297 2569 1378 2614 ne
1410 2570 1534 2630 qua
1561 2554 1640 2614 ab
1668 2561 1842 2628 tergo
1869 2553 1966 2613 vis
1994 2552 2263 2612 hostium
2289 2550 2350 2611 in

390 2656 595 2702 arcem
624 2646 886 2715 accepta
907 2638 1181 2699 inclusos
1208 2637 1664 2713 impeditosque
1691 2636 2016 2699 moenibus
2045 2652 2198 2697 suos
2227 2642 2350 2696 tur·

390 2724 584 2786 baret.
620 2722 1034 2783 Achradinam
1064 2721 1209 2782 inde
1233 2720 1408 2782 trinis
1440 2722 1658 2782 castris
1687 2736 1802 2797 per
1829 2721 2054 2783 idonea
2082 2719 2347 2794 disposi-

390 2806 467 2869 tis
494 2809 651 2881 loca,
682 2822 797 2881 spe
826 2806 904 2865 ad
934 2804 1202 2881 inopiam
1232 2804 1502 2867 omnium
1527 2821 1732 2866 rerum
1761 2803 2040 2866 inclusos
2069 2804 2348 2864 redactu-

393 2907 543 2965 rum,
576 2888 984 2950 circumsedit.
1050 2902 1188 2948 cum
1215 2902 1330 2963 per
1357 2888 1590 2965 aliquot
1621 2888 1758 2950 dies
1787 2888 2029 2964 quietae
2059 2886 2353 2949 stationes

392 2973 695 3048 utrimque
726 2972 1000 3047 ruissent,
1030 2978 1286 3047 repente
1317 2972 1614 3034 adventus
1643 2972 2038 3048 Hippocratis
2066 2976 2129 3030 et
2145 2969 2355 3029 Himil-

394 3056 567 3119 conis
595 3062 662 3118 ut
689 3056 847 3117 ultro
876 3055 1149 3132 undique
1179 3063 1686 3133 oppugnarentur
1709 3055 1968 3117 Romani
1997 3054 2157 3115 fecit.
2213 3068 2357 3113 nam

370 3148 453 3203 ·et
488 3140 898 3217 Hippocrates
951 3138 1170 3201 castris
1219 3140 1300 3200 ad
1339 3154 1626 3215 magnum
1676 3144 1916 3215 portum
1971 3134 2358 3200 communitis

392 3224 698 3301 signoque
723 3223 799 3284 iis
826 3222 992 3299 dato,
1024 3224 1128 3301 qui
1150 3222 1562 3284 Achradinam
1591 3223 1894 3297 tenebant,
1924 3228 2128 3284 castra
2147 3227 2362 3281 vetera

390 3310 809 3369 Romanorum
850 3307 1107 3369 adortus
1148 3314 1273 3383 est,
1318 3306 1542 3384 quibus
1575 3306 1892 3382 Crispinus
1934 3309 2254 3383 praeerat3
2300 3308 2363 3363 et

393 3391 708 3471 Epicydes
752 3391 1135 3468 eruptionem
1169 3393 1229 3452 in
1262 3390 1558 3453 stationes
1587 3390 1860 3451 Marcelli
1889 3388 2064 3461 fecit3
2109 3394 2172 3448 et
2199 3389 2360 3448 clas-

390 3474 484 3537 sis
525 3473 757 3537 Punica
805 3474 997 3553 litori,
1056 3476 1223 3552 quod
1272 3474 1431 3537 inter
1479 3476 1695 3537 urbem
1737 3480 1798 3538 et
1839 3480 2043 3536 castra
2083 3472 2362 3533 Romana
