2550 3959
699 202 931 263 LIBER
957 202 1139 261 XXX.
1188 200 1354 263 CAP.
1384 210 1472 264 28.
1517 207 1591 275 [a.
1617 206 1680 259 C.
1711 206 1837 274 202]
2121 200 2251 263 349

447 352 721 414 XXVIII.
780 352 943 411 Inter
983 350 1135 413 haec
1174 350 1356 411 simul·
1403 366 1552 427 spes
1595 351 1774 411 simul
1817 366 1966 411 cura
2006 350 2068 409 in
2111 350 2250 413 dies

278 436 631 507 crescebat,
678 450 793 495 nec
822 434 973 496 satis
1004 440 1233 495 certum
1263 441 1547 495 constare
1576 435 1746 511 apud
1779 434 2247 510 animum-pote-

279 528 405 596 rat,
445 516 644 581 utrum
671 518 897 595 gaudio
928 518 1179 593 dignum
1207 524 1378 579 esset
1403 518 1805 579 Hannibalem
1834 524 1980 594 post
2006 524 2248 579 sextum

277 604 587 665 decimum
616 619 838 677 annum
869 619 949 663 ex
973 604 1147 663 ltalia
1176 602 1576 663 decedentem
1604 617 1865 663 vacuam
1893 602 2248 678 possessio·

284 703 424 749 nem
446 688 579 749 eius
602 686 925 763 reliquisse
947 686 1179 763 populo
1192 687 1491 763 Romano,
1513 702 1593 747 an
1614 686 1812 763 magis
1835 686 2247 761 metuendum,

278 772 455 847 quod
492 771 777 832 incolumi
818 770 1180 831 exercituin
1207 770 1480 831 Africam
1524 771 1867 833 transisset.
1909 770 2132 830 iocum
2158 770 2250 829 ni-

284 856 529 929 mirum,
575 870 697 915 non
731 854 1065 931 periculum
1094 860 1420 923 mutatum3
1465 854 1638 915 cuius
1668 862 1871 916 tantae
1914 853 2249 915 dimicatio*

281 940 377 1001 nis
407 946 625 1015 vatem,
660 939 763 1015 qui
789 954 987 1015 nuper
1015 938 1409 1013 decessisset,
1453 937 1520 1011 Q.
1548 938 1804 999 Fabium
1831 938 2000 999 haud
2029 939 2248 999 frustra

287 1036 505 1083 canere
545 1022 791 1084 solitum
838 1022 1184 1097 graviorem
1226 1022 1286 1082 in
1330 1038 1447 1083 sua
1483 1027 1645 1081 terra
1695 1022 1960 1082 futurum
2007 1022 2249 1083 hostem

282 1106 701 1179 Hannibalem,
734 1121 917 1182 quam
945 1106 1008 1165 in
1036 1106 1237 1165 aliena
1264 1104 1502 1167 fuisset.
1547 1120 1662 1165 nec
1685 1104 1960 1181 Scipioni
1990 1112 2094 1166 aut
2114 1121 2250 1166 cum

281 1188 591 1265 Syphace,
621 1189 973 1249 inconditae
992 1189 1313 1250 barbariae
1335 1205 1500 1265 rege,
1531 1188 1627 1249 cui
1641 1188 1942 1249 Statorius
1970 1188 2253 1251 semilixa

279 1273 510 1333 ducere
536 1273 843 1334 exercitus
873 1273 1090 1334 solitus
1120 1273 1219 1347 sit,
1263 1279 1367 1333 aut
1393 1288 1531 1333 cum
1561 1288 1783 1333 socero
1815 1273 1949 1333 eius
1977 1272 2250 1333 Hasdru-

284 1356 453 1431 bale,
508 1356 903 1433 fugacissimo
947 1358 1133 1431 duce,
1185 1373 1317 1417 rem
1361 1358 1652 1430 futuram,
1709 1363 1812 1417 aut
1851 1356 2252 1419 tumultuariis

278 1440 654 1503 exercitibus
684 1458 764 1502 ex
803 1442 1131 1517 agrestium
1174 1441 1458 1501 semermi
1487 1439 1664 1500 turba
1693 1440 1893 1501 subito
1937 1439 2252 1515 coniectiS,

283 1526 397 1586 sed
440 1540 579 1585 cum
604 1524 975 1600 Hannibale,
1018 1540 1217 1603 prope
1245 1530 1389 1586 nato
1421 1525 1481 1583 in
1524 1525 1830 1599 praetorio
1859 1523 2053 1602 patris
2070 1569 2088 1599 ,
2129 1524 2252 1585 for-

280 1608 500 1670 tissimi
525 1610 721 1681 ducis‚
753 1609 895 1669 alito
926 1615 1111 1684 atque
1140 1608 1402 1669 educato
1434 1610 1590 1669 inter
1617 1624 1803 1683 arma,
1837 1624 2029 1684 puero
2056 1623 2254 1683 quon-

279 1694 426 1754 dam
440 1694 645 1766 milite‚
668 1692 921 1754 vixdum
943 1692 1167 1769 iuvene
1188 1692 1556 1769 imperatore
1571 1718 1586 1761 ς
1616 1692 1720 1767 qui
1736 1707 1931 1751 senex
1943 1691 2250 1753 vincendo

284 1778 483 1839 factus
504 1772 837 1854 Hispanias
860 1776 1085 1837 Gallias
1106 1776 1342 1857 Italiam
1371 1776 1448 1836 ab
1468 1774 1734 1851 Alpibus
1764 1776 1845 1836 ad
1875 1775 2092 1837 fretum
2120 1792 2252 1837 mo-

284 1860 587 1924 numentis
616 1861 947 1937 ingentium
973 1876 1175 1921 rerum
1208 1860 1599 1935 complesset.
1663 1859 1890 1920 ducere
1921 1859 2250 1923 exercitum

278 1946 603 2023 aequalem
631 1945 954 2022 stipendiis
982 1945 1133 2021 suiS,
1180 1945 1458 2006 duratum
1490 1943 1756 2005 omnium
1787 1959 1991 2005 rerum
2019 1943 2254 2019 patien-

283 2029 385 2103 tia,
420 2046 575 2107 quas
603 2030 710 2091 vix
737 2029 896 2091 fides
926 2030 1033 2091 fiat
1060 2028 1342 2091 homines
1368 2044 1614 2105 paSSOS,
1644 2028 1962 2104 perfusum
1989 2028 2252 2089 milliens

280 2130 501 2175 cruore
527 2116 806 2179 Romano
824 2162 839 2189 ,
884 2113 1139 2175 exuvias
1181 2130 1304 2175 non
1349 2112 1603 2176 militum
1642 2118 1874 2174 tantum
1915 2112 2027 2173 sed
2071 2111 2250 2174 etiam

283 2198 716 2274 imperatorum
758 2204 1116 2274 portantem.
1188 2200 1415 2258 multos
1459 2212 1832 2259 occursuros
1874 2194 2150 2272 Scipioni
2192 2198 2250 2255 in

284 2280 433 2355 acie,
468 2280 572 2355 qui
599 2288 935 2355 praetoreS‚
980 2280 1087 2356 qui
1115 2280 1539 2356 imperator-ea,
1580 2280 1686 2356 qui
1717 2279 2006 2341 consules
2027 2282 2251 2341 Roma-

284 2380 401 2425 nos
442 2380 557 2424 sua
596 2379 782 2424 manu
823 2362 1228 2437 occidissent,
1284 2363 1621 2425 muralibus
1663 2362 2123 2439 vallaribusque
2163 2363 2251 2423 in-

284 2448 494 2523 signes
540 2446 818 2523 coroniS,
875 2453 1247 2524 pervagatos
1288 2452 1472 2523 capta
1514 2453 1746 2522 castra,
1804 2452 2019 2522 captas
2062 2447 2250 2509 urbes

282 2532 617 2595 Romanas.
655 2546 779 2591 non
809 2547 953 2593 esse
980 2531 1168 2593 hodie
1195 2537 1288 2593 tot
1315 2532 1520 2593 fasces
1549 2529 2005 2607 magistratibus
2039 2532 2250 2607 populi

284 2614 573 2687 Romani,
632 2622 782 2689 quot
824 2621 1041 2692 captos
1091 2632 1173 2677 ex
1214 2616 1408 2677 caede
1456 2616 1891 2692 imperatorum
1939 2617 2252 2692 praeferre

286 2706 505 2775 posset
529 2698 850 2781 Hannibal.
896 2699 1011 2761 has
1043 2699 1398 2761 formidines
1427 2699 1718 2777 agitando
1749 2698 1968 2763 animis
1995 2699 2116 2775 ipsi
2147 2714 2252 2760 cu·

281 2799 389 2845 ras
418 2790 478 2843 et
503 2791 703 2845 metus
732 2784 1067 2867 augebant,
1110 2784 1290 2845 etiam
1323 2784 1494 2861 quod
1509 2828 1523 2856 ,
1571 2800 1709 2845 cum
1741 2784 2114 2845 adsuessent
2141 2798 2252 2859 per

288 2867 520 2945 aliquot
546 2884 742 2930 annos
764 2868 991 2928 bellum
1019 2874 1161 2930 ante
1182 2869 1398 2929 oculos
1429 2868 1565 2929 aliis
1589 2875 1776 2943 atque
1797 2866 1934 2928 aliis
1957 2866 2019 2927 in
2039 2866 2251 2928 Italiae

286 2953 559 3028 partibus
581 2953 745 3013 lenta
767 2968 881 3028 spe
908 2952 968 3011 in
989 2952 1218 3013 nullum
1242 2951 1656 3028 propinquum
1685 2951 2037 3013 debellandi
2065 2952 2248 3013 finem

284 3051 517 3112 gerere,
546 3043 868 3098 erexerant
876 3036 1158 3097 onmium
1177 3036 1414 3098 animos
1429 3036 1638 3113 Scipio
1661 3043 1722 3098 et
1733 3035 2053 3109 Hannibal,
2085 3036 2250 3097 velut

287 3119 366 3179 ad
395 3136 749 3195 supremum
777 3126 1081 3181 certamen
1112 3121 1448 3196 comparati
1477 3120 1690 3183 duces.
1732 3120 1790 3181 ei
1815 3136 2080 3197 quoque,
2115 3119 2251 3197 qui·

284 3202 405 3263 bus
435 3210 569 3264 erat
596 3204 811 3281 ingens
842 3205 903 3267 in
934 3204 1223 3281 Scipione
1252 3202 1482 3266 fiducia
1510 3210 1570 3265 et
1595 3204 1892 3265 victoriae
1919 3220 2089 3280 speS,
2124 3220 2248 3280 quo

284 3285 483 3363 magis
524 3287 587 3349 in
625 3288 1035 3366 propinquam
1060 3305 1198 3351 eam
1234 3287 1632 3350 imminebant
1669 3287 1921 3363 animiS,
1961 3302 2037 3349 eo
2067 3303 2250 3349 curae

286 3376 461 3431 erant
497 3370 853 3435 intentioris.
916 3372 1083 3447 haud
1114 3372 1332 3448 dispar
1355 3370 1602 3435 habitus
1631 3372 1970 3435 animorum
2000 3370 2248 3433 Cartha-

283 3454 665 3531 giniensibus
714 3463 871 3530 erat,
934 3473 1094 3534 quos
1134 3457 1322 3519 modo
1367 3456 1600 3533 petisse
1647 3471 1897 3533 pacem,
1946 3455 2249 3519 intuentes
