2550 3959
594 271 824 331 LIBER
850 271 1117 331 xxvm.
1164 270 1331 331 cAP.
1359 279 1447 334 46.
1494 277 1568 345 [ι.
1599 277 1665 331 c.
1693 273 1822 349 205]
2060 262 2186 330 277

220 423 552 488 tutantibus
573 423 892 499 repentino
920 422 1191 484 adventu
1212 422 1392 499 cepit.
1433 423 1577 483 inde
1604 424 1686 484 ad
1716 440 1885 485 oram
1898 425 2185 501 Ligurum

220 509 604 587 Alpinorum,
650 507 704 567 si
735 523 892 583 quos
922 506 1007 567 ibi
1030 512 1238 569 motus
1267 507 1475 567 facere
1505 515 1737 583 posset,
1782 507 2048 570 classem
2076 526 2186 585 ap-

221 594 395 673 pulit.
460 591 715 668 Ingauni
734 622 823 636 —-
840 590 1131 667 Ligurum
1160 606 1236 651 ea
1261 606 1416 667 gens
1445 597 1543 652 est
1568 623 1656 636 -—-
1679 590 1907 653 bellum
1934 609 2010 653 ea
2036 600 2186 654 tem·

222 684 461 757 pestate
487 675 783 753 gerebant
808 691 948 736 cum
974 674 1320 752 Epanteriis
1351 675 1678 737 montanis.
1734 674 1917 753 igitur
1941 676 2186 739 Poenus

221 764 486 837 Savone,
532 759 764 838 oppido
792 759 1037 834 Alpino,
1078 759 1312 835 praeda
1339 758 1624 836 deposita
1651 765 1713 821 et
1741 761 1956 821 decem
1986 762 2187 836 longis

219 846 483 908 navibus
513 844 575 905 in
605 844 867 906 statione
896 844 978 903 ad
1005 842 1386 920 praesidium
1411 844 1658 918 relictis,
1690 844 1911 906 ceteris
1943 845 2188 906 Cartha-

220 930 424 1008 ginem
443 929 653 991 missis
675 928 757 990 ad
778 927 1069 989 tuendam
1091 925 1451 989 maritimam
1480 943 1669 1003 oram,
1701 928 1844 1003 quia
1872 929 2035 989 sama
2059 935 2191 989 erat

222 1016 577 1093 Scipionem
602 1012 1013 1088 traiecturum,
1042 1010 1181 1088 ipse
1210 1010 1506 1073 societate
1536 1027 1674 1073 cum
1693 1012 2006 1090 IngauniS,
2037 1028 2188 1090 quo·
2269 1044 2274 1049 ·

220 1118 357 1163 rum
398 1100 653 1177 gratiam
690 1096 983 1171 malebat,
1031 1095 1376 1171 composita
1415 1101 1742 1157 montanos
1785 1094 2036 1157 instituit
2078 1114 2187 1174 op-

223 1198 517 1263 pugnare.
580 1190 641 1244 et
674 1180 992 1243 crescebat
1018 1179 1326 1241 exercitus
1356 1179 1417 1239 in
1447 1180 1601 1255 dies,
1632 1180 1714 1241 ad
1744 1180 1965 1241 famam
1996 1182 2188 1242 nomi-

220 1272 318 1331 nis
343 1270 477 1331 eius
490 1267 680 1329 Gallis
699 1264 974 1341 undique
997 1262 1469 1325 confluentibus.
1500 1262 1803 1325 ealittcris
1822 1280 1924 1325 res
1948 1264 2186 1341 cognita

223 1354 333 1432 Sp.
361 1351 653 1428 Lucretii,
698 1366 779 1413 ne
817 1350 1041 1411 frustra
1066 1347 1456 1410 Hasdrubale
1492 1363 1630 1409 cum
1671 1348 1944 1409 exercitu
1985 1349 2188 1409 deleto

222 1438 468 1500 biennio
495 1443 635 1497 ante
661 1437 864 1497 forent
890 1433 1111 1509 laetati,
1151 1434 1205 1494 si
1234 1449 1350 1510 par
1375 1432 1545 1494 aliud
1573 1432 1717 1493 inde
1741 1432 1986 1507 bellum,
2033 1434 2188 1494 duce

222 1530 454 1585 tantum
479 1526 709 1583 mutato
723 1566 739 1594 ,
786 1524 1078 1593 oreretur,
1120 1533 1332 1579 miram
1360 1518 1666 1593 ingentem
1695 1518 1978 1581 accendit
2005 1518 2184 1593 patri-

227 1610 361 1669 bus.
402 1607 609 1683 itaque
634 1611 696 1666 et
714 1602 798 1664 M.
809 1602 1047 1663 Livium
1069 1602 1505 1679 proconsulem
1535 1618 1612 1661 ex
1633 1601 1874 1663 Etruria
1898 1601 2190 1663 volonum

224 1692 555 1754 exercitum
582 1689 915 1751 admovere
941 1686 1282 1747 Ariminum
1309 1687 1652 1759 iusserunt,
1701 1692 1762 1746 et
1791 1686 1895 1747 cn.
1927 1684 2189 1747 Servilio

226 1776 495 1856 praetori
522 1772 833 1850 negotium
862 1771 1086 1847 datum,
1115 1777 1185 1831 ut
1204 1770 1258 1829 si
1290 1785 1327 1831 e
1348 1785 1416 1830 re
1437 1768 1686 1846 publica
1714 1775 1996 1830 censeret
2024 1786 2188 1844 esse,

222 1861 491 1923 urbanas
514 1858 810 1935 legiones,
840 1854 1097 1931 imperio
1121 1854 1221 1915 cui
1241 1854 1555 1917 videretur
1575 1853 1740 1930 dato,
1771 1870 1853 1914 ex
1874 1853 2024 1914 urbe
2049 1854 2189 1915 duci

228 1946 478 2007 iuberet.
556 1942 639 2004 Μ.
687 1939 973 2001 Valerius
1019 1939 1330 2001 Laevinus
1380 1938 1686 1999 Arretium
1752 1952 1860 1999 eas
1911 1937 2188 2014 legiones

228 2030 415 2092 duxit.

393 2112 642 2175 Eisdem
684 2108 902 2173 diebus
946 2124 1139 2169 naves
1181 2106 1502 2168 onerariae
1529 2107 1875 2169 Poenorum
1902 2106 1984 2167 ad
2020 2113 2188 2168 octo·

228 2201 392 2274 ginta
444 2197 610 2258 circa
662 2192 1005 2257 Sardiniam
1056 2191 1133 2253 ab
1179 2190 1286 2251 Cn.
1332 2190 1583 2253 Octavio
1600 2239 1617 2268 ‚
1671 2191 1778 2267 qui
1833 2190 2190 2268 provinciae

225 2289 535 2359 praeerat,
589 2286 806 2356 captae
844 2284 1004 2337 sunt.
1070 2290 1179 2335 eas
1222 2273 1468 2336 Coelius
1515 2276 1817 2336 muuento
1865 2276 2058 2335 misso
2110 2275 2190 2334 ad

226 2366 628 2428 Hannibalem
682 2367 1145 2437 commeatuque
1199 2365 1456 2420 onustas
1470 2405 1487 2433 ,
1553 2358 1837 2420 Valerius
1895 2358 2190 2435 praedam

226 2452 542 2513 Etruscam
568 2448 979 2523 Ligurumque
1005 2448 1432 2506 montanorum
1460 2443 1740 2520 captivos
1770 2441 2192 2517 Carthaginem

230 2540 542 2613 portantes
571 2532 773 2593 tradit.
822 2531 886 2591 in
910 2526 1158 2591 Bruttiis
1188 2526 1340 2587 nihil
1367 2527 1558 2587 ferme
1587 2542 1749 2588 anno
1779 2539 1854 2586 eo
1887 2540 2189 2586 memora-

228 2622 351 2681 bile
378 2624 636 2695 gestum.
676 2613 1025 2692 pestilentia
1049 2612 1392 2673 incesserat
1419 2609 1552 2687 pari
1581 2610 1760 2671 clade
1786 2608 1849 2670 in
1870 2609 2188 2671 Romanos

228 2704 613 2778 Poenosque,
659 2699 778 2761 nisi
808 2698 978 2775 quod
1003 2696 1297 2758 Punicum
1329 2694 1662 2756 exercitum
1691 2710 1882 2771 super
1908 2692 2188 2755 morbum

230 2788 409 2850 etiam
455 2787 647 2847 fames
687 2781 930 2845 adfecit.
992 2786 1249 2859 propter
1276 2779 1528 2839 Iunonis
1567 2778 1854 2839 Laciniae
1894 2778 2186 2854 templum

230 2878 524 2934 aestatem
550 2868 851 2931 Hannibal
894 2864 1045 2942 egit,
1088 2862 1298 2941 ibique
1339 2879 1506 2924 aram
1539 2862 1812 2925 condidit
1854 2860 2188 2923 dedicavit-

234 2972 353 3033 que
382 2972 520 3015 cum
556 2953 783 3029 ingenti
809 2965 1012 3012 rerum
1052 2954 1362 3025 gestarum
1387 2946 1591 3024 titulo,
1632 2944 1877 3009 PunicIs
1909 2946 2187 3008 Graecis·

235 3056 355 3112 que
382 3038 594 3099 litteris
624 3037 955 3113 insculpto.
2127 3037 2138 3044 '

1010 3260 1157 3269 ——----
1168 3258 1223 3269 --0
1234 3260 1410 3269 --.--.---
