2550 3959
562 215 793 276 mmm
819 214 1058 276 xxvu.
1106 215 1504 278 CAP.41.42.
1551 218 1620 296 [a.
1652 222 1716 273 c.
1748 225 1875 290 που
2065 218 2194 296 209

230 369 327 430 sul
356 365 599 444 ingenio
620 365 819 428 hostis
847 382 1018 442 usu8‚
1050 381 1173 446 quo
1202 365 1405 426 minus
1435 365 1494 426 in
1523 372 1647 426 tam
1674 366 1903 443 apertis
1933 366 2191 432 collibus

224 451 423 512 timeri
445 450 706 511 insidiae
726 456 1026 526 poterant,
1061 449 1335 526 quinque
1359 443 1643 511 cohortes
1667 449 1893 511 additis
1919 451 2192 528 quinque

223 534 555 611 manipulis
578 540 761 596 nocte
781 533 984 610 iugum
1007 549 1304 611 superare
1324 533 1464 596 etin
1502 533 1738 594 aversis
1764 535 2020 596 collibus
2045 551 2189 596 con-

224 619 433 680 sidere
455 617 640 679 iubet.
686 625 924 694 tempus
947 617 1320 693 exsurgendi
1345 633 1422 677 ex
1445 617 1684 678 insidiis
1708 624 1768 679 ct
1787 618 2189 694 adgrediendi

222 702 466 763 hostem
479 701 939 762 Tib.Claudium
951 700 1227 761 Asellum
1248 699 1553 763 tribunum
1584 701 1835 764 militum
1863 708 1924 762 et
1935 701 1998 762 P.
2016 703 2189 763 Clau-

226 786 394 847 dium
434 785 813 864 praefectum
853 784 1091 846 socium
1134 785 1380 860 edocet,
1427 801 1586 862 quos
1617 802 1754 848 cum
1799 786 1874 846 iis
1901 786 2190 848 mittebat.

221 870 363 946 ipse
399 871 539 930 luce
584 869 782 948 prima
830 868 1045 947 copias
1093 884 1310 930 omnes
1362 868 1632 944 peditum
1682 869 2079 950 equitumque
2129 870 2188 930 in

222 953 418 1014 aciem
445 951 676 1014 eduxit.
729 954 914 1029 paulo
944 959 1173 1030 postet
1200 952 1279 1012 ab
1303 953 1644 1013 Hannibale
1673 953 1915 1030 signum
1944 968 2191 1030 pugnae

220 1036 607 1114 propositum
644 1044 767 1110 est,
815 1038 1167 1111 clamorque
1196 1036 1257 1096 in
1289 1035 1505 1097 castris
1536 1037 1617 1097 ad
1645 1052 1816 1097 arma
1844 1036 2189 1100 discurren—

220 1121 371 1183 tium
412 1127 509 1182 est
546 1120 844 1181 sublatus.
909 1121 1052 1183 inde
1094 1136 1288 1198 eques
1317 1120 1638 1196 pedesque
1681 1119 1954 1182 certatim
1992 1120 2188 1199 portis

220 1219 433 1277 ruere,
480 1219 553 1264 ac
580 1203 767 1282 palati
794 1218 909 1282 per
937 1220 1217 1282 campum
1251 1219 1588 1280 properare
1618 1204 1698 1264 ad
1725 1205 1961 1267 hostes.
2030 1221 2188 1280 quos

219 1287 329 1350 ubi
372 1285 607 1350 effusos
637 1287 853 1348 consul
886 1287 1077 1364 videt,
1120 1288 1362 1350 tribuno
1392 1287 1644 1349 militum
1673 1287 1887 1348 tertiae
1926 1287 2188 1362 legionis

223 1371 286 1432 C.
315 1371 730 1433 Aurunculeio
773 1371 1059 1448 imperat,
1100 1379 1169 1433 ut
1205 1373 1443 1448 equites
1487 1371 1748 1447 legionis
1793 1377 2018 1450 quanto
2063 1387 2185 1431 ma-

220 1454 389 1515 ximo
419 1454 647 1533 impetu
676 1455 877 1531 possit
905 1454 968 1514 in
986 1455 1230 1516 hostem
1258 1455 1516 1516 emittat=
1561 1455 1644 1516 ita
1673 1471 1971 1532 pecorum
1999 1455 2182 1516 modo

220 1539 669 1617 incompositos
698 1545 826 1602 toto
857 1539 1092 1616 passim
1122 1555 1193 1600 se
1222 1555 1444 1616 campo
1475 1539 1730 1615 fudisse,
1769 1545 1832 1600 ut
1861 1539 2048 1602 sterni
2079 1539 2186 1601 ob·

220 1623 463 1698 terique
502 1623 865 1701 priusquam
904 1622 1281 1684 instruantur
1319 1623 1581 1700 possint.
1680 1623 1855 1683 XLII.
1913 1624 2186 1684 nondum

219 1705 523 1768 Hannibal
562 1722 598 1767 e
638 1706 855 1766 eastris
909 1706 1166 1782 exierat,
1226 1721 1364 1766 cum
1414 1705 1810 1782 pugnantium
1861 1706 2185 1768 clamorem

224 1789 477 1852 audivit.
539 1790 745 1866 itaque
776 1789 1015 1851 excitus
1042 1790 1302 1850 tumultu
1329 1789 1550 1864 raptim
1588 1789 1668 1848 ad
1697 1787 1938 1850 hostem
1970 1790 2185 1865 copias

221 1875 362 1952 agit.
428 1874 550 1935 iam
583 1875 822 1954 *primos
867 1879 1281 1950 occupaverat
1321 1878 1608 1948 equester
1647 1879 1872 1945 terror3
1918 1873 2188 1949 peditum

222 1959 406 2019 etiam
444 1957 641 2035 prima
669 1957 829 2033 legio
874 1963 935 2019 et
964 1957 1180 2018 dextra
1220 1956 1320 2018 ala
1352 1957 1654 2033 proelium
1695 1956 1914 2017 inibate
1959 1956 2186 2018 incom-

219 2042 408 2120 positi
434 2042 678 2118 hosteS‚
722 2048 788 2102 ut
817 2056 1122 2118 quemque
1151 2048 1254 2103 aut
1282 2041 1476 2118 pediti
1505 2048 1609 2101 aut
1649 2040 1837 2116 equiti
1865 2056 2050 2102 casus
2080 2041 2189 2103 ob-

219 2127 384 2200 tulit,
428 2125 509 2186 ita
553 2132 882 2187 conserunt
921 2141 1157 2190 manus.
1246 2125 1468 2185 crescit
1509 2140 1718 2201 pugna
1760 2125 2084 2200 subsidiis,
2131 2133 2191 2186 et

224 2208 711 2286 procurrentium
753 2209 835 2271 ad
865 2215 1170 2268 certamen
1200 2224 1453 2269 numero
1485 2215 1772 2283 augetur3
1815 2216 2178 2285 pugnantes·

222 2309 362 2370 que,
395 2293 565 2368 quod
586 2293 704 2354 nisi
733 2291 795 2354 in
818 2298 1027 2353 vetere
1054 2291 1326 2352 exercitu
1355 2296 1415 2351 et
1445 2291 1586 2352 duci
1609 2291 1800 2352 veteri
1821 2292 1986 2353 haud
2011 2293 2189 2355 facile

222 2385 335 2452 est,
379 2376 536 2437 inter
564 2377 879 2438 tumultum
910 2391 983 2437 ac
1012 2381 1308 2436 terrorem
1335 2374 1734 2436 instruxisset
1759 2375 2080 2451 Hannibal,
2125 2377 2188 2436 ni

223 2461 567 2522 cohortium
594 2477 668 2522 ac
710 2460 1155 2536 manipulorum
1188 2459 1454 2519 decursu
1483 2474 1597 2534 per
1625 2458 1816 2518 colles
1850 2460 2080 2518 clamor
2109 2460 2187 2520 ab

219 2553 394 2620 tergo
424 2543 667 2605 auditus
698 2550 940 2619 metum,
981 2559 1059 2604 ne
1086 2541 1634 2604 intercluderentur
1663 2541 1897 2614 castriS,
1946 2540 2187 2602 iniecis-

220 2636 333 2690 set.
401 2627 543 2688 inde
572 2644 771 2706 pavor
811 2626 1098 2688 incussus
1130 2633 1191 2687 et
1218 2627 1363 2702 fuga
1390 2625 1626 2702 passim
1656 2624 1786 2686 fieri
1825 2632 2046 2702 coepta
2074 2632 2186 2686 est.

220 2712 547 2786 minorque
590 2711 816 2771 caedes
860 2711 999 2784 ruit,
1048 2710 1192 2786 quia
1220 2709 1652 2788 propinquitas
1683 2715 2024 2770 castrorum
2051 2709 2187 2771 bre—

220 2797 455 2856 viorem
493 2796 699 2870 fugam
743 2795 1042 2871 perculsis
1074 2794 1234 2855 fecit.
1303 2793 1543 2870 equites
1575 2792 1735 2853 enim
1763 2799 1937 2868 tergo
1979 2793 2187 2853 inhae-

218 2881 471 2951 rebant;
500 2879 563 2938 in
591 2885 949 2939 transversa
976 2879 1167 2939 latera
1194 2879 1550 2940 invaserant
1579 2876 1864 2939 cohortes
1897 2877 2188 2939 secundis

219 2963 480 3026 collibus
510 2964 613 3023 via
642 2962 807 3023 nuda
836 2978 909 3024 ac
939 2961 1101 3022 sacili
1131 2963 1548 3024 decurrentes.
1595 2969 1798 3024 tamen
1829 2978 2022 3038 supra
2048 2969 2188 3024 octo
2307 2987 2314 2995 ·

216 3047 388 3109 milia
425 3046 740 3107 hominum
784 3046 1026 3119 occisa,
1072 3063 1263 3122 supra
1304 3048 1728 3125 septingentos
1768 3047 1966 3124 capti;
2013 3048 2190 3122 signa

215 3131 502 3192 militaria
529 3146 752 3190 novem
783 3132 1101 3207 adempta;
1132 3131 1440 3207 elephanti
1470 3132 1668 3206 etiam,
1703 3147 1961 3206 quorum
1986 3131 2189 3191 nullus

216 3232 375 3277 usus
417 3213 479 3274 ln
519 3214 838 3291 repentina
867 3232 941 3275 ac
978 3216 1367 3277 tumultuaria
1396 3233 1606 3293 pugna
1633 3217 1860 3292 fuerat,
1909 3222 2192 3290 quattuor

218 3298 433 3373 occisi,
466 3299 590 3361 duo
614 3297 796 3374 capti.
842 3298 1006 3361 circa
1030 3298 1397 3378 quingentos
1410 3301 1830 3361 Romanorum
1853 3299 2190 3361 sociorum-

221 3397 345 3460 que
377 3383 647 3443 victores
681 3381 1049 3444 ceciderunt.
1095 3389 1348 3459 postero
1381 3384 1480 3444 die
1491 3383 1734 3444 Poenus
1770 3385 2026 3460 quievit=
2067 3385 2192 3444 Ro-

218 3483 441 3529 manus
472 3466 532 3526 in
575 3467 767 3527 aciem
798 3467 996 3544 copiis
1038 3466 1274 3528 eductis
1308 3474 1638 3543 postquam
1675 3468 1979 3529 neminem
2015 3467 2188 3544 sigua

304 3568 360 3610 τ.
391 3567 514 3608 ιινι
544 3567 695 3609 PARS
725 3549 825 3608 111.
1710 3561 1776 3613 14
