<?xml version="1.0" encoding="UTF-8"?>
<!DOCTYPE html PUBLIC "-//W3C//DTD XHTML 1.0 Transitional//EN"
    "http://www.w3.org/TR/xhtml1/DTD/xhtml1-transitional.dtd">
<html xmlns="http://www.w3.org/1999/xhtml" xml:lang="en" lang="en">
 <head>
  <title>
</title>
<meta http-equiv="Content-Type" content="text/html;charset=utf-8" />
  <meta name='ocr-system' content='tesseract 3.04.00' />
  <meta name='ocr-capabilities' content='ocr_page ocr_carea ocr_par ocr_line ocrx_word'/>
</head>
<body>
  <div class='ocr_page' id='page_1' title='image "./aburbeconditali13livygoog_0301.png"; bbox 0 0 2550 3959; ppageno 0'>
   <div class='ocr_carea' id='block_1_1' title="bbox 416 213 2072 297">
    <p class='ocr_par' dir='ltr' id='par_1_1' title="bbox 416 213 2072 297">
     <span class='ocr_line' id='line_1_1' title="bbox 416 213 2072 297; baseline 0 -18"><span class='ocrx_word' id='word_1_1' title='bbox 416 218 539 283; x_wconf 70' lang='lat'>⁴274</span> <span class='ocrx_word' id='word_1_2' title='bbox 662 214 892 274; x_wconf 80' lang='lat' dir='ltr'>LIBER</span> <span class='ocrx_word' id='word_1_3' title='bbox 918 213 1187 274; x_wconf 83' lang='lat' dir='ltr'><strong>XXVIII.</strong></span> <span class='ocrx_word' id='word_1_4' title='bbox 1234 214 1398 273; x_wconf 83' lang='lat' dir='ltr'><strong>CAP.</strong></span> <span class='ocrx_word' id='word_1_5' title='bbox 1429 222 1516 277; x_wconf 75' lang='lat'>44.</span> <span class='ocrx_word' id='word_1_6' title='bbox 1545 224 1632 277; x_wconf 79' lang='lat'>45.</span> <span class='ocrx_word' id='word_1_7' title='bbox 1678 216 1750 293; x_wconf 73' lang='lat' dir='ltr'>[a.</span> <span class='ocrx_word' id='word_1_8' title='bbox 1775 222 1846 278; x_wconf 89' lang='lat' dir='ltr'>U.</span> <span class='ocrx_word' id='word_1_9' title='bbox 1878 240 1924 277; x_wconf 86' lang='lat' dir='ltr'>c.</span> <span class='ocrx_word' id='word_1_10' title='bbox 1949 220 2072 297; x_wconf 79' lang='lat'>547]</span> 
     </span>
    </p>
   </div>
   <div class='ocr_carea' id='block_1_2' title="bbox 391 364 2374 3554">
    <p class='ocr_par' dir='ltr' id='par_1_2' title="bbox 395 364 2374 2611">
     <span class='ocr_line' id='line_1_2' title="bbox 414 364 2374 440; baseline 0.001 -11"><span class='ocrx_word' id='word_1_11' title='bbox 414 374 633 430; x_wconf 71' lang='lat' dir='ltr'>sortem</span> <span class='ocrx_word' id='word_1_12' title='bbox 676 372 797 425; x_wconf 85' lang='lat' dir='ltr'>tam</span> <span class='ocrx_word' id='word_1_13' title='bbox 840 366 1211 440; x_wconf 84' lang='lat' dir='ltr'>longinquae</span> <span class='ocrx_word' id='word_1_14' title='bbox 1239 364 1595 440; x_wconf 88' lang='lat' dir='ltr'>provinciae</span> <span class='ocrx_word' id='word_1_15' title='bbox 1623 380 1745 425; x_wconf 88' lang='lat' dir='ltr'>non</span> <span class='ocrx_word' id='word_1_16' title='bbox 1775 367 1958 426; x_wconf 81' lang='lat' dir='ltr'>venit.</span> <span class='ocrx_word' id='word_1_17' title='bbox 2025 368 2076 426; x_wconf 89' lang='lat' dir='ltr'>si</span> <span class='ocrx_word' id='word_1_18' title='bbox 2118 367 2374 430; x_wconf 77' lang='lat' dir='ltr'><strong>hercule</strong></span> 
     </span>
     <span class='ocr_line' id='line_1_3' title="bbox 408 448 2374 526; baseline 0.002 -16"><span class='ocrx_word' id='word_1_19' title='bbox 408 448 593 510; x_wconf 86' lang='lat' dir='ltr'>nihilo</span> <span class='ocrx_word' id='word_1_20' title='bbox 636 448 929 510; x_wconf 87' lang='lat' dir='ltr'>maturius</span> <span class='ocrx_word' id='word_1_21' title='bbox 972 449 1092 508; x_wconf 92' lang='lat' dir='ltr'>hoc</span> <span class='ocrx_word' id='word_1_22' title='bbox 1137 463 1258 525; x_wconf 90' lang='lat' dir='ltr'>quo</span> <span class='ocrx_word' id='word_1_23' title='bbox 1310 463 1424 523; x_wconf 84' lang='lat' dir='ltr'>ego</span> <span class='ocrx_word' id='word_1_24' title='bbox 1468 464 1693 509; x_wconf 81' lang='lat' dir='ltr'>censeo</span> <span class='ocrx_word' id='word_1_25' title='bbox 1737 449 1920 511; x_wconf 89' lang='lat' dir='ltr'>modo</span> <span class='ocrx_word' id='word_1_26' title='bbox 1973 451 2374 526; x_wconf 84' lang='lat' dir='ltr'>perficeretur</span> 
     </span>
     <span class='ocr_line' id='line_1_4' title="bbox 406 531 2372 614; baseline 0.002 -19"><span class='ocrx_word' id='word_1_27' title='bbox 406 535 665 611; x_wconf 88' lang='lat' dir='ltr'>bellum,</span> <span class='ocrx_word' id='word_1_28' title='bbox 706 540 907 593; x_wconf 89' lang='lat' dir='ltr'>tamen</span> <span class='ocrx_word' id='word_1_29' title='bbox 949 532 1030 591; x_wconf 91' lang='lat' dir='ltr'>ad</span> <span class='ocrx_word' id='word_1_30' title='bbox 1075 531 1423 607; x_wconf 85' lang='lat' dir='ltr'>dignitatem</span> <span class='ocrx_word' id='word_1_31' title='bbox 1465 532 1678 608; x_wconf 90' lang='lat' dir='ltr'>populi</span> <span class='ocrx_word' id='word_1_32' title='bbox 1719 533 1975 594; x_wconf 87' lang='lat' dir='ltr'>Romani</span> <span class='ocrx_word' id='word_1_33' title='bbox 2019 535 2372 614; x_wconf 81' lang='lat' dir='ltr'><strong>famamque</strong></span> 
     </span>
     <span class='ocr_line' id='line_1_5' title="bbox 407 616 2367 695; baseline 0.002 -18"><span class='ocrx_word' id='word_1_34' title='bbox 407 618 571 695; x_wconf 89' lang='lat' dir='ltr'>apud</span> <span class='ocrx_word' id='word_1_35' title='bbox 602 632 781 692; x_wconf 86' lang='lat' dir='ltr'>reges</span> <span class='ocrx_word' id='word_1_36' title='bbox 812 624 1149 691; x_wconf 83' lang='lat' dir='ltr'>gentesque</span> <span class='ocrx_word' id='word_1_37' title='bbox 1180 621 1464 677; x_wconf 87' lang='lat' dir='ltr'>externas</span> <span class='ocrx_word' id='word_1_38' title='bbox 1495 616 1850 692; x_wconf 75' lang='lat' dir='ltr'>pertinebat,</span> <span class='ocrx_word' id='word_1_39' title='bbox 1891 634 2013 679; x_wconf 90' lang='lat' dir='ltr'>non</span> <span class='ocrx_word' id='word_1_40' title='bbox 2045 619 2122 678; x_wconf 91' lang='lat' dir='ltr'>ad</span> <span class='ocrx_word' id='word_1_41' title='bbox 2153 620 2367 681; x_wconf 81' lang='lat' dir='ltr'>deren—</span> 
     </span>
     <span class='ocr_line' id='line_1_6' title="bbox 405 700 2372 765; baseline 0.002 -4"><span class='ocrx_word' id='word_1_42' title='bbox 405 702 670 763; x_wconf 88' lang='lat' dir='ltr'>dendum</span> <span class='ocrx_word' id='word_1_43' title='bbox 724 700 909 760; x_wconf 89' lang='lat' dir='ltr'>modo</span> <span class='ocrx_word' id='word_1_44' title='bbox 949 700 1182 760; x_wconf 87' lang='lat' dir='ltr'>Italiam</span> <span class='ocrx_word' id='word_1_45' title='bbox 1234 700 1348 760; x_wconf 88' lang='lat' dir='ltr'>sed</span> <span class='ocrx_word' id='word_1_46' title='bbox 1397 700 1475 760; x_wconf 86' lang='lat' dir='ltr'>ad</span> <span class='ocrx_word' id='word_1_47' title='bbox 1525 701 1840 762; x_wconf 81' lang='lat' dir='ltr'>inserenda</span> <span class='ocrx_word' id='word_1_48' title='bbox 1891 704 2068 763; x_wconf 87' lang='lat' dir='ltr'>etiam</span> <span class='ocrx_word' id='word_1_49' title='bbox 2117 704 2372 765; x_wconf 77' lang='lat' dir='ltr'>Africae</span> 
     </span>
     <span class='ocr_line' id='line_1_7' title="bbox 404 782 2366 863; baseline 0.002 -18"><span class='ocrx_word' id='word_1_50' title='bbox 404 802 572 845; x_wconf 78' lang='lat' dir='ltr'>anna</span> <span class='ocrx_word' id='word_1_51' title='bbox 610 784 807 844; x_wconf 89' lang='lat' dir='ltr'>videri</span> <span class='ocrx_word' id='word_1_52' title='bbox 847 782 1027 843; x_wconf 89' lang='lat' dir='ltr'>nobis</span> <span class='ocrx_word' id='word_1_53' title='bbox 1070 784 1336 844; x_wconf 89' lang='lat' dir='ltr'>animum</span> <span class='ocrx_word' id='word_1_54' title='bbox 1377 800 1554 856; x_wconf 86' lang='lat' dir='ltr'>esse;</span> <span class='ocrx_word' id='word_1_55' title='bbox 1597 798 1713 845; x_wconf 87' lang='lat' dir='ltr'>nec</span> <span class='ocrx_word' id='word_1_56' title='bbox 1740 784 1860 845; x_wconf 90' lang='lat' dir='ltr'>hoc</span> <span class='ocrx_word' id='word_1_57' title='bbox 1889 787 2056 846; x_wconf 89' lang='lat' dir='ltr'>credi</span> <span class='ocrx_word' id='word_1_58' title='bbox 2099 788 2366 863; x_wconf 82' lang='lat' dir='ltr'>vulgari-</span> 
     </span>
     <span class='ocr_line' id='line_1_8' title="bbox 406 867 2365 945; baseline 0.001 -15"><span class='ocrx_word' id='word_1_59' title='bbox 406 884 544 945; x_wconf 90' lang='lat' dir='ltr'>que,</span> <span class='ocrx_word' id='word_1_60' title='bbox 588 868 756 944; x_wconf 86' lang='lat' dir='ltr'>quod</span> <span class='ocrx_word' id='word_1_61' title='bbox 783 867 1084 930; x_wconf 79' lang='lat' dir='ltr'><strong>Hannibal</strong></span> <span class='ocrx_word' id='word_1_62' title='bbox 1112 883 1302 930; x_wconf 88' lang='lat' dir='ltr'>ausus</span> <span class='ocrx_word' id='word_1_63' title='bbox 1332 868 1438 944; x_wconf 90' lang='lat' dir='ltr'>sit,</span> <span class='ocrx_word' id='word_1_64' title='bbox 1481 868 1782 929; x_wconf 88' lang='lat' dir='ltr'>neminem</span> <span class='ocrx_word' id='word_1_65' title='bbox 1812 869 2028 930; x_wconf 89' lang='lat' dir='ltr'>ducem</span> <span class='ocrx_word' id='word_1_66' title='bbox 2056 871 2365 933; x_wconf 86' lang='lat' dir='ltr'>Romano-</span> 
     </span>
     <span class='ocr_line' id='line_1_9' title="bbox 402 950 2367 1033; baseline 0.001 -19"><span class='ocrx_word' id='word_1_67' title='bbox 402 969 535 1014; x_wconf 88' lang='lat' dir='ltr'>rum</span> <span class='ocrx_word' id='word_1_68' title='bbox 564 953 823 1025; x_wconf 85' lang='lat' dir='ltr'>audere,</span> <span class='ocrx_word' id='word_1_69' title='bbox 869 958 929 1013; x_wconf 87' lang='lat' dir='ltr'>et</span> <span class='ocrx_word' id='word_1_70' title='bbox 968 952 1174 1028; x_wconf 89' lang='lat' dir='ltr'>priore</span> <span class='ocrx_word' id='word_1_71' title='bbox 1200 950 1428 1033; x_wconf 80' lang='lat' dir='ltr'>Punico</span> <span class='ocrx_word' id='word_1_72' title='bbox 1467 951 1630 1015; x_wconf 91' lang='lat' dir='ltr'>bello</span> <span class='ocrx_word' id='word_1_73' title='bbox 1670 959 1825 1030; x_wconf 89' lang='lat' dir='ltr'>tum,</span> <span class='ocrx_word' id='word_1_74' title='bbox 1871 968 2007 1014; x_wconf 89' lang='lat' dir='ltr'>cum</span> <span class='ocrx_word' id='word_1_75' title='bbox 2049 954 2128 1015; x_wconf 85' lang='lat' dir='ltr'>de</span> <span class='ocrx_word' id='word_1_76' title='bbox 2157 954 2367 1016; x_wconf 82' lang='lat' dir='ltr'>Sicilia</span> 
     </span>
     <span class='ocr_line' id='line_1_10' title="bbox 403 1034 2366 1115; baseline 0.001 -17"><span class='ocrx_word' id='word_1_77' title='bbox 403 1042 761 1112; x_wconf 84' lang='lat' dir='ltr'>certaretur,</span> <span class='ocrx_word' id='word_1_78' title='bbox 808 1034 1030 1097; x_wconf 86' lang='lat' dir='ltr'>totiens</span> <span class='ocrx_word' id='word_1_79' title='bbox 1071 1036 1354 1110; x_wconf 53' lang='lat' dir='ltr'>Africam,</span> <span class='ocrx_word' id='word_1_80' title='bbox 1387 1034 1465 1097; x_wconf 84' lang='lat' dir='ltr'>ab</span> <span class='ocrx_word' id='word_1_81' title='bbox 1503 1037 1730 1099; x_wconf 87' lang='lat' dir='ltr'>nostris</span> <span class='ocrx_word' id='word_1_82' title='bbox 1773 1038 2264 1115; x_wconf 83' lang='lat' dir='ltr'>exercitibusque</span> <span class='ocrx_word' id='word_1_83' title='bbox 2305 1049 2366 1100; x_wconf 88' lang='lat' dir='ltr'>et</span> 
     </span>
     <span class='ocr_line' id='line_1_11' title="bbox 404 1120 2364 1210; baseline -0.001 -27"><span class='ocrx_word' id='word_1_84' title='bbox 404 1120 710 1183; x_wconf 87' lang='lat' dir='ltr'>classibus</span> <span class='ocrx_word' id='word_1_85' title='bbox 741 1129 1174 1210; x_wconf 77' lang='lat' dir='ltr'>oppugnatam,</span> <span class='ocrx_word' id='word_1_86' title='bbox 1206 1136 1386 1195; x_wconf 91' lang='lat' dir='ltr'>nunc,</span> <span class='ocrx_word' id='word_1_87' title='bbox 1419 1136 1554 1181; x_wconf 90' lang='lat' dir='ltr'>cum</span> <span class='ocrx_word' id='word_1_88' title='bbox 1586 1120 1664 1181; x_wconf 92' lang='lat' dir='ltr'>de</span> <span class='ocrx_word' id='word_1_89' title='bbox 1691 1122 1864 1181; x_wconf 85' lang='lat' dir='ltr'>Italia</span> <span class='ocrx_word' id='word_1_90' title='bbox 1897 1130 2174 1199; x_wconf 86' lang='lat' dir='ltr'>certetur,</span> <span class='ocrx_word' id='word_1_91' title='bbox 2202 1124 2364 1183; x_wconf 79' lang='lat' dir='ltr'>Afri-</span> 
     </span>
     <span class='ocr_line' id='line_1_12' title="bbox 403 1205 2364 1282; baseline 0.002 -17"><span class='ocrx_word' id='word_1_92' title='bbox 403 1222 535 1266; x_wconf 87' lang='lat' dir='ltr'>cam</span> <span class='ocrx_word' id='word_1_93' title='bbox 566 1211 845 1282; x_wconf 84' lang='lat' dir='ltr'>pacatam</span> <span class='ocrx_word' id='word_1_94' title='bbox 890 1220 1052 1265; x_wconf 89' lang='lat' dir='ltr'>esse.</span> <span class='ocrx_word' id='word_1_95' title='bbox 1113 1205 1463 1282; x_wconf 89' lang='lat' dir='ltr'>requiescat</span> <span class='ocrx_word' id='word_1_96' title='bbox 1497 1205 1826 1282; x_wconf 82' lang='lat' dir='ltr'>aliquando</span> <span class='ocrx_word' id='word_1_97' title='bbox 1857 1213 2078 1267; x_wconf 88' lang='lat' dir='ltr'>vexata</span> <span class='ocrx_word' id='word_1_98' title='bbox 2103 1213 2228 1267; x_wconf 84' lang='lat' dir='ltr'>tam</span> <span class='ocrx_word' id='word_1_99' title='bbox 2257 1208 2364 1269; x_wconf 86' lang='lat' dir='ltr'>diu</span> 
     </span>
     <span class='ocr_line' id='line_1_13' title="bbox 402 1289 2358 1366; baseline 0.002 -17"><span class='ocrx_word' id='word_1_100' title='bbox 402 1290 603 1366; x_wconf 85' lang='lat' dir='ltr'>ltalia,</span> <span class='ocrx_word' id='word_1_101' title='bbox 644 1296 851 1351; x_wconf 89' lang='lat' dir='ltr'>uratur</span> <span class='ocrx_word' id='word_1_102' title='bbox 888 1294 1323 1364; x_wconf 84' lang='lat' dir='ltr'>evasteturque</span> <span class='ocrx_word' id='word_1_103' title='bbox 1363 1290 1424 1349; x_wconf 91' lang='lat' dir='ltr'>in</span> <span class='ocrx_word' id='word_1_104' title='bbox 1465 1289 1662 1349; x_wconf 81' lang='lat' dir='ltr'>vicem</span> <span class='ocrx_word' id='word_1_105' title='bbox 1703 1290 1942 1362; x_wconf 78' lang='lat' dir='ltr'>Atrica3</span> <span class='ocrx_word' id='word_1_106' title='bbox 1996 1297 2197 1352; x_wconf 84' lang='lat' dir='ltr'>castra</span> <span class='ocrx_word' id='word_1_107' title='bbox 2236 1291 2358 1352; x_wconf 80' lang='lat' dir='ltr'>Ro-</span> 
     </span>
     <span class='ocr_line' id='line_1_14' title="bbox 403 1371 2359 1451; baseline 0.001 -18"><span class='ocrx_word' id='word_1_108' title='bbox 403 1390 582 1435; x_wconf 86' lang='lat' dir='ltr'>mana</span> <span class='ocrx_word' id='word_1_109' title='bbox 610 1375 816 1451; x_wconf 85' lang='lat' dir='ltr'>potius</span> <span class='ocrx_word' id='word_1_110' title='bbox 849 1371 1228 1449; x_wconf 82' lang='lat' dir='ltr'>Carthaginis</span> <span class='ocrx_word' id='word_1_111' title='bbox 1256 1372 1452 1450; x_wconf 90' lang='lat' dir='ltr'>portis</span> <span class='ocrx_word' id='word_1_112' title='bbox 1483 1373 1848 1450; x_wconf 88' lang='lat' dir='ltr'>immineant,</span> <span class='ocrx_word' id='word_1_113' title='bbox 1895 1390 2078 1450; x_wconf 87' lang='lat' dir='ltr'>quam</span> <span class='ocrx_word' id='word_1_114' title='bbox 2105 1390 2222 1435; x_wconf 84' lang='lat' dir='ltr'>nos</span> <span class='ocrx_word' id='word_1_115' title='bbox 2251 1374 2359 1435; x_wconf 89' lang='lat' dir='ltr'>ite-</span> 
     </span>
     <span class='ocr_line' id='line_1_15' title="bbox 400 1456 2363 1529; baseline 0 -11"><span class='ocrx_word' id='word_1_116' title='bbox 400 1474 535 1518; x_wconf 87' lang='lat' dir='ltr'>rum</span> <span class='ocrx_word' id='word_1_117' title='bbox 557 1459 783 1519; x_wconf 86' lang='lat' dir='ltr'>vallum</span> <span class='ocrx_word' id='word_1_118' title='bbox 797 1456 1065 1520; x_wconf 86' lang='lat' dir='ltr'>hostium</span> <span class='ocrx_word' id='word_1_119' title='bbox 1088 1474 1163 1518; x_wconf 87' lang='lat' dir='ltr'>ex</span> <span class='ocrx_word' id='word_1_120' title='bbox 1184 1457 1506 1518; x_wconf 88' lang='lat' dir='ltr'>moenibus</span> <span class='ocrx_word' id='word_1_121' title='bbox 1529 1458 1756 1520; x_wconf 82' lang='lat' dir='ltr'>nostris</span> <span class='ocrx_word' id='word_1_122' title='bbox 1777 1458 2131 1529; x_wconf 77' lang='lat' dir='ltr'>videamus3</span> <span class='ocrx_word' id='word_1_123' title='bbox 2153 1459 2363 1519; x_wconf 84' lang='lat' dir='ltr'>Africa</span> 
     </span>
     <span class='ocr_line' id='line_1_16' title="bbox 404 1541 2360 1619; baseline 0.001 -18"><span class='ocrx_word' id='word_1_124' title='bbox 404 1542 481 1603; x_wconf 85' lang='lat' dir='ltr'>sit</span> <span class='ocrx_word' id='word_1_125' title='bbox 503 1541 721 1619; x_wconf 89' lang='lat' dir='ltr'>reliqui</span> <span class='ocrx_word' id='word_1_126' title='bbox 742 1541 885 1601; x_wconf 90' lang='lat' dir='ltr'>belli</span> <span class='ocrx_word' id='word_1_127' title='bbox 909 1541 1113 1616; x_wconf 88' lang='lat' dir='ltr'>sedes,</span> <span class='ocrx_word' id='word_1_128' title='bbox 1145 1542 1288 1602; x_wconf 89' lang='lat' dir='ltr'>illuc</span> <span class='ocrx_word' id='word_1_129' title='bbox 1308 1547 1504 1603; x_wconf 89' lang='lat' dir='ltr'>terror</span> <span class='ocrx_word' id='word_1_130' title='bbox 1523 1542 1806 1619; x_wconf 77' lang='lat' dir='ltr'>fugaque,</span> <span class='ocrx_word' id='word_1_131' title='bbox 1839 1543 2153 1619; x_wconf 86' lang='lat' dir='ltr'>populatio</span> <span class='ocrx_word' id='word_1_132' title='bbox 2184 1558 2360 1618; x_wconf 78' lang='lat' dir='ltr'>agro-</span> 
     </span>
     <span class='ocr_line' id='line_1_17' title="bbox 404 1624 2360 1703; baseline 0.001 -15"><span class='ocrx_word' id='word_1_133' title='bbox 404 1642 553 1702; x_wconf 80' lang='lat' dir='ltr'>rum,</span> <span class='ocrx_word' id='word_1_134' title='bbox 598 1625 859 1686; x_wconf 79' lang='lat' dir='ltr'>defectio</span> <span class='ocrx_word' id='word_1_135' title='bbox 890 1626 1217 1701; x_wconf 85' lang='lat' dir='ltr'>sociorum,</span> <span class='ocrx_word' id='word_1_136' title='bbox 1250 1633 1492 1687; x_wconf 89' lang='lat' dir='ltr'>ceterae</span> <span class='ocrx_word' id='word_1_137' title='bbox 1518 1624 1660 1687; x_wconf 88' lang='lat' dir='ltr'>belli</span> <span class='ocrx_word' id='word_1_138' title='bbox 1691 1625 1919 1701; x_wconf 86' lang='lat' dir='ltr'>clades,</span> <span class='ocrx_word' id='word_1_139' title='bbox 1963 1626 2208 1703; x_wconf 84' lang='lat' dir='ltr'>quaein</span> <span class='ocrx_word' id='word_1_140' title='bbox 2239 1644 2360 1689; x_wconf 88' lang='lat' dir='ltr'>nos</span> 
     </span>
     <span class='ocr_line' id='line_1_18' title="bbox 402 1708 2360 1787; baseline 0 -16"><span class='ocrx_word' id='word_1_141' title='bbox 402 1726 514 1786; x_wconf 91' lang='lat' dir='ltr'>per</span> <span class='ocrx_word' id='word_1_142' title='bbox 544 1708 1027 1786; x_wconf 88' lang='lat' dir='ltr'>quattuordecim</span> <span class='ocrx_word' id='word_1_143' title='bbox 1058 1726 1252 1773; x_wconf 86' lang='lat' dir='ltr'>annos</span> <span class='ocrx_word' id='word_1_144' title='bbox 1281 1710 1652 1787; x_wconf 85' lang='lat' dir='ltr'>ingruerunt,</span> <span class='ocrx_word' id='word_1_145' title='bbox 1697 1717 2028 1771; x_wconf 83' lang='lat' dir='ltr'>vertantur.</span> <span class='ocrx_word' id='word_1_146' title='bbox 2092 1725 2253 1787; x_wconf 86' lang='lat' dir='ltr'>quae</span> <span class='ocrx_word' id='word_1_147' title='bbox 2281 1714 2360 1771; x_wconf 85' lang='lat' dir='ltr'>ad</span> 
     </span>
     <span class='ocr_line' id='line_1_19' title="bbox 400 1794 2358 1872; baseline 0.001 -19"><span class='ocrx_word' id='word_1_148' title='bbox 400 1810 526 1854; x_wconf 90' lang='lat' dir='ltr'>rem</span> <span class='ocrx_word' id='word_1_149' title='bbox 557 1796 861 1871; x_wconf 82' lang='lat' dir='ltr'>publicam</span> <span class='ocrx_word' id='word_1_150' title='bbox 892 1796 1193 1870; x_wconf 79' lang='lat' dir='ltr'>pertinent</span> <span class='ocrx_word' id='word_1_151' title='bbox 1220 1802 1282 1855; x_wconf 84' lang='lat' dir='ltr'>et</span> <span class='ocrx_word' id='word_1_152' title='bbox 1307 1795 1552 1872; x_wconf 90' lang='lat' dir='ltr'>bellum,</span> <span class='ocrx_word' id='word_1_153' title='bbox 1593 1794 1760 1871; x_wconf 91' lang='lat' dir='ltr'>quod</span> <span class='ocrx_word' id='word_1_154' title='bbox 1790 1796 1990 1868; x_wconf 86' lang='lat' dir='ltr'>instat,</span> <span class='ocrx_word' id='word_1_155' title='bbox 2024 1801 2085 1854; x_wconf 91' lang='lat' dir='ltr'>et</span> <span class='ocrx_word' id='word_1_156' title='bbox 2109 1795 2358 1871; x_wconf 84' lang='lat' dir='ltr'>provin-</span> 
     </span>
     <span class='ocr_line' id='line_1_20' title="bbox 400 1877 2360 1956; baseline 0.001 -18"><span class='ocrx_word' id='word_1_157' title='bbox 400 1880 545 1954; x_wconf 83' lang='lat' dir='ltr'>cias,</span> <span class='ocrx_word' id='word_1_158' title='bbox 588 1878 665 1939; x_wconf 89' lang='lat' dir='ltr'>de</span> <span class='ocrx_word' id='word_1_159' title='bbox 698 1877 917 1955; x_wconf 90' lang='lat' dir='ltr'>quibus</span> <span class='ocrx_word' id='word_1_160' title='bbox 948 1878 1159 1956; x_wconf 84' lang='lat' dir='ltr'>agitur,</span> <span class='ocrx_word' id='word_1_161' title='bbox 1203 1879 1440 1940; x_wconf 85' lang='lat' dir='ltr'>dixisse</span> <span class='ocrx_word' id='word_1_162' title='bbox 1469 1879 1617 1939; x_wconf 88' lang='lat' dir='ltr'>satis</span> <span class='ocrx_word' id='word_1_163' title='bbox 1647 1885 1758 1940; x_wconf 81' lang='lat' dir='ltr'>est.</span> <span class='ocrx_word' id='word_1_164' title='bbox 1821 1879 1924 1940; x_wconf 87' lang='lat' dir='ltr'>illa</span> <span class='ocrx_word' id='word_1_165' title='bbox 1951 1879 2135 1954; x_wconf 82' lang='lat' dir='ltr'>longa</span> <span class='ocrx_word' id='word_1_166' title='bbox 2163 1880 2360 1939; x_wconf 84' lang='lat' dir='ltr'>oratio</span> 
     </span>
     <span class='ocr_line' id='line_1_21' title="bbox 400 1961 2358 2040; baseline 0.001 -19"><span class='ocrx_word' id='word_1_167' title='bbox 400 1978 513 2023; x_wconf 90' lang='lat' dir='ltr'>nec</span> <span class='ocrx_word' id='word_1_168' title='bbox 554 1964 632 2023; x_wconf 89' lang='lat' dir='ltr'>ad</span> <span class='ocrx_word' id='word_1_169' title='bbox 666 1979 776 2023; x_wconf 83' lang='lat' dir='ltr'>vos</span> <span class='ocrx_word' id='word_1_170' title='bbox 807 1964 1119 2039; x_wconf 82' lang='lat' dir='ltr'>pertinens</span> <span class='ocrx_word' id='word_1_171' title='bbox 1149 1964 1259 2040; x_wconf 88' lang='lat' dir='ltr'>sit,</span> <span class='ocrx_word' id='word_1_172' title='bbox 1305 1963 1389 2036; x_wconf 89' lang='lat' dir='ltr'>si,</span> <span class='ocrx_word' id='word_1_173' title='bbox 1439 1980 1620 2039; x_wconf 89' lang='lat' dir='ltr'>quem</span> <span class='ocrx_word' id='word_1_174' title='bbox 1650 1963 1728 2024; x_wconf 85' lang='lat' dir='ltr'>ad</span> <span class='ocrx_word' id='word_1_175' title='bbox 1759 1963 2005 2023; x_wconf 89' lang='lat' dir='ltr'>modum</span> <span class='ocrx_word' id='word_1_176' title='bbox 2035 1962 2103 2036; x_wconf 79' lang='lat' dir='ltr'>Q.</span> <span class='ocrx_word' id='word_1_177' title='bbox 2131 1961 2358 2023; x_wconf 83' lang='lat' dir='ltr'>Fabius</span> 
     </span>
     <span class='ocr_line' id='line_1_22' title="bbox 398 2046 2360 2125; baseline 0.001 -20"><span class='ocrx_word' id='word_1_178' title='bbox 398 2062 568 2106; x_wconf 88' lang='lat' dir='ltr'>meas</span> <span class='ocrx_word' id='word_1_179' title='bbox 596 2063 699 2107; x_wconf 89' lang='lat' dir='ltr'>res</span> <span class='ocrx_word' id='word_1_180' title='bbox 728 2053 935 2123; x_wconf 78' lang='lat' dir='ltr'>gestas</span> <span class='ocrx_word' id='word_1_181' title='bbox 966 2048 1029 2107; x_wconf 90' lang='lat' dir='ltr'>in</span> <span class='ocrx_word' id='word_1_182' title='bbox 1057 2047 1357 2125; x_wconf 88' lang='lat' dir='ltr'>Hispania</span> <span class='ocrx_word' id='word_1_183' title='bbox 1385 2047 1676 2122; x_wconf 82' lang='lat' dir='ltr'>elevavit,</span> <span class='ocrx_word' id='word_1_184' title='bbox 1721 2046 1810 2107; x_wconf 86' lang='lat' dir='ltr'>sic</span> <span class='ocrx_word' id='word_1_185' title='bbox 1839 2062 1955 2124; x_wconf 79' lang='lat' dir='ltr'>ego</span> <span class='ocrx_word' id='word_1_186' title='bbox 1987 2053 2199 2107; x_wconf 86' lang='lat' dir='ltr'>contra</span> <span class='ocrx_word' id='word_1_187' title='bbox 2224 2048 2360 2122; x_wconf 81' lang='lat' dir='ltr'>glo-</span> 
     </span>
     <span class='ocr_line' id='line_1_23' title="bbox 397 2130 2355 2193; baseline 0.002 -4"><span class='ocrx_word' id='word_1_188' title='bbox 397 2130 551 2189; x_wconf 85' lang='lat' dir='ltr'>riam</span> <span class='ocrx_word' id='word_1_189' title='bbox 591 2130 722 2191; x_wconf 90' lang='lat' dir='ltr'>eius</span> <span class='ocrx_word' id='word_1_190' title='bbox 769 2132 1015 2192; x_wconf 88' lang='lat' dir='ltr'>eludere</span> <span class='ocrx_word' id='word_1_191' title='bbox 1056 2138 1117 2193; x_wconf 87' lang='lat' dir='ltr'>et</span> <span class='ocrx_word' id='word_1_192' title='bbox 1143 2147 1340 2191; x_wconf 85' lang='lat' dir='ltr'>meam</span> <span class='ocrx_word' id='word_1_193' title='bbox 1370 2131 1576 2193; x_wconf 85' lang='lat' dir='ltr'>verbis</span> <span class='ocrx_word' id='word_1_194' title='bbox 1619 2132 1912 2193; x_wconf 81' lang='lat' dir='ltr'>extollere</span> <span class='ocrx_word' id='word_1_195' title='bbox 1942 2130 2140 2190; x_wconf 87' lang='lat' dir='ltr'>velim.</span> <span class='ocrx_word' id='word_1_196' title='bbox 2205 2146 2355 2192; x_wconf 82' lang='lat' dir='ltr'>neu-</span> 
     </span>
     <span class='ocr_line' id='line_1_24' title="bbox 395 2214 2358 2292; baseline 0.001 -19"><span class='ocrx_word' id='word_1_197' title='bbox 395 2220 553 2274; x_wconf 90' lang='lat' dir='ltr'>trum</span> <span class='ocrx_word' id='word_1_198' title='bbox 575 2214 810 2289; x_wconf 80' lang='lat' dir='ltr'>faciam,</span> <span class='ocrx_word' id='word_1_199' title='bbox 843 2221 1049 2292; x_wconf 88' lang='lat' dir='ltr'>patres</span> <span class='ocrx_word' id='word_1_200' title='bbox 1070 2215 1430 2292; x_wconf 86' lang='lat' dir='ltr'>conscripti;</span> <span class='ocrx_word' id='word_1_201' title='bbox 1463 2224 1540 2289; x_wconf 87' lang='lat' dir='ltr'>et,</span> <span class='ocrx_word' id='word_1_202' title='bbox 1573 2216 1626 2277; x_wconf 83' lang='lat' dir='ltr'>si</span> <span class='ocrx_word' id='word_1_203' title='bbox 1649 2214 1772 2276; x_wconf 85' lang='lat' dir='ltr'>ulla</span> <span class='ocrx_word' id='word_1_204' title='bbox 1800 2216 1917 2275; x_wconf 83' lang='lat' dir='ltr'>alia</span> <span class='ocrx_word' id='word_1_205' title='bbox 1938 2230 2022 2289; x_wconf 89' lang='lat' dir='ltr'>re,</span> <span class='ocrx_word' id='word_1_206' title='bbox 2055 2214 2358 2275; x_wconf 78' lang='lat' dir='ltr'>modestia</span> 
     </span>
     <span class='ocr_line' id='line_1_25' title="bbox 398 2299 2358 2377; baseline 0.001 -19"><span class='ocrx_word' id='word_1_207' title='bbox 398 2304 561 2358; x_wconf 87' lang='lat' dir='ltr'>certe</span> <span class='ocrx_word' id='word_1_208' title='bbox 592 2305 651 2359; x_wconf 92' lang='lat' dir='ltr'>et</span> <span class='ocrx_word' id='word_1_209' title='bbox 673 2299 1070 2377; x_wconf 87' lang='lat' dir='ltr'>temperando</span> <span class='ocrx_word' id='word_1_210' title='bbox 1093 2302 1338 2377; x_wconf 84' lang='lat' dir='ltr'>linguae</span> <span class='ocrx_word' id='word_1_211' title='bbox 1367 2300 1733 2362; x_wconf 87' lang='lat' dir='ltr'>adolescens</span> <span class='ocrx_word' id='word_1_212' title='bbox 1765 2314 1974 2360; x_wconf 88' lang='lat' dir='ltr'>senem</span> <span class='ocrx_word' id='word_1_213' title='bbox 2001 2299 2229 2359; x_wconf 87' lang='lat' dir='ltr'>vicero.</span> <span class='ocrx_word' id='word_1_214' title='bbox 2275 2300 2358 2359; x_wconf 86' lang='lat' dir='ltr'>ita</span> 
     </span>
     <span class='ocr_line' id='line_1_26' title="bbox 398 2382 2358 2461; baseline 0.001 -19"><span class='ocrx_word' id='word_1_215' title='bbox 398 2387 458 2442; x_wconf 88' lang='lat' dir='ltr'>et</span> <span class='ocrx_word' id='word_1_216' title='bbox 484 2382 614 2443; x_wconf 86' lang='lat' dir='ltr'>vixi</span> <span class='ocrx_word' id='word_1_217' title='bbox 655 2390 715 2445; x_wconf 90' lang='lat' dir='ltr'>et</span> <span class='ocrx_word' id='word_1_218' title='bbox 740 2385 907 2460; x_wconf 89' lang='lat' dir='ltr'>gessi</span> <span class='ocrx_word' id='word_1_219' title='bbox 950 2400 1082 2461; x_wconf 81' lang='lat' dir='ltr'>reS,</span> <span class='ocrx_word' id='word_1_220' title='bbox 1126 2393 1195 2446; x_wconf 92' lang='lat' dir='ltr'>ut</span> <span class='ocrx_word' id='word_1_221' title='bbox 1220 2384 1439 2445; x_wconf 85' lang='lat' dir='ltr'>tacitus</span> <span class='ocrx_word' id='word_1_222' title='bbox 1470 2400 1544 2445; x_wconf 85' lang='lat' dir='ltr'>ea</span> <span class='ocrx_word' id='word_1_223' title='bbox 1573 2384 1890 2460; x_wconf 89' lang='lat' dir='ltr'>opinione,</span> <span class='ocrx_word' id='word_1_224' title='bbox 1926 2399 2120 2458; x_wconf 72' lang='lat' dir='ltr'>quam</span> <span class='ocrx_word' id='word_1_225' title='bbox 2146 2391 2358 2444; x_wconf 84' lang='lat' dir='ltr'>vestra</span> 
     </span>
     <span class='ocr_line' id='line_1_27' title="bbox 397 2466 2353 2545; baseline 0.001 -19"><span class='ocrx_word' id='word_1_226' title='bbox 397 2474 617 2544; x_wconf 87' lang='lat' dir='ltr'>sponte</span> <span class='ocrx_word' id='word_1_227' title='bbox 663 2474 1022 2545; x_wconf 87' lang='lat' dir='ltr'>conceptam</span> <span class='ocrx_word' id='word_1_228' title='bbox 1062 2469 1279 2529; x_wconf 89' lang='lat' dir='ltr'>animis</span> <span class='ocrx_word' id='word_1_229' title='bbox 1309 2468 1647 2541; x_wconf 84' lang='lat' dir='ltr'>haberetis,</span> <span class='ocrx_word' id='word_1_230' title='bbox 1692 2466 1870 2527; x_wconf 78' lang='lat' dir='ltr'>facile</span> <span class='ocrx_word' id='word_1_231' title='bbox 1901 2472 2222 2528; x_wconf 84' lang='lat' dir='ltr'>contentus</span> <span class='ocrx_word' id='word_1_232' title='bbox 2255 2484 2353 2528; x_wconf 87' lang='lat' dir='ltr'>es—</span> 
     </span>
     <span class='ocr_line' id='line_1_28' title="bbox 397 2556 588 2611; baseline 0.01 -2"><span class='ocrx_word' id='word_1_233' title='bbox 397 2556 588 2611; x_wconf 89' lang='lat' dir='ltr'>sem“.</span> 
     </span>
    </p>

    <p class='ocr_par' dir='ltr' id='par_1_3' title="bbox 391 2634 2357 3554">
     <span class='ocr_line' id='line_1_29' title="bbox 562 2634 2357 2713; baseline 0.001 -19"><span class='ocrx_word' id='word_1_234' title='bbox 562 2634 741 2696; x_wconf 84' lang='lat' dir='ltr'>XLV.</span> <span class='ocrx_word' id='word_1_235' title='bbox 794 2634 993 2696; x_wconf 89' lang='lat' dir='ltr'>Minus</span> <span class='ocrx_word' id='word_1_236' title='bbox 1026 2636 1239 2713; x_wconf 88' lang='lat' dir='ltr'>aequis</span> <span class='ocrx_word' id='word_1_237' title='bbox 1269 2636 1485 2697; x_wconf 89' lang='lat' dir='ltr'>animis</span> <span class='ocrx_word' id='word_1_238' title='bbox 1523 2636 1764 2697; x_wconf 86' lang='lat' dir='ltr'>auditus</span> <span class='ocrx_word' id='word_1_239' title='bbox 1797 2645 1892 2698; x_wconf 89' lang='lat' dir='ltr'>est</span> <span class='ocrx_word' id='word_1_240' title='bbox 1925 2634 2164 2711; x_wconf 87' lang='lat' dir='ltr'>Scipio,</span> <span class='ocrx_word' id='word_1_241' title='bbox 2209 2636 2357 2711; x_wconf 86' lang='lat' dir='ltr'>quia</span> 
     </span>
     <span class='ocr_line' id='line_1_30' title="bbox 396 2718 2354 2797; baseline 0 -20"><span class='ocrx_word' id='word_1_242' title='bbox 396 2721 704 2794; x_wconf 81' lang='lat' dir='ltr'>vulgatum</span> <span class='ocrx_word' id='word_1_243' title='bbox 748 2725 906 2795; x_wconf 87' lang='lat' dir='ltr'>erat,</span> <span class='ocrx_word' id='word_1_244' title='bbox 946 2720 998 2780; x_wconf 92' lang='lat' dir='ltr'>si</span> <span class='ocrx_word' id='word_1_245' title='bbox 1028 2721 1195 2797; x_wconf 88' lang='lat' dir='ltr'>apud</span> <span class='ocrx_word' id='word_1_246' title='bbox 1226 2726 1500 2783; x_wconf 87' lang='lat' dir='ltr'>senatum</span> <span class='ocrx_word' id='word_1_247' title='bbox 1529 2732 1652 2779; x_wconf 91' lang='lat' dir='ltr'>non</span> <span class='ocrx_word' id='word_1_248' title='bbox 1685 2718 2072 2793; x_wconf 83' lang='lat' dir='ltr'>obtinuisset,</span> <span class='ocrx_word' id='word_1_249' title='bbox 2117 2723 2182 2779; x_wconf 88' lang='lat' dir='ltr'>ut</span> <span class='ocrx_word' id='word_1_250' title='bbox 2211 2734 2354 2794; x_wconf 89' lang='lat' dir='ltr'>pro-</span> 
     </span>
     <span class='ocr_line' id='line_1_31' title="bbox 394 2803 2349 2881; baseline -0.002 -18"><span class='ocrx_word' id='word_1_251' title='bbox 394 2804 597 2863; x_wconf 83' lang='lat' dir='ltr'>vincia</span> <span class='ocrx_word' id='word_1_252' title='bbox 618 2804 827 2863; x_wconf 76' lang='lat' dir='ltr'>Africa</span> <span class='ocrx_word' id='word_1_253' title='bbox 854 2803 971 2865; x_wconf 87' lang='lat' dir='ltr'>sibi</span> <span class='ocrx_word' id='word_1_254' title='bbox 1003 2804 1451 2879; x_wconf 85' lang='lat' dir='ltr'>decerneretur,</span> <span class='ocrx_word' id='word_1_255' title='bbox 1496 2803 1575 2864; x_wconf 84' lang='lat' dir='ltr'>ad</span> <span class='ocrx_word' id='word_1_256' title='bbox 1605 2804 1900 2881; x_wconf 85' lang='lat' dir='ltr'>populum</span> <span class='ocrx_word' id='word_1_257' title='bbox 1930 2803 2236 2879; x_wconf 87' lang='lat' dir='ltr'>extemplo</span> <span class='ocrx_word' id='word_1_258' title='bbox 2267 2803 2349 2861; x_wconf 84' lang='lat' dir='ltr'>la-</span> 
     </span>
     <span class='ocr_line' id='line_1_32' title="bbox 395 2888 2354 2965; baseline 0 -18"><span class='ocrx_word' id='word_1_259' title='bbox 395 2893 611 2948; x_wconf 89' lang='lat' dir='ltr'>turum.</span> <span class='ocrx_word' id='word_1_260' title='bbox 672 2888 879 2964; x_wconf 87' lang='lat' dir='ltr'>itaque</span> <span class='ocrx_word' id='word_1_261' title='bbox 920 2888 987 2963; x_wconf 83' lang='lat' dir='ltr'>Q.</span> <span class='ocrx_word' id='word_1_262' title='bbox 1017 2888 1267 2949; x_wconf 89' lang='lat' dir='ltr'>Fulvius</span> <span class='ocrx_word' id='word_1_263' title='bbox 1285 2935 1302 2965; x_wconf 96' lang='lat'>,</span> <span class='ocrx_word' id='word_1_264' title='bbox 1349 2888 1448 2964; x_wconf 91' lang='lat' dir='ltr'>qui</span> <span class='ocrx_word' id='word_1_265' title='bbox 1481 2888 1694 2949; x_wconf 88' lang='lat' dir='ltr'>consu]</span> <span class='ocrx_word' id='word_1_266' title='bbox 1729 2894 1944 2963; x_wconf 89' lang='lat' dir='ltr'>quater</span> <span class='ocrx_word' id='word_1_267' title='bbox 1970 2888 2192 2959; x_wconf 77' lang='lat' dir='ltr'>fuerat,</span> <span class='ocrx_word' id='word_1_268' title='bbox 2240 2902 2354 2963; x_wconf 90' lang='lat' dir='ltr'>po-</span> 
     </span>
     <span class='ocr_line' id='line_1_33' title="bbox 396 2970 2354 3048; baseline -0.001 -18"><span class='ocrx_word' id='word_1_269' title='bbox 396 2971 641 3031; x_wconf 81' lang='lat' dir='ltr'>stulavit</span> <span class='ocrx_word' id='word_1_270' title='bbox 661 2987 698 3031; x_wconf 88' lang='lat' dir='ltr'>a</span> <span class='ocrx_word' id='word_1_271' title='bbox 719 2972 989 3047; x_wconf 92' lang='lat' dir='ltr'>consule,</span> <span class='ocrx_word' id='word_1_272' title='bbox 1014 2979 1077 3031; x_wconf 90' lang='lat' dir='ltr'>ut</span> <span class='ocrx_word' id='word_1_273' title='bbox 1098 2974 1297 3048; x_wconf 85' lang='lat' dir='ltr'>palam</span> <span class='ocrx_word' id='word_1_274' title='bbox 1321 2972 1380 3033; x_wconf 89' lang='lat' dir='ltr'>in</span> <span class='ocrx_word' id='word_1_275' title='bbox 1405 2979 1620 3033; x_wconf 88' lang='lat' dir='ltr'>senatu</span> <span class='ocrx_word' id='word_1_276' title='bbox 1636 2971 1880 3048; x_wconf 87' lang='lat' dir='ltr'>diceret,</span> <span class='ocrx_word' id='word_1_277' title='bbox 1905 2970 2354 3048; x_wconf 78' lang='lat' dir='ltr'>permitteretne</span> 
     </span>
     <span class='ocr_line' id='line_1_34' title="bbox 394 3053 2353 3132; baseline 0.001 -20"><span class='ocrx_word' id='word_1_278' title='bbox 394 3053 701 3131; x_wconf 81' lang='lat' dir='ltr'>patribuS,</span> <span class='ocrx_word' id='word_1_279' title='bbox 755 3060 817 3113; x_wconf 87' lang='lat' dir='ltr'>ut</span> <span class='ocrx_word' id='word_1_280' title='bbox 861 3055 939 3115; x_wconf 90' lang='lat' dir='ltr'>de</span> <span class='ocrx_word' id='word_1_281' title='bbox 980 3056 1313 3132; x_wconf 89' lang='lat' dir='ltr'>provinciis</span> <span class='ocrx_word' id='word_1_282' title='bbox 1355 3057 1780 3130; x_wconf 87' lang='lat' dir='ltr'>decernerent,</span> <span class='ocrx_word' id='word_1_283' title='bbox 1845 3062 2235 3131; x_wconf 81' lang='lat' dir='ltr'>staturusque</span> <span class='ocrx_word' id='word_1_284' title='bbox 2275 3068 2353 3113; x_wconf 92' lang='lat' dir='ltr'>eo</span> 
     </span>
     <span class='ocr_line' id='line_1_35' title="bbox 391 3137 2352 3217; baseline -0.001 -18"><span class='ocrx_word' id='word_1_285' title='bbox 391 3145 562 3200; x_wconf 56' lang='lat' dir='ltr'>&gt;esset</span> <span class='ocrx_word' id='word_1_286' title='bbox 590 3138 759 3215; x_wconf 89' lang='lat' dir='ltr'>quod</span> <span class='ocrx_word' id='word_1_287' title='bbox 789 3142 1189 3216; x_wconf 86' lang='lat' dir='ltr'>censuissent,</span> <span class='ocrx_word' id='word_1_288' title='bbox 1222 3156 1297 3201; x_wconf 91' lang='lat' dir='ltr'>an</span> <span class='ocrx_word' id='word_1_289' title='bbox 1327 3140 1405 3201; x_wconf 88' lang='lat' dir='ltr'>ad</span> <span class='ocrx_word' id='word_1_290' title='bbox 1436 3142 1730 3217; x_wconf 88' lang='lat' dir='ltr'>populum</span> <span class='ocrx_word' id='word_1_291' title='bbox 1761 3139 2009 3201; x_wconf 89' lang='lat' dir='ltr'>laturus.</span> <span class='ocrx_word' id='word_1_292' title='bbox 2054 3154 2190 3200; x_wconf 88' lang='lat' dir='ltr'>cum</span> <span class='ocrx_word' id='word_1_293' title='bbox 2221 3137 2352 3199; x_wconf 90' lang='lat' dir='ltr'>Sci-</span> 
     </span>
     <span class='ocr_line' id='line_1_36' title="bbox 392 3222 2352 3301; baseline 0.002 -19"><span class='ocrx_word' id='word_1_294' title='bbox 392 3223 497 3298; x_wconf 88' lang='lat' dir='ltr'>pio</span> <span class='ocrx_word' id='word_1_295' title='bbox 541 3222 994 3300; x_wconf 88' lang='lat' dir='ltr'>respondisset,</span> <span class='ocrx_word' id='word_1_296' title='bbox 1040 3241 1108 3284; x_wconf 91' lang='lat' dir='ltr'>se</span> <span class='ocrx_word' id='word_1_297' title='bbox 1151 3223 1318 3301; x_wconf 90' lang='lat' dir='ltr'>quod</span> <span class='ocrx_word' id='word_1_298' title='bbox 1361 3240 1395 3285; x_wconf 89' lang='lat' dir='ltr'>e</span> <span class='ocrx_word' id='word_1_299' title='bbox 1437 3240 1504 3283; x_wconf 88' lang='lat' dir='ltr'>re</span> <span class='ocrx_word' id='word_1_300' title='bbox 1544 3222 1786 3301; x_wconf 84' lang='lat' dir='ltr'>publica</span> <span class='ocrx_word' id='word_1_301' title='bbox 1827 3230 1994 3285; x_wconf 88' lang='lat' dir='ltr'>esset</span> <span class='ocrx_word' id='word_1_302' title='bbox 2035 3224 2352 3296; x_wconf 76' lang='lat' dir='ltr'>facturum,</span> 
     </span>
     <span class='ocr_line' id='line_1_37' title="bbox 394 3306 2346 3385; baseline 0 -19"><span class='ocrx_word' id='word_1_303' title='bbox 394 3315 516 3366; x_wconf 88' lang='lat' dir='ltr'>tum</span> <span class='ocrx_word' id='word_1_304' title='bbox 543 3306 819 3369; x_wconf 71' lang='lat' dir='ltr'>Fulviusz</span> <span class='ocrx_word' id='word_1_305' title='bbox 865 3324 1026 3384; x_wconf 92' lang='lat' dir='ltr'>„non</span> <span class='ocrx_word' id='word_1_306' title='bbox 1070 3322 1188 3385; x_wconf 84' lang='lat' dir='ltr'>ego</span> <span class='ocrx_word' id='word_1_307' title='bbox 1228 3309 1494 3383; x_wconf 78' lang='lat' dir='ltr'>ignaruS,</span> <span class='ocrx_word' id='word_1_308' title='bbox 1544 3307 1688 3384; x_wconf 92' lang='lat' dir='ltr'>quid</span> <span class='ocrx_word' id='word_1_309' title='bbox 1719 3322 2130 3384; x_wconf 88' lang='lat' dir='ltr'>responsurus</span> <span class='ocrx_word' id='word_1_310' title='bbox 2161 3307 2346 3367; x_wconf 80' lang='lat' dir='ltr'>factu-</span> 
     </span>
     <span class='ocr_line' id='line_1_38' title="bbox 392 3390 2354 3470; baseline 0 -21"><span class='ocrx_word' id='word_1_311' title='bbox 392 3406 579 3451; x_wconf 83' lang='lat' dir='ltr'>rusve</span> <span class='ocrx_word' id='word_1_312' title='bbox 608 3406 803 3467; x_wconf 71' lang='lat' dir='ltr'>esseS,</span> <span class='ocrx_word' id='word_1_313' title='bbox 836 3390 1132 3468; x_wconf 84' lang='lat' dir='ltr'>quaesivi,</span> <span class='ocrx_word' id='word_1_314' title='bbox 1176 3392 1404 3469; x_wconf 86' lang='lat' dir='ltr'>quippe</span> <span class='ocrx_word' id='word_1_315' title='bbox 1435 3406 1571 3453; x_wconf 89' lang='lat' dir='ltr'>cum</span> <span class='ocrx_word' id='word_1_316' title='bbox 1599 3408 1750 3470; x_wconf 87' lang='lat' dir='ltr'>prae</span> <span class='ocrx_word' id='word_1_317' title='bbox 1773 3398 1836 3453; x_wconf 93' lang='lat' dir='ltr'>te</span> <span class='ocrx_word' id='word_1_318' title='bbox 1863 3392 2026 3453; x_wconf 82' lang='lat' dir='ltr'>feras</span> <span class='ocrx_word' id='word_1_319' title='bbox 2054 3396 2354 3467; x_wconf 81' lang='lat' dir='ltr'>temptare</span> 
     </span>
     <span class='ocr_line' id='line_1_39' title="bbox 394 3472 2351 3554; baseline -0.003 -19"><span class='ocrx_word' id='word_1_320' title='bbox 394 3482 455 3535; x_wconf 89' lang='lat' dir='ltr'>te</span> <span class='ocrx_word' id='word_1_321' title='bbox 496 3475 691 3550; x_wconf 77' lang='lat' dir='ltr'>magis</span> <span class='ocrx_word' id='word_1_322' title='bbox 736 3491 915 3551; x_wconf 84' lang='lat' dir='ltr'>quam</span> <span class='ocrx_word' id='word_1_323' title='bbox 960 3476 1280 3537; x_wconf 86' lang='lat' dir='ltr'>consulere</span> <span class='ocrx_word' id='word_1_324' title='bbox 1314 3483 1616 3554; x_wconf 86' lang='lat' dir='ltr'>senatum,</span> <span class='ocrx_word' id='word_1_325' title='bbox 1657 3482 1716 3537; x_wconf 86' lang='lat' dir='ltr'>et</span> <span class='ocrx_word' id='word_1_326' title='bbox 1743 3476 1803 3537; x_wconf 91' lang='lat' dir='ltr'>ni</span> <span class='ocrx_word' id='word_1_327' title='bbox 1837 3474 2214 3553; x_wconf 81' lang='lat' dir='ltr'>provinciam</span> <span class='ocrx_word' id='word_1_328' title='bbox 2245 3472 2351 3535; x_wconf 85' lang='lat' dir='ltr'>tibi</span> 
     </span>
    </p>
   </div>
  </div>
 </body>
</html>
