2550 3959
375 234 461 297 62
707 233 940 294 LIBER
965 232 1151 294 XXV.
1199 232 1367 293 CAP.
1396 240 1448 295 9.
1475 241 1561 293 10.
1604 239 1676 306 [a.
1699 234 1771 291 U.
1794 255 1847 293 c.
1870 238 1993 304 540]

379 385 732 462 pinquabat.
805 391 952 445 nota
990 400 1116 445 vox
1159 384 1293 443 eius
1335 389 1393 444 et
1435 383 1728 443 familiare
1766 382 1886 445 iam
1926 382 2167 458 signum
2198 400 2339 449 cum

377 470 710 530 excitasset
747 468 1022 543 vigilem,
1067 466 1307 529 dicente
1345 466 1450 527 vix
1493 465 1781 528 sustineri
1822 466 2069 542 grandis
2100 468 2339 531 bestiae

377 569 568 629 onus,
615 554 858 628 portula
899 552 1186 625 aperitur.
1254 551 1587 611 inferentes
1640 566 1855 625 aprum
1886 549 2047 612 duos
2078 551 2335 615 iuvenes

375 642 628 697 secutus
679 638 817 713 ipse
859 650 996 694 cum
1039 634 1330 710 expedito
1372 640 1665 695 venatore
1704 633 1978 710 vigilem,
2028 635 2332 699 incautius

372 722 666 781 miraculo
696 718 1126 795 magnitudinis
1155 719 1216 778 in
1247 733 1359 779 eos
1391 717 1496 793 qui
1525 718 1800 779 ferebant
1825 734 2104 795 versum,
2145 736 2334 781 vena-

371 805 518 864 bulo
561 804 774 864 traicit.
847 802 1112 877 ingressi
1153 802 1378 862 deinde
1417 802 1661 877 triginta
1694 801 1821 861 fere
1850 802 2063 865 armati
2091 810 2333 867 ceteros

370 887 588 963 vigiles
633 887 1023 962 obtruncant,
1064 885 1529 961 refringuntque
1568 891 1809 961 portam
1856 886 2231 962 proximam;
2272 897 2335 950 et

372 986 592 1046 agmen
635 971 752 1031 sub
790 970 982 1045 signis
1014 970 1334 1031 confestim
1361 969 1593 1044 irrupit.
1658 969 1801 1029 inde
1832 986 1968 1031 cum
1998 970 2239 1033 silentio
2268 973 2329 1032 in

371 1056 570 1115 forum
605 1054 770 1115 ducti
798 1053 1119 1115 Hannibali
1154 1069 1300 1115 sese
1330 1053 1790 1113 coniunxerunt.
1856 1059 1981 1114 tum
2013 1055 2137 1116 duo
2167 1056 2331 1116 milia

373 1138 679 1199 Gallorum
709 1138 953 1213 Poenus
984 1139 1043 1198 in
1072 1145 1199 1199 tres
1230 1138 1429 1198 divisa
1458 1143 1664 1212 partes
1695 1152 1807 1213 per
1830 1138 2045 1199 urbem
2075 1138 2329 1215 dimittit,

371 1223 664 1297 ducesque
720 1226 795 1283 iis
826 1224 1009 1284 addit
1046 1222 1425 1284 Tarentinos.
1467 1221 1681 1282 itinera
1710 1236 1892 1295 quam
1919 1222 2183 1283 maxime
2210 1224 2329 1283 fre-

371 1306 617 1381 quentia
666 1321 976 1381 occupare
1015 1305 1208 1382 iubet,
1262 1307 1515 1367 tumultu
1560 1311 1693 1367 orto
1734 1306 2046 1367 Romanos
2088 1308 2325 1381 passim

370 1390 566 1465 caedi,
597 1390 928 1465 oppidanis
973 1388 1164 1464 parci.
1233 1390 1347 1449 sed
1385 1396 1453 1450 ut
1481 1389 1613 1450 fieri
1643 1389 1706 1450 id
1736 1394 1984 1464 posset,
2027 1391 2321 1466 praecipit

368 1472 690 1533 iuvenibus
720 1474 1089 1547 Tarentinis,
1133 1479 1199 1532 ut
1234 1473 1341 1533 ubi
1384 1488 1563 1549 quem
1606 1488 1857 1534 suorum
1891 1474 2106 1548 procul
2135 1474 2319 1534 vidis-

367 1564 533 1630 sent,
579 1556 898 1632 quiescere
939 1573 1013 1618 ac
1054 1557 1236 1617 silere
1275 1572 1351 1617 ac
1391 1558 1556 1618 bono
1598 1558 1800 1619 animo
1842 1572 1987 1619 esse
2024 1556 2324 1618 iuberent.

363 1640 437 1700 X.
484 1640 603 1700 iam
623 1642 913 1701 tumultus
938 1647 1069 1701 erat
1092 1641 1464 1717 clamorque,
1496 1638 1695 1717 qualis
1719 1656 1862 1701 esse
1884 1640 1945 1699 in
1970 1647 2150 1716 capta
2170 1642 2327 1702 urbe

366 1724 555 1794 solet;
598 1725 729 1798 sed,
763 1724 908 1799 quid
931 1725 1021 1786 rei
1049 1732 1236 1800 esset,
1266 1740 1447 1784 nemo
1478 1725 1628 1786 satis
1660 1741 1773 1801 pro
1798 1732 1962 1786 certo
1988 1725 2167 1785 scire.
2210 1725 2325 1785 Ta-

361 1808 580 1869 rentini
607 1809 920 1869 Romanos
962 1808 1041 1869 ad
1083 1808 1486 1883 diripiendam
1515 1806 1729 1869 urbem
1760 1809 2011 1869 credere
2041 1815 2324 1879 coortos;

363 1892 657 1953 Romanis
700 1892 920 1954 seditio
966 1890 1172 1968 aliqua
1213 1908 1351 1953 cum
1394 1892 1607 1953 fraude
1645 1892 1841 1953 videri
1883 1893 1960 1954 ab
1992 1892 2323 1970 oppidanis

361 1982 544 2036 mota.
589 1978 940 2050 praefectus
967 1976 1164 2052 primo
1195 1976 1497 2037 excitatus
1526 1976 1783 2038 tumultu
1812 1976 1872 2035 in
1902 1983 2145 2051 portum
2168 1976 2322 2037 effu-

360 2060 478 2133 git3
521 2059 666 2117 inde
695 2064 988 2135 acceptus
1019 2058 1254 2136 scapha
1282 2059 1341 2118 in
1375 2075 1578 2120 arcem
1608 2059 2093 2121 circumvehitur.
2151 2076 2321 2122 erro·

359 2156 490 2202 rem
531 2148 590 2203 et
628 2142 777 2203 tuba
818 2142 1026 2204 audita
1065 2159 1144 2203 ex
1177 2142 1414 2205 theatro
1447 2143 1737 2219 faciebat,
1781 2160 1920 2204 nam
1950 2150 2012 2205 et
2036 2145 2321 2207 Romana

361 2233 508 2301 erat,
545 2242 583 2285 a
611 2226 1029 2302 proditoribus
1059 2227 1138 2287 ad
1167 2226 1289 2288 hoc
1318 2228 1521 2303 ipsum
1551 2234 1933 2304 praeparata,
1964 2234 2027 2288 et
2052 2228 2319 2289 inscien-

360 2317 452 2370 ter
479 2326 518 2370 a
545 2309 782 2372 Graeco
814 2310 1042 2386 inflata,
1074 2311 1212 2386 quis
1241 2317 1349 2372 aut
1378 2311 1602 2388 quibus
1612 2310 1872 2387 ‘sig-num
1901 2312 2091 2388 daret,
2121 2312 2318 2373 incer-

361 2400 486 2453 tum
529 2394 851 2473 efficiebat.
923 2394 1028 2455 ubi
1071 2394 1295 2470 illuxit,
1338 2402 1399 2457 et
1423 2396 1714 2457 Romanis
1741 2395 1973 2457 Punica
2000 2402 2061 2457 et
2089 2396 2322 2457 Gallica

359 2492 528 2537 arma
557 2480 801 2554 cognita
827 2486 952 2540 tum
983 2477 1418 2545 dubitationem
1446 2486 1831 2555 exemerunt,
1862 2486 1923 2541 et
1952 2480 2168 2541 Graeci
2191 2481 2317 2541 Ro-

357 2576 574 2623 manos
633 2564 868 2639 passim
933 2563 1125 2624 caede
1181 2568 1407 2625 stratos
1464 2571 1784 2625 cernentes
1842 2563 1921 2625 ab
1975 2562 2321 2625 Hannibale

359 2651 596 2720 captam
639 2647 855 2707 urbem
893 2653 1238 2708 senserunt.
1291 2653 1623 2723 postquam
1665 2650 1769 2709 lux
1804 2648 2026 2709 certior
2052 2652 2211 2722 erat,
2256 2653 2321 2707 et

355 2728 634 2804 Romani,
661 2730 765 2806 qui
788 2728 1082 2791 caedibus
1107 2730 1555 2806 superfuerant,
1586 2731 1647 2791 in
1672 2748 1875 2793 arcem
1894 2731 2319 2807 confugerant,

358 2812 919 2889 conticiscebatque
945 2814 1236 2889 paulatim
1263 2815 1573 2891 tumulum,
1605 2821 1731 2877 tum
1759 2813 2055 2875 Hannibal
2084 2814 2315 2875 Taren—

357 2896 518 2955 tinos
549 2895 682 2955 sine
713 2896 896 2957 armis
926 2911 1272 2958 convocare
1296 2898 1479 2959 iubet.
1524 2914 1870 2961 convenere
1894 2914 2111 2960 omnes
2133 2913 2317 2973 prae·

360 2985 634 3053 terquam
676 2979 780 3055 qui
823 2980 1112 3041 cedentes
1154 2981 1213 3041 in
1251 2998 1453 3043 arcem
1481 2983 1793 3045 Romanos
1823 2982 1903 3043 ad
1933 2998 2172 3043 omnem
2202 2981 2315 3041 ad·

356 3061 618 3123 eandam
659 3064 837 3123 simul
879 3065 1181 3125 fortunam
1221 3066 1531 3142 persecuti
1574 3068 1829 3127 fuerant.
1902 3066 1983 3126 ibi
2010 3065 2315 3126 Hannibal

354 3146 621 3223 benigne
661 3147 983 3209 adlocutus
1011 3150 1369 3211 Tarentinos
1403 3156 1815 3225 testatusque,
1862 3165 2023 3226 quae
2051 3149 2315 3225 praesti-

353 3229 529 3291 tisset
557 3230 793 3293 civibus
823 3248 1066 3309 eorum,
1107 3249 1266 3309 quos
1298 3233 1377 3294 ad
1404 3235 1885 3295 Trasumennum
1913 3239 2019 3295 aut
2046 3234 2126 3293 ad
2158 3232 2313 3292 Can-

355 3328 466 3374 nas
498 3314 798 3393 cepisset,
843 3318 1019 3381 simul
1049 3318 1110 3379 in
1139 3316 1611 3381 dominationem
1644 3318 1973 3394 superbam
2004 3318 2312 3379 Romano-

353 3412 484 3457 rum
527 3398 834 3476 invectus,
876 3404 1150 3477 recipere
1178 3418 1248 3464 se
1276 3403 1338 3463 in
1369 3402 1588 3463 domos
1618 3418 1764 3463 suas
1795 3416 2103 3477 quemque
2132 3400 2316 3461 iussit

353 3488 414 3543 et
454 3482 686 3543 foribus
729 3499 947 3544 nomen
992 3501 1166 3545 suum
1202 3486 1570 3549 inscribere:
1614 3502 1686 3547 se
1715 3486 1934 3547 domos
1965 3500 2103 3561 eas,
2147 3498 2313 3560 quae
