2550 3959
226 241 242 301 ἢ
336 224 457 292 114
626 223 857 285 UBER
883 222 1097 285 XXVI.
1144 222 1428 284 GAP.11.
1460 231 1544 283 12.
1589 222 1662 299 [a.
1689 228 1760 286 U,
1787 244 1834 284 ο.
1858 226 1984 298 5411
2135 226 2166 267 ¹

332 378 467 441 eius
490 376 569 437 ab
590 376 781 437 Reate
797 372 1153 448 Cutiliisque
1182 378 1245 433 et
1272 371 1348 431 ab
1371 370 1686 433 Amiterno
1718 371 1979 433 orditur:
2025 388 2104 433 ex
2119 374 2309 434 Cam-

333 464 515 539 pania
542 460 604 519 in
634 458 967 531 Samnium,
1013 457 1156 518 inde
1184 456 1246 517 in
1272 456 1559 531 Pelignos
1589 456 1978 531 pervenisse,
2025 464 2302 533 praeter-

334 560 455 623 que
500 544 798 621 oppidum
842 540 1201 604 Sulmonem
1238 540 1300 599 in
1341 540 1722 603 Marrucinos
1764 539 2097 610 transisse;
2149 541 2307 601 inde

331 627 586 691 Albensi
618 642 769 703 agro
799 626 861 686 in
890 625 1169 700 Marsos,
1212 623 1356 685 hinc
1385 624 1764 685 Amiternum
1788 624 2176 699 Forulosque
2202 624 2300 683 vi-

333 730 469 774 cum
511 712 781 773 venisse.
848 724 1052 785 neque
1094 708 1177 769 ibi
1218 722 1391 769 error
1432 714 1556 783 est,
1601 708 1769 783 quod
1796 707 1946 769 tanti
1987 709 2299 769 exereitus

333 796 595 871 vestigia
634 796 791 855 intra
833 800 953 853 tam
994 792 1200 854 brevis
1240 794 1380 853 aevi
1425 792 1779 853 memoriam
1811 791 2120 869 potuerint
2146 808 2299 859 con·

330 880 502 941 fundi
534 911 614 923 -
644 878 772 941 isse
802 878 963 937 enim
994 893 1069 937 ea
1096 882 1339 939 constat
1371 911 1467 952 —,
1515 882 1744 940 tantum
1771 876 1837 936 id
1865 876 2142 951 interest,
2186 892 2299 937 ve-

331 965 567 1026 neritne
606 978 679 1023 eo
721 962 936 1022 itinere
978 962 1061 1021 ad
1098 962 1342 1036 urbem,
1383 977 1462 1021 an
1504 958 1580 1021 ab
1621 958 1774 1021 urbe
1814 960 1876 1019 in
1905 959 2302 1036 Campaniam

332 1048 596 1111 redierit.

496 1131 625 1192 XII.
682 1130 962 1191 Ceterum
1003 1144 1125 1189 non
1160 1135 1452 1204 quantum
1478 1128 1770 1189 Romanis
1811 1126 2186 1203 pertinaciae
2212 1128 2300 1187 ad

333 1215 732 1293 premendam
764 1213 1091 1275 obsid10ne
1122 1212 1394 1289 Capuam
1424 1212 1550 1287 suit,
1595 1217 1824 1272 tantum
1851 1212 1932 1271 ad
1962 1210 2300 1271 defenden—

332 1302 473 1361 dam
496 1299 838 1359 Hannibali.
882 1312 1147 1373 namque
1176 1312 1257 1357 ex
1281 1296 1530 1357 Lucano
1558 1297 1618 1356 in
1647 1295 1942 1357 Bruttium
1971 1310 2183 1371 agrum
2211 1296 2298 1355 ad

334 1386 545 1445 fretum
577 1398 651 1445 ac
678 1382 939 1457 Regium
968 1397 1045 1443 eo
1074 1396 1264 1443 cursu.
1292 1380 1623 1456 contendit,
1651 1387 1722 1440 ut
1750 1395 1946 1455 prope
1973 1378 2300 1454 repentino

332 1470 603 1528 adventu
642 1467 922 1527 incautos
966 1464 1365 1541 oppresserit.
1429 1465 1640 1540 Capua
1680 1466 1795 1527 etsi
1823 1463 2010 1523 nihilo
2043 1462 2299 1537 segnius

333 1552 599 1613 obsessa
628 1566 740 1627 per
768 1566 880 1611 eos
913 1550 1046 1610 dies
1078 1550 1290 1623 fuerat,
1336 1555 1536 1609 tamen
1567 1548 1896 1609 adventum
1924 1546 2125 1607 Flacci
2155 1562 2301 1607 sen-

334 1636 429 1709 sit,
462 1642 522 1695 et
544 1633 863 1695 admiratio
889 1639 1023 1695 orta
1044 1640 1286 1694 estnon
1309 1633 1490 1695 simul
1508 1648 1858 1708 regressum
1873 1630 2300 1697 Hannibalem.

332 1720 475 1781 inde
498 1734 612 1795 per
640 1718 949 1799 colloquia
978 1718 1406 1779 intellexerunt
1427 1717 1676 1778 relictos
1706 1732 1777 1779 se
1801 1716 2208 1790 desertosque
2235 1722 2304 1776 et

332 1820 507 1881 spem
540 1803 787 1879 Capuae
827 1802 1185 1863 retinendae
1231 1803 1614 1878 deploratam
1643 1801 1814 1877 apud
1841 1800 2084 1859 Poenos
2127 1814 2297 1859 esse.

331 1888 601 1950 accessit
641 1888 907 1948 edictum
937 1886 1331 1963 proconsulis
1359 1902 1441 1947 ex
1467 1892 1720 1947 senatus
1752 1886 2032 1945 consulto
2064 1897 2299 1960 propo-

331 1973 515 2035 situm
558 1972 997 2047 vulgatumque
1038 1970 1204 2047 apud
1242 1970 1488 2044 hoste8‚
1535 1976 1601 2031 ut
1631 1970 1734 2045 qui
1765 1968 1918 2031 civis
1949 1966 2300 2044 Campanus

333 2064 491 2118 ante
501 2062 728 2115 certam
756 2055 919 2115 diem
959 2053 1312 2129 transisset,
1359 2054 1494 2114 sine
1523 2054 1738 2115 fraude
1779 2059 1964 2114 essct.
2030 2066 2144 2111 nec
2170 2050 2300 2111 ulla

336 2142 499 2201 sacta
538 2145 633 2199 est
672 2138 947 2199 transitio
979 2144 1143 2201 metu
1169 2139 1364 2214 magis
1405 2154 1516 2199 eos
1549 2154 1733 2213 quam
1762 2137 1888 2197 fide
1927 2136 2298 2207 continente,

334 2224 477 2301 quia
500 2224 735 2284 maiora
757 2224 816 2284 in
834 2222 1179 2285 defectione
1201 2223 1586 2298 deliquerant
1601 2238 1783 2296 quam
1807 2220 2070 2297 quibus
2053 2215 2296 2295 ignosci

334 2314 565 2384 posset.
626 2314 893 2369 ceterum
926 2324 1109 2383 quem
1138 2306 1219 2367 ad
1247 2308 1499 2369 modurn
1541 2322 1721 2367 nemo
1753 2305 1992 2381 privato
2030 2302 2295 2364 consilio

331 2392 411 2451 ad
440 2392 679 2452 hostem
713 2390 1035 2469 transibat,
1078 2392 1161 2451 ita
1190 2390 1340 2451 nihil
1385 2389 1693 2451 salutare
1677 2406 1739 2450 m
1771 2389 2037 2449 medium
2065 2402 2294 2449 consu-

330 2476 582 2536 lebatur.
660 2475 945 2536 nobilitas
986 2492 1117 2537 rem
1158 2474 1468 2551 publicam
1509 2474 1934 2545 deseruerant,
1988 2485 2192 2547 neque
2231 2469 2300 2529 in

332 2568 608 2621 senatum
650 2559 787 2635 cogi
831 2566 1139 2635 poterant3
1194 2559 1257 2618 in
1301 2558 1658 2633 magistratu
1704 2565 1834 2619 erat
1873 2554 1978 2633 qui
2023 2569 2146 2614 non
2175 2553 2300 2613 sibi

330 2643 627 2704 honorem
656 2642 1003 2715 adiecisset,
1050 2642 1165 2703 sed
1194 2641 1550 2717 indignitate
1577 2658 1692 2702 sua
1719 2641 1844 2699 vim
1872 2656 1944 2699 ac
1972 2639 2069 2699 ius
2101 2636 2299 2711 magi-

332 2726 543 2787 stratui
574 2742 763 2800 quem.
786 2726 1038 2801 gerebat
1066 2726 1459 2801 dempsisset.
1524 2726 1646 2785 iam
1675 2740 1752 2785 ne
1781 2726 1840 2785 in
1872 2724 2005 2783 foro
2042 2721 2298 2797 quidem

332 2817 437 2871 aut
459 2811 702 2887 publico
728 2810 867 2870 loco
894 2810 1233 2885 principum
1267 2808 1593 2885 quisquam
1623 2807 1974 2884 apparebat,
2009 2805 2298 2865 domibus

330 2894 547 2953 inclusi
579 2894 809 2968 patriae
840 2907 1132 2955 occasum
1160 2906 1299 2953 cum
1327 2909 1442 2955 suo
1485 2893 1668 2954 exitio
1701 2892 1760 2952 in
1791 2891 1926 2952 dies
1973 2896 2299 2964 exspecta-

330 2976 492 3035 bant.
579 2992 817 3035 summa
858 2991 1040 3037 curae
1084 2976 1282 3038 omnis
1322 2978 1384 3037 in
1423 2976 1743 3039 Bostarem
1785 2974 2297 3047 Hannonemque,
2349 3008 2356 3013 -

330 3060 677 3135 praefectos
708 3060 999 3134 praesidii
1020 3059 1245 3136 Punici,
1291 3076 1476 3121 versa
1503 3067 1647 3134 erat,
1691 3073 1806 3119 suo
1838 3073 1961 3119 non
1983 3057 2299 3120 sociorum

331 3143 602 3219 periculo
644 3143 961 3205 sollicitos.
1028 3144 1069 3205 ii
1112 3144 1476 3220 conscriptis
1520 3144 1602 3204 ad
1629 3142 2030 3203 Hannibalern
2079 3138 2298 3202 litteris

330 3242 455 3287 non
499 3225 687 3286 libere
726 3228 912 3288 modo
944 3228 1059 3288 sed
1102 3226 1282 3288 etiam
1325 3242 1566 3303 aspere,
1613 3226 1838 3301 quibus
1867 3240 1990 3285 non
2024 3224 2294 3301 Capuam

332 3309 528 3371 solam
573 3309 853 3371 traditam
908 3311 967 3370 in
1010 3326 1257 3371 manum
1299 3310 1612 3381 hostibuffi
1669 3310 1784 3371 sed
1834 3325 1905 3369 se
1947 3322 2198 3385 quoque
2233 3308 2284 3374 ei

330 3391 705 3470 praesidium
749 3394 809 3453 in
854 3409 1067 3456 omnes
1098 3396 1403 3455 cruciatus
1435 3393 1712 3470 proditos
1742 3392 2123 3453 incusabant.
2187 3389 2299 3451 ab·

326 3493 473 3541 esse
500 3490 638 3537 eum
668 3476 729 3537 in
760 3476 1029 3539 Bruttios
1060 3478 1225 3541 velut
1265 3482 1638 3539 avertentem
1668 3492 1839 3549 sese,
1885 3491 1964 3535 ne
1993 3474 2204 3549 Capua
2231 3471 2298 3533 in
