2550 3959
363 216 508 290 ’304
692 226 920 287 LLBER
948 225 1154 285 XXIX.
1202 224 1480 287 CAP.2·2.
1503 232 1590 286 23.
1635 224 1708 301 [a.
1733 228 1800 281 υ.
1823 245 1872 281 0.
1894 224 2020 302 543}

384 379 779 441 Locrensium
834 376 1008 437 clade
1064 374 1304 437 animos
1356 374 1584 439 nullum
1633 372 2090 435 misericordiae
2136 374 2345 437 locum

381 463 742 525 habuerunt.
787 465 1010 538 postea
1036 475 1171 524 cum
1201 458 1456 534 saepius
1486 456 1988 533 producerentur,
2016 455 2139 519 iam
2160 474 2341 519 sene·

382 553 593 609 scente
631 544 863 606 invidia
900 543 1328 608 molliebantur
1365 542 1526 616 irae,
1569 541 1796 617 etipsa
1823 541 2178 605 deformitas
2205 542 2340 604 Ple-

381 629 545 691 minii
574 628 993 703 memoriaque
1031 626 1308 689 absentis
1337 623 1646 701 Scipionis
1680 625 1954 689 favorem
1982 624 2062 691 ad
2092 626 2342 703 vulgum

382 713 763 775 conciliabat.
818 715 1093 771 mortuus
1120 716 1322 771 tamen
1348 709 1526 785 ,prius
1553 708 1614 771 in
1643 707 1862 771 vinclis
1892 717 2006 783 est,
2037 726 2220 785 quam
2248 711 2336 773 iu·

380 797 607 861 dicium
648 796 729 859 de
756 812 833 857 co
875 794 1090 871 populi
1132 794 1550 869 perficeretur.
1621 790 1789 852 hunc
1814 792 2172 855 Pleminium
2201 793 2338 855 Clo·

381 881 521 941 dius
540 878 813 943 Licinius
840 878 903 940 in
931 878 1087 941 libro
1115 876 1290 941 tertio
1315 892 1519 940 rerum
1541 877 1952 941 Romanarum
1973 877 2158 937 refert
2176 877 2338 940 ludis

382 963 635 1038 votivis,
690 979 849 1037 quos
889 963 1123 1025 Romae
1160 961 1490 1025 Africanus
1539 960 1756 1021 iterum
1797 960 2015 1021 consul
2055 960 2337 1036 faciebat,

383 1055 669 1109 conatum
709 1061 824 1121 per
866 1045 1201 1123 quosdam,
1243 1061 1406 1121 quos
1448 1044 1645 1120 pretio
1675 1050 2062 1119 corruperat,
2104 1044 2338 1120 aliquot

381 1131 535 1192 locis
563 1130 775 1194 urbem
804 1128 1164 1203 incendere,
1193 1136 1261 1191 ut
1289 1127 1612 1203 frangendi
1640 1127 1908 1190 carceris
1937 1127 2338 1203 fugiendique

381 1214 635 1277 haberet
662 1213 1087 1283 occasionem
1131 1213 1438 1289 patefacto
1467 1211 1609 1273 dein
1639 1211 1876 1273 scelere
1902 1210 2243 1287 delegatum
2273 1212 2336 1273 in

380 1297 718 1359 Tullianum
765 1312 845 1357 ex
884 1303 1138 1361 senatus
1192 1297 1493 1361 consulto.
1567 1295 1648 1355 de
1689 1292 1979 1371 Scipione
2031 1310 2338 1371 nusquam

382 1381 499 1441 nisi
530 1382 590 1442 in
622 1387 841 1443 senatu
868 1388 1088 1456 actum,
1118 1380 1222 1441 ubi
1252 1396 1468 1443 omnes
1497 1376 1806 1455 legatique
1827 1385 1889 1439 et
1909 1378 2148 1454 tribuni,
2177 1380 2308 1441 clas

383 1480 515 1525 sem
544 1481 679 1525 eam
710 1464 1041 1527 exercitum
1072 1464 1414 1539 ducemque
1443 1461 1648 1524 verbis
1679 1463 2071 1538 extollentes,
2113 1461 2334 1523 effece-

380 1555 539 1622 runt,
580 1554 647 1609 ut
676 1555 927 1611 senatus
971 1556 1252 1609 censeret
1281 1548 1476 1623 primo
1508 1562 1758 1623 quoque
1784 1552 2058 1622 tempore
2085 1546 2148 1607 in
2173 1545 2334 1607 Afri-

384 1647 518 1693 cam
563 1630 995 1707 traiciendum,
1047 1630 1448 1708 Scipionique
1498 1629 1974 1707 permitteretur,
2024 1636 2092 1692 ut
2137 1644 2217 1689 ex
2257 1630 2336 1691 iis

383 1714 783 1790 exercitibus,
828 1715 933 1791 qui
969 1717 1031 1777 in
1062 1714 1269 1781 Sicilia
1307 1722 1549 1787 essent,
1591 1714 1730 1790 ipse
1759 1712 2038 1790 eligeret,
2083 1729 2244 1790 quos
2273 1714 2334 1775 in

386 1800 654 1861 Africam
710 1814 925 1861 secum
979 1798 1292 1875 traiceret,
1354 1815 1512 1875 quos
1561 1797 1916 1875 provinciae
1969 1796 2336 1874 relinqueret

384 1882 715 1959 praesidio.

547 1966 759 2030 XXlll.
801 1966 961 2029 Dum
999 1966 1154 2028 haec
1192 1966 1362 2043 apud
1387 1968 1700 2033 Romanos
1729 1974 2050 2042 geruntur,
2091 1964 2334 2027 Cartha-

382 2049 692 2125 ginienses
738 2064 1016 2125 quoque,
1060 2064 1197 2111 cum
1238 2051 1511 2127 speculis
1546 2066 1660 2126 per
1687 2048 1891 2113 omnia
1917 2048 2332 2127 promontoria

382 2132 603 2208 posius
652 2137 1125 2208 percunctantes
1173 2140 1600 2209 paventesque
1641 2135 1721 2197 ud
1771 2134 2048 2209 singulos
2089 2132 2333 2195 nuntios

382 2215 703 2277 sollicitam
730 2216 991 2279 hiemem
1020 2216 1312 2292 egissent,
1353 2216 1519 2278 haud
1548 2234 1809 2293 parvum
1835 2223 1898 2278 et
1923 2216 2044 2293 ipsi
2072 2217 2336 2279 tuendae

381 2299 628 2361 Africae
654 2306 1024 2363 momentum
1054 2300 1410 2364 adiecerunt
1433 2301 1788 2363 societatem
1813 2298 2122 2379 Syphacis
2149 2299 2335 2376 regis,

382 2383 557 2444 cuius
598 2384 863 2447 maxime
903 2384 1131 2449 fiducia
1169 2385 1562 2447 traiecturum
1600 2384 1661 2446 in
1698 2385 1969 2451 Africam
1995 2384 2334 2447 Romanum

382 2467 791 2531 crediderunt.
832 2474 963 2529 erat
980 2468 1352 2531 Hasdrubali
1377 2468 1664 2545 Gisgonis
1693 2469 1817 2531 filio
1847 2484 1971 2529 non
2003 2466 2332 2543 hospitium

380 2551 562 2613 modo
593 2567 732 2613 cum
760 2567 927 2626 rege,
957 2550 1037 2613 de
1066 2570 1188 2628 quo
1218 2558 1362 2613 antc
1389 2552 1616 2617 dietum
1637 2560 1752 2625 est,
1781 2568 1917 2613 cum
1941 2567 2020 2613 ex
2040 2551 2334 2627 Hispania

380 2634 537 2696 forte
575 2634 635 2695 in
677 2635 840 2695 idem
878 2642 1123 2710 tempus
1166 2635 1376 2711 Scipio
1419 2642 1605 2712 atque
1643 2636 1990 2697 Hasdrubal
2031 2650 2322 2699 convene·

381 2725 549 2794 runt,
592 2720 705 2779 sed
734 2718 959 2783 mentio
991 2735 1243 2795 quoque
1276 2719 1562 2784 inchoata
1590 2718 1948 2793 adfinitatis,
1991 2726 2058 2781 ut
2081 2734 2196 2781 rex
2224 2719 2326 2779 du·

381 2808 547 2863 ceret
593 2800 781 2863 filiam
826 2801 1252 2865 Hasdrubalis.
1319 2804 1400 2865 ad
1439 2818 1573 2867 eam
1622 2819 1754 2863 rem
1793 2802 2334 2867 consummandam

378 2893 747 2961 tempusque
774 2886 1005 2961 nuptiis
1034 2888 1426 2951 statuendum
1443 2886 1672 2948 -iam
1699 2886 1859 2948 enim
1881 2890 1942 2946 et
1961 2886 2183 2949 nubilis
2207 2892 2334 2947 erat

380 2968 550 3044 virgo
580 3000 663 3013 —-
690 2971 1007 3045 profectus
1034 2969 1380 3031 Hasdrubal
1421 2976 1488 3031 ut
1525 2985 1854 3035 accensum
1894 2969 2223 3046 cupiditate
2251 3004 2335 3013 —

380 3056 441 3111 et
468 3058 610 3114 sunt
650 3060 791 3115 ante
832 3068 1049 3133 omnes
1074 3053 1370 3115 Numidae
1397 3053 1699 3117 barbaros
1729 3052 1912 3119 effusi
1940 3053 2000 3117 in
2028 3054 2334 3115 Venerem

376 3167 461 3179 --
490 3136 712 3212 sensit,
779 3136 1077 3213 virginem
1126 3153 1165 3197 a
1216 3138 1578 3214 Carthagine
1645 3136 1898 3201 arcessit
1951 3144 2336 3213 maturatque

377 3220 655 3297 nuptias;
700 3227 762 3282 et
788 3220 946 3282 inter
984 3220 1165 3283 aliam
1204 3222 1697 3296 gratulationem,
1739 3229 1807 3283 ut
1835 3220 2147 3297 publicum
2181 3237 2332 3298 quo·

379 3318 501 3380 que
550 3303 770 3367 foedus
819 3304 1059 3382 privato
1111 3305 1482 3380 adiceretur,
1533 3306 1802 3371 societas
1841 3305 1998 3367 inter
2035 3307 2334 3382 populum

378 3385 959 3463 Carthaginiensium
993 3404 1346 3465 regemque,
1381 3389 1522 3452 data
1551 3390 1709 3451 ultro
1739 3390 2014 3465 citroque
2041 3389 2167 3451 fide
2195 3404 2338 3450 eos-

377 3468 517 3531 dem
545 3470 776 3533 amicos
804 3471 1209 3550 inimicosque
1237 3471 1573 3549 habituros,
1605 3473 1736 3534 iure
1764 3472 2021 3535 iurando
2051 3472 2334 3535 adfirma-
