2550 3959
636 262 865 322 LIBER
891 262 1131 322 xxvu.
1180 261 1346 322 CAP.
1375 270 1464 326 30.
1509 270 1582 336 [a.
1607 270 1672 322 c.
1701 266 1826 344 208]
2085 261 2208 328 197

238 413 425 490 legati
448 409 525 472 ab
548 429 697 488 rege
717 413 987 490 Aegypti
1009 412 1358 474 Ptolemaeo
1382 412 1765 490 Rhodiisque
1789 420 1850 474 et
1867 415 2208 478 Athenien-

238 496 419 559 sibus
461 504 521 559 et
552 495 715 564 Chiis
760 502 1056 557 venerunt
1096 496 1174 556 ad
1224 496 1629 558 dirimendum
1669 497 1826 558 inter
1863 498 2207 577 Philippum

240 587 432 658 atque
459 581 719 642 Aetolos
748 579 993 641 bellum.
1036 579 1345 642 adhibitus
1376 580 1452 640 ab
1473 581 1710 642 Aetolis
1741 588 1802 642 et
1829 597 1909 642 ex
1935 583 2206 646 finitimis

239 665 598 741 pacificator
627 663 1031 742 Amynander
1066 679 1177 724 rex
1205 663 1632 726 Athamanum.
1695 665 1963 726 omnium
2006 674 2208 728 autem

238 764 364 810 non
408 757 573 808 tanta
614 763 727 824 pro
754 747 993 809 Aetolis
1036 763 1183 808 cura
1224 755 1382 822 erat,
1429 747 1836 811 ferocioribus
1867 767 2050 826 quam
2090 767 2205 828 pro

239 831 505 906 ingeniis
521 831 891 893 Graecorum
924 831 1142 908 gentis,
1174 847 1356 909 quam
1389 847 1467 892 ne
1478 831 1797 910 Philippus
1826 849 2208 912 regnumque

239 917 374 976 eius
403 916 591 976 rebus
622 915 945 990 Graeciae,
990 931 1179 992 grave
1207 915 1468 976 libertati
1499 917 1792 993 futurum,
1832 918 2204 981 immiscere-

238 1017 353 1060 tur.
414 999 493 1058 de
538 1014 692 1074 pace
722 999 908 1060 dilata
936 999 1302 1060 consultatio
1343 1005 1440 1059 est
1467 999 1528 1060 in
1572 1001 1898 1063 concilium
1923 1004 2205 1065 Achaeo-

236 1099 390 1142 rum.
456 1082 718 1146 concilio
761 1088 821 1142 et
847 1085 1023 1144 locus
1068 1090 1129 1144 et
1156 1083 1292 1143 dies
1323 1089 1490 1144 certa
1531 1083 1790 1155 indicta;
1834 1085 2074 1148 interim
2103 1085 2203 1147 tri-

236 1167 404 1242 ginta
434 1166 670 1228 dierum
696 1166 971 1229 indutiae
997 1167 1375 1244 impetratae.
1431 1168 1748 1242 profectus
1777 1168 1920 1231 inde
1949 1187 2057 1230 rex
2091 1186 2206 1248 per

234 1250 614 1311 Thessaliam
634 1251 1076 1326 Boeotiamque
1106 1251 1457 1312 Chalcidem
1477 1250 1766 1313 Euboeae
1795 1255 1979 1328 venit,
2009 1261 2076 1315 ut
2094 1256 2204 1316 At-

236 1336 441 1406 talum,
476 1351 657 1411 quem
681 1335 883 1396 classe
904 1335 1219 1396 Euboeam
1242 1335 1569 1410 petiturum
1598 1337 1890 1412 audierat,
1923 1337 2206 1414 portibus

238 1425 299 1478 et
328 1418 570 1479 litorum
600 1419 867 1495 appulsu
896 1426 1151 1480 arceret.
1212 1419 1356 1480 inde
1388 1420 1698 1496 praesidio
1727 1420 1940 1482 relicto
1985 1423 2204 1485 adver—

236 1519 345 1562 sus
378 1504 674 1578 Attalum,
722 1504 776 1562 si
818 1503 974 1564 forte
1016 1503 1253 1565 interim
1293 1504 1662 1580 traiecisset,
1708 1506 2023 1582 profectus
2066 1507 2206 1584 ipse

238 1602 377 1647 cum
406 1587 623 1662 paucis
652 1587 925 1663 equitum
954 1588 1235 1664 levisque
1264 1596 1607 1649 armaturae
1632 1589 1837 1665 Argos
1873 1591 2054 1651 venit.
2119 1591 2203 1652 ibi

238 1671 551 1733 curatione
579 1671 956 1732 Heraeorum
985 1673 1477 1746 Nemeorumque
1521 1671 1831 1748 suffragiis
1862 1675 2078 1749 populi
2119 1675 2202 1736 ad

236 1769 377 1815 eum
429 1754 657 1828 delata,
716 1753 860 1830 quia
906 1770 977 1814 se
1018 1753 1423 1814 Macedonum
1473 1771 1654 1830 reges
1704 1771 1782 1814 ex
1832 1771 1908 1816 ea
1957 1756 2202 1826 civitate

236 1836 534 1898 oriundos
574 1838 870 1910 referunt,
908 1837 1292 1912 Heraeisque
1333 1837 1484 1914 actis
1526 1837 1782 1917 abipso
1811 1839 2050 1901 ludicro
2095 1856 2200 1901 ex-

236 1922 463 1998 templo
492 1920 752 1996 Aegium
792 1922 1105 1997 profectus
1137 1929 1233 1982 est
1260 1921 1342 1982 ad
1381 1921 1672 1982 indictum
1702 1923 1890 1984 multo
1927 1930 2067 1985 ante
2098 1941 2199 1986 so·

235 2005 472 2064 ciorum
513 2005 857 2066 concilium.
921 2005 1007 2066 ibi
1050 2005 1131 2066 de
1157 2005 1438 2066 Aetolico
1470 2006 1740 2067 finiendo
1769 2006 1933 2068 bello
1975 2017 2195 2076 actum.

234 2105 313 2148 ne
343 2104 537 2149 causa
564 2096 669 2151 aut
689 2090 982 2150 Romanis
1012 2095 1115 2150 aut
1134 2091 1340 2152 Attalo
1372 2089 1634 2152 intrandi
1667 2092 1984 2155 Graeciam
2011 2109 2199 2155 esset.

234 2172 352 2233 sed
402 2189 477 2232 ea
528 2173 731 2232 omnia
778 2173 1031 2234 vixdum
1086 2174 1453 2234 indutiarum
1503 2180 1777 2252 tempore
1830 2176 2198 2239 circumacto

232 2256 438 2316 Aetoli
476 2255 833 2332 turbavere,
878 2264 1206 2334 postquam
1236 2265 1296 2318 et
1322 2258 1590 2319 Attalum
1623 2260 1918 2335 Aeginam
1946 2262 2200 2322 venisse

234 2347 298 2400 et
325 2340 664 2401 Romanam
693 2341 959 2403 classem
990 2348 1156 2402 stare
1184 2342 1265 2401 ad
1295 2340 1672 2417 Naupactum
1703 2344 2012 2406 audivere.
2084 2361 2194 2407 vo-

234 2425 354 2484 cati
388 2424 549 2484 enim
575 2425 636 2486 in
668 2424 990 2487 concilium
1015 2425 1425 2500 Achaeorum,
1469 2425 1528 2484 in
1563 2441 1684 2500 quo
1717 2433 1776 2486 et
1803 2443 1916 2487 eae
1942 2425 2191 2504 legatib-

231 2523 345 2568 nes
378 2515 568 2584 erant,
598 2523 758 2584 quae
786 2511 866 2570 ad
889 2509 1147 2571 Phalara
1175 2514 1430 2584 egerant
1456 2509 1536 2568 de
1557 2524 1732 2584 pace,
1763 2510 1960 2585 primo
1995 2511 2194 2587 questi

232 2598 379 2652 sunt
423 2593 725 2666 quaedam
769 2609 961 2670 parva
990 2601 1202 2655 contra
1228 2594 1411 2654 fidem
1456 2593 1882 2655 conventionis
1917 2600 2195 2672 tempore

230 2673 601 2736 indutiarum
625 2677 817 2748 sacta;
848 2685 1161 2753 postremo
1190 2684 1489 2754 negarunt
1512 2677 1710 2738 dirimi
1733 2679 1957 2739 bellum
1981 2696 2192 2756 posse,

230 2758 351 2818 nisi
372 2759 705 2821 Messeniis
720 2761 955 2822 Achaei
976 2762 1193 2840 Pylum
1220 2763 1564 2836 redderent,
1594 2763 1886 2823 Romanis
1915 2765 2190 2825 restitue-

230 2849 399 2903 retur
436 2845 775 2919 Atintania,
816 2843 1215 2908 Scerdilaedo
1260 2852 1320 2907 et
1345 2845 1624 2906 Pleurato
1666 2845 1938 2906 Ardiaei.
2003 2847 2191 2908 enim-

232 2942 383 2986 vero
439 2926 754 3003 indignum
793 2937 962 2991 ratus
1002 2930 1323 3007 Philippus
1363 2931 1564 2992 victos
1604 2930 1822 2992 victori
1863 2931 1982 2992 sibi
2031 2933 2192 2993 ultro

234 3010 635 3074 condiciones
676 3013 865 3086 serre,
912 3029 993 3074 ne
1033 3020 1213 3074 antea
1256 3015 1502 3090 quidem
1535 3031 1606 3075 se
1648 3023 1753 3076 aut
1782 3016 1860 3076 de
1888 3032 2045 3092 pace
2085 3033 2192 3077 au·

231 3093 405 3154 disse
446 3103 549 3155 aut
586 3095 853 3158 indutias
894 3097 1214 3174 pepigisse
1256 3099 1409 3159 dixit
1449 3114 1625 3174 spem
1658 3100 1841 3159 ullam
1868 3100 2191 3161 habentem

231 3177 549 3253 quieturos
589 3181 878 3254 AetoloS‚
925 3181 1040 3242 sed
1081 3189 1149 3242 ut
1192 3197 1406 3242 omnes
1437 3183 1646 3244 socios
1691 3190 1879 3252 testes
1924 3182 2192 3260 haberet,

231 3277 303 3321 se
344 3263 548 3337 pacis,
590 3263 730 3324 illos
772 3263 915 3325 belli
958 3281 1209 3325 causam
1252 3267 1596 3340 quaesisse.
1660 3267 1743 3326 ita
1783 3266 2008 3326 infecta
2036 3282 2193 3343 pace

232 3345 559 3406 concilium
599 3347 827 3409 dimisit
869 3356 1152 3424 quattuor
1177 3348 1420 3410 milibus
1462 3358 1829 3411 armatorum
1857 3349 2084 3412 relictis
2113 3351 2192 3412 ad

229 3429 607 3504 praesidium
637 3432 1029 3495 Achaeorum
1071 3440 1131 3494 et
1170 3434 1441 3508 quinque
1483 3434 1682 3508 longis
1711 3431 1972 3496 navibus
2014 3451 2190 3497 acce-

232 3512 373 3586 ptia
419 3530 575 3588 quas
605 3515 659 3576 si
688 3515 1021 3578 adiecisset
1047 3518 1277 3578 missae
1304 3533 1504 3592 nuper
1530 3518 1609 3577 ad
1638 3532 1709 3578 se
1739 3517 1924 3578 classi
1948 3518 2191 3580 Cartha-
