2550 3959
350 273 475 338 230
668 273 896 334 LlssER
919 275 1185 334 XXVlll.
1234 275 1399 334 CAP.
1422 283 1474 336 8.
1500 282 1552 336 9.
1597 280 1669 348 [a.
1698 281 1766 332 U.
1793 298 1839 331 c.
1867 279 1990 346 545]

350 425 573 485 carinis
603 425 840 500 positis,
874 430 1309 498 contractaque
1337 425 1416 483 ad
1446 423 1729 484 effectum
1758 424 1890 484 eius
1922 425 2128 500 operis
2159 429 2318 486 mul·

350 509 601 570 titudine
632 509 942 568 fabrorum
973 507 1298 582 navalium,
1337 509 1482 583 quia
1508 523 1610 568 res
1642 507 1701 566 in
1737 508 1991 568 Graecia
2020 511 2316 584 tranquil-

346 594 438 652 las
470 601 530 654 et
568 593 867 668 profectio
899 592 1083 650 Attali
1127 592 1356 652 fecerat
1395 599 1456 652 et
1483 591 1542 650 in
1579 598 1858 668 tempore
1887 592 2318 653 laborantibus

353 677 541 736 sociis
584 679 769 735 latum
810 676 887 735 ab
930 691 997 735 se
1044 675 1362 749 auxilium,
1407 681 1570 735 retro
1602 675 1662 735 in
1694 690 1952 751 regnum
1981 677 2316 749 concessit,

347 769 413 820 ut
442 759 743 819 Dardanis
775 759 997 818 bellum
1027 759 1294 818 inferret.

516 843 613 902 IX.
656 843 944 904 Extremo
979 844 1227 903 aestatis
1258 843 1410 916 eiuS,
1445 859 1566 918 qua
1595 842 1749 904 haec
1773 844 1833 903 in
1859 845 2116 905 Graecia
2137 850 2318 919 gesta

348 933 521 1001 sunt,
568 943 704 987 cum
751 927 817 1000 Q.
863 926 1085 988 Fabius
1126 927 1373 987 Maximi
1417 927 1578 987 filius
1623 929 1860 1002 legatus
1907 929 1984 988 ab
2027 927 2108 988 M.
2138 929 2314 988 Livio

349 1013 604 1071 consule
648 1013 903 1071 Romam
945 1012 1024 1070 ad
1067 1017 1347 1071 senatum
1397 1014 1742 1072 nuntiasset
1792 1014 2108 1072 consulem
2161 1012 2314 1073 satis

349 1096 638 1170 praesidii
673 1096 901 1155 Galliae
938 1096 1295 1172 provinciae
1325 1097 1578 1156 credere
1605 1097 1671 1154 L.
1702 1095 1980 1156 Porcium
2012 1111 2149 1156 cum
2180 1097 2314 1156 suis

348 1179 691 1254 legionibus
734 1195 906 1252 esse,
960 1180 1262 1240 decedere
1303 1195 1374 1239 se
1413 1181 1559 1241 inde
1599 1196 1672 1240 ac
1714 1181 1936 1240 deduci
1977 1180 2316 1240 exercitum

349 1265 735 1324 consularem
776 1278 997 1339 posse,
1046 1272 1250 1339 patres
1295 1280 1419 1323 non
1449 1264 1528 1323 M.
1558 1264 1794 1324 Livium
1839 1271 2066 1324 tantum
2107 1264 2316 1324 redire

348 1348 427 1406 ad
469 1349 683 1408 urbem
726 1348 841 1408 sed
882 1350 1178 1422 collegam
1224 1364 1472 1424 quoque
1507 1349 1638 1409 eius
1671 1347 1732 1408 C.
1768 1348 2082 1409 Claudium
2113 1348 2314 1408 iusse-

346 1439 504 1492 runt.
558 1432 620 1492 id
647 1433 831 1492 modo
866 1431 927 1492 in
961 1433 1207 1494 decreto
1240 1433 1534 1505 interfuit,
1581 1432 1752 1509 quod
1779 1433 1859 1491 M.
1892 1432 2042 1491 Livii
2073 1431 2313 1491 exerci-

348 1521 474 1574 tum
502 1516 733 1585 reduci,
767 1515 1025 1576 Neronis
1057 1516 1334 1590 legiones
1357 1516 1680 1576 Hannibali
1709 1517 2032 1591 oppositas
2063 1531 2315 1574 manere

346 1597 407 1657 in
438 1598 757 1673 provincia
786 1600 1113 1660 iusserunt.
1160 1600 1317 1659 inter
1347 1601 1636 1661 eonsules
1668 1601 1750 1662 ita
1772 1615 1885 1675 per
1905 1601 2135 1660 litteras
2163 1615 2312 1661 con-

348 1682 539 1756 venit,
585 1689 652 1744 ut
681 1699 863 1759 quem
892 1683 973 1743 ad
1000 1685 1249 1744 modum
1281 1701 1402 1744 uno
1435 1678 1638 1744 animo
1667 1699 1798 1744 rem
1831 1683 2138 1758 publicam
2166 1697 2313 1758 ges—

346 1767 605 1841 sissent,
646 1767 755 1840 ita,
802 1783 1171 1844 quamquam
1215 1783 1295 1827 ex
1327 1769 1589 1828 diversis
1630 1768 1987 1843 regionibus
2019 1767 2311 1827 conveni-

344 1857 507 1924 rent,
554 1867 672 1910 uno
718 1859 994 1928 tempore
1035 1853 1114 1912 ad
1156 1853 1371 1912 urbem
1400 1853 1797 1922 accederent3
1829 1852 2170 1911 Praeneste
2203 1851 2313 1926 qui

346 1935 515 2010 prior
563 1934 860 2010 ven-isset,
914 1937 1211 2010 collegam
1262 1936 1347 1996 ibi
1397 1935 1667 2012 opperiri
1715 1936 1944 1996 iussus.
2019 1937 2175 1996 forte
2226 1935 2311 1994 ita

346 2017 563 2091 evenit,
596 2024 659 2078 ut
686 2019 905 2078 eodem
936 2019 1035 2078 die
1064 2019 1244 2078 ambo
1266 2019 1600 2079 Praeneste
1625 2019 1914 2079 venirent.
1964 2017 2106 2078 inde
2129 2033 2308 2094 prae-

346 2101 537 2180 misso
582 2101 813 2176 edict0,
858 2108 925 2162 ut
950 2103 1149 2164 triduo
1193 2109 1340 2178 post
1379 2104 1670 2179 frequens
1702 2110 1952 2164 senatus
1985 2103 2063 2162 ad
2091 2103 2312 2162 aedem

346 2184 637 2244 Bellonae
666 2186 945 2260 adesset,
989 2189 1151 2246 omni
1184 2185 1566 2247 multitudine
1597 2188 1840 2248 obviam
1869 2186 2068 2248 effusa
2098 2186 2176 2246 ad
2207 2202 2310 2245 ur-

347 2269 483 2328 bem
512 2284 855 2329 accessere.
902 2286 1027 2331 non
1056 2271 1406 2331 salutabant
1431 2272 1618 2332 modo
1641 2270 1911 2332 universi
1935 2270 2310 2345 circumfusi,

346 2352 460 2412 sed
502 2369 801 2428 prensare
846 2371 957 2430 pro
990 2369 1061 2414 se
1092 2356 1360 2430 quisque
1387 2357 1670 2416 victrices
1704 2357 1951 2416 dextras
1983 2355 2310 2415 consulum

346 2435 694 2513 cupientes,
738 2438 840 2498 alii
881 2440 1368 2514 gratulabantur,
1415 2440 1514 2500 alii
1544 2441 1772 2515 gratias
1803 2439 2094 2514 agebant,
2139 2439 2332 2512 quod·

346 2537 558 2582 eorum
588 2538 781 2597 opera
810 2522 1134 2584 incolumis
1164 2540 1266 2584 res
1297 2523 1546 2599 publica
1575 2531 1759 2584 esset.
1833 2525 1891 2582 in
1923 2529 2141 2583 senatu
2169 2536 2312 2581 cum

246 2648 250 2650 -
344 2620 515 2664 more
556 2606 826 2666 omnium
867 2609 1304 2682 imperatorum
1345 2609 1646 2682 expositis
1688 2609 1873 2668 rebus
1906 2607 1984 2666 ab
2013 2621 2084 2666 se
2112 2605 2310 2680 gestis

344 2692 781 2764 postulassent,
828 2697 893 2751 ut
921 2707 1035 2766 pro
1066 2706 1133 2750 re
1165 2691 1412 2766 publica
1443 2692 1678 2754 sortiter
1706 2692 2084 2766 feliciterque
2113 2689 2310 2749 admi-

345 2772 599 2832 nistrata
646 2779 706 2833 et
747 2774 879 2834 deis
932 2775 1376 2835 immortalibus
1428 2775 1754 2836 haberetur
1805 2777 2004 2836 honos
2048 2780 2110 2834 et
2150 2773 2309 2849 ipsis

262 2921 266 2928 ,
342 2856 853 2932 triumphantibus
878 2859 1091 2919 urbem
1114 2859 1265 2919 inire
1290 2859 1514 2933 liceret,
1547 2877 1618 2920 se
1643 2876 1790 2922 vero
1817 2875 1892 2920 ea
1915 2873 2074 2934 quae
2096 2862 2310 2934 postu·

344 2941 539 3001 larent
568 2942 903 3002 decernere
932 2948 1141 3016 patres
1172 2943 1386 3004 merito
1419 2945 1677 3006 deorum
1706 2943 1994 3020 primum,
2039 2943 2181 3003 dein
2211 2955 2310 3001 se·

347 3023 613 3084 cundum
655 3027 809 3085 deos
852 3026 1176 3088 consulum
1220 3029 1704 3103 responderunt;
1752 3035 1812 3089 et
1855 3025 2310 3102 supplicatione

346 3107 664 3169 amborum
689 3110 933 3169 nomine
960 3119 1019 3171 et
1039 3111 1346 3187 triumpho
1367 3112 1612 3186 utrique
1635 3114 1904 3185 decreto,
1935 3111 2093 3172 inter
2113 3110 2308 3186 ipsoS,

341 3207 424 3250 ne
466 3208 604 3253 cum
652 3193 875 3255 bellum
917 3197 1221 3255 communi
1266 3197 1468 3276 animo
1509 3197 1884 3272 gessissent,
1938 3194 2308 3270 triumphum

347 3285 733 3352 separarent,
775 3277 858 3339 ita
886 3280 1201 3353 convenit,
1249 3286 1344 3353 ut,
1384 3281 1672 3357 quoniam
1701 3282 1849 3341 etin
1881 3279 2201 3355 provincia
2227 3277 2308 3336 M.

344 3358 497 3420 Livii
538 3377 637 3421 res
680 3370 855 3438 gesta
898 3371 1095 3438 esset,
1141 3370 1201 3424 et
1227 3379 1303 3426 eo
1336 3365 1436 3425 die
1466 3381 1590 3440 quo
1621 3373 1958 3441 pugnatum
1988 3364 2147 3423 foret
2172 3361 2310 3422 eius

350 3443 505 3503 forte
546 3445 889 3520 auspicium
930 3449 1179 3522 suisset,
1222 3454 1285 3508 et
1325 3449 1632 3510 exereitus
1677 3449 1966 3509 Livianus
2008 3446 2309 3507 deductus

349 3528 601 3588 Romam
642 3530 943 3608 venisset,
994 3531 1253 3593 Neronis
1295 3532 1518 3593 deduci
1558 3533 1636 3592 de
1679 3531 2000 3610 provincia
2040 3545 2164 3592 non
2195 3545 2300 3606 po-
