2550 3959
366 208 488 275 iso
718 211 949 273 Lissa
975 209 1216 269 xxvn.
1262 208 1429 269 CAP.
1463 218 1512 268 1.
1559 210 1634 286 [a.
1665 212 1736 267 υ.
1766 230 1816 269 e.
1846 215 1970 289 ω,

1018 442 1300 555 ΤΙΤΙ
1386 439 1660 535 L1v1

928 612 1033 671 ΑΒ
1077 608 1313 673 URBE
1361 606 1770 671 CONDITA

1092 740 1314 803 LIBER
1353 742 1596 803 XXVII.

400 980 692 1035 EPITOME.
745 980 835 1031 Cn.
856 980 1063 1033 Fulvius
1082 979 1352 1047 proconsul
1371 994 1485 1030 cum
1503 978 1726 1029 exercitu
1745 978 1808 1027 ab
1826 976 2104 1029 Hannibale
2123 980 2192 1030 ad
2208 978 2335 1031 Her-

471 1053 683 1103 doneam
703 1064 884 1101 caesus
906 1058 1002 1101 est.
1039 1048 1247 1101 meliore
1268 1056 1452 1099 eventu
1471 1063 1501 1097 a
1521 1046 1734 1099 Claudio
1747 1044 1988 1097 Marcello
2010 1047 2219 1099 consule
2238 1049 2332 1101 ad·

472 1134 647 1172 versus
662 1119 876 1171 eundem
896 1120 962 1171 ad
972 1118 1346 1169 Numistronem
1361 1122 1642 1183 pugnatum
1661 1121 1756 1165 est.
1787 1114 1907 1166 inde
1915 1116 2166 1169 Hannibal
2183 1126 2331 1171 nocte

470 1190 707 1241 recessit:
753 1188 1019 1240 Marcellus
1047 1190 1308 1239 insecutus
1341 1194 1444 1245 est,
1493 1192 1542 1236 et
1577 1184 1794 1235 subinde
1823 1184 2086 1237 cedentem
2121 1188 2329 1252 pressit,

470 1260 633 1310 donec
648 1256 963 1325 confligeret.
1018 1259 1186 1323 priore
1205 1270 1378 1322 pugna
1394 1252 1644 1305 Hanniba!
1663 1254 1915 1319 superior,
1949 1254 2216 1307 Marcellus
2246 1272 2330 1307 se-

475 1328 666 1391 quenti.
722 1326 909 1377 Fabius
927 1326 1182 1377 Maximus
1203 1334 1346 1391 pater
1365 1320 1542 1375 consul
1557 1322 1855 1375 Tarentinos
1871 1337 1965 1389 per
1988 1325 2328 1391 proditionem

467 1396 675 1462 recepit.
732 1394 973 1447 Claudius
991 1394 1257 1446 Marcellus
1281 1394 1340 1443 T.
1364 1392 1626 1453 Quinctius
1645 1390 1908 1458 Crispinus
1927 1394 2184 1455 consules,
2209 1408 2330 1459 spe-

468 1466 671 1516 culandi
689 1478 841 1513 eausa
857 1464 1115 1530 progressi
1131 1478 1159 1513 e
1178 1464 1376 1523 eastris,
1405 1462 1608 1513 insidiis
1625 1462 1689 1511 ab
1705 1460 1984 1514 Hannibale
2002 1464 2330 1514 circumventi

470 1540 604 1584 sunt.
670 1532 934 1583 Marcellus
962 1534 1160 1584 occisus
1180 1568 1195 1592 ,
1232 1530 1496 1596 Crispinus
1525 1530 1674 1596 fugit.
1729 1530 1942 1581 lustrum
1974 1547 2006 1582 a
2033 1532 2329 1585 censoribus

468 1602 725 1655 conditum
760 1608 865 1653 est:
908 1616 1062 1653 censa
1090 1608 1208 1653 sunt
1236 1600 1426 1651 civium
1456 1600 1626 1665 capita
1657 1606 1858 1649 centum
1897 1602 2104 1669 triginta
2129 1609 2330 1667 septem

471 1670 613 1722 milia
630 1678 830 1723 centum
849 1677 898 1721 et
916 1678 1049 1733 octo,
1088 1684 1153 1721 ex
1172 1686 1272 1735 quo
1290 1683 1498 1720 numero
1517 1670 1770 1735 apparuit,
1805 1678 2046 1733 quantum
2064 1670 2330 1723 hominum

466 1749 544 1792 tot
560 1739 867 1807 proeliorum
899 1741 1115 1792 adversa
1133 1740 1333 1791 fortuna
1350 1736 1782 1810 populo‘Romano
1810 1739 2119 1791 abstulisset.
2169 1741 2222 1790 in
2239 1738 2328 1788 ffi-

470 1810 653 1876 spania
670 1810 737 1859 ad
752 1808 1023 1860 Baeculam
1043 1808 1215 1877 Scipio
1235 1822 1351 1858 cum
1368 1806 1680 1857 Hasdrubale
1693 1806 1996 1859 Hamilcaris
2021 1808 2247 1859 conflixit
2279 1815 2330 1858 et

470 1878 609 1929 vicit.
660 1880 794 1929 inter
809 1878 911 1930 alia
930 1886 1133 1944 captum
1149 1891 1362 1943 puerum
1381 1876 1604 1943 regalem
1625 1876 2058 1929 eximiaerormae
2073 1878 2144 1929 ad
2167 1891 2330 1928 avun-

463 1945 634 1998 culum
652 1946 973 1998 Masinissam
992 1963 1107 1998 cum
1126 1947 1276 1999 donis
1298 1946 1508 1997 remisit.
1564 1944 1879 2007 Hasdrubal,
1917 1946 2006 2011 qui
2035 1960 2147 1997 cum
2182 1960 2330 1997 exer-

466 2016 571 2066 citu
589 2030 722 2067 novo
750 2017 1125 2067 transcenderat
1143 2014 1302 2079 Alpes
1321 2050 1335 2075 ,
1373 2021 1430 2065 ut
1446 2028 1504 2065 se
1519 2014 1784 2066 Hannibali
1817 2017 2144 2083 coniungeret
2156 2051 2172 2076 ‚
2210 2030 2328 2065 enm

470 2082 679 2134 milibus
704 2082 967 2135 hominum
996 2084 1366 2151 quinquaginta
1399 2098 1494 2133 sex
1525 2098 1704 2134 cauus
1735 2092 1812 2135 est
1843 2084 1911 2135 M.
1941 2085 2074 2136 Livii
2107 2083 2330 2135 consulis

468 2153 651 2209 ductu,
688 2153 783 2203 sed
802 2167 902 2204 nou
920 2154 1114 2204 minore
1146 2167 1302 2219 opera
1319 2150 1517 2203 Claudii
1536 2150 1747 2203 Neronis
1777 2152 2024 2214 consulis,
2063 2152 2176 2217 qui,
2213 2168 2330 2203 cum

469 2218 737 2270 Hannibali
758 2222 1023 2287 oppositus
1041 2229 1193 2281 esset,
1209 2221 1398 2272 relictis
1415 2223 1592 2273 castris
1606 2222 1680 2273 ita
1696 2229 1752 2271 ut
1766 2222 1964 2274 hostem
1982 2220 2194 2283 falleret,
2213 2237 2332 2273 cum

470 2288 665 2340 delecta
694 2302 850 2340 manu
877 2290 1135 2357 profectus
1158 2290 1527 2343 Hasdrubalem
1559 2290 1902 2343 circumvenit.
1955 2305 2036 2343 res
2067 2298 2332 2358 praeterea

470 2356 745 2477 fsslicssert?
764 2360 823 2477 Pt.
842 2358 1065 2425 Sulpicio
1091 2367 1326 2425 praetore
1343 2359 1588 2410 adversus
1606 2359 1897 2425 Philippum
1917 2370 1967 2412 et
1983 2360 2218 2411 Achaeos
2239 2376 2332 2427 ge·

466 2440 493 2475 s
516 2440 575 2476 as
593 2440 689 2477 con
712 2442 791 2478 me
820 2464 831 2478 .

536 2530 581 2589 Ι.
624 2530 738 2590 Hic
768 2536 961 2591 status
989 2545 1192 2591 rerum
1220 2530 1282 2591 in
1305 2530 1604 2606 Hispania
1632 2535 1778 2589 erat.
1823 2529 1884 2588 in
1915 2530 2084 2591 ltalia
2113 2530 2334 2591 consul

366 2613 693 2675 Marcellus
723 2612 974 2689 Salapia
1002 2629 1113 2690 per
1154 2612 1562 2688 proditionem
1587 2618 1838 2689 recepta
1865 2613 2240 2675 Marmoreas
2271 2622 2360 2675 et-

366 2696 561 2757 Meles
603 2696 682 2756 de
714 2695 1085 2757 Samnitibus
1128 2696 1189 2756 vi
1230 2697 1410 2773 cepit.
1479 2696 1560 2757 ad
1601 2697 1716 2757 tria
1753 2698 1918 2757 milia
1955 2698 2204 2760 rnilitum
2248 2698 2330 2759 ibi

366 2778 744 2853 Hannibalis,
792 2794 952 2855 quae
982 2778 1273 2855 praesidii
1304 2796 1493 2841 causa
1519 2781 1732 2844 relicta
1759 2787 1959 2857 erant,
2006 2798 2314 2861 oppressa

368 2862 605 2938 praeda
628 2892 717 2907 —
743 2869 805 2923 et
830 2863 1207 2940 aliquantum
1236 2864 1369 2926 eius
1400 2866 1510 2925 suit
1533 2896 1623 2909 ·-
1649 2865 1820 2927 militi
1847 2880 2167 2927 concessa.
2228 2866 2328 2929 tri·

366 2945 469 3007 tici
501 2961 750 3027 quoque
778 2947 1041 3008 ducenta
1070 2948 1472 3023 quadraginta
1499 2949 1664 3009 milia
1690 2950 1962 3012 modium
2003 2957 2064 3012 et
2090 2957 2330 3012 centum

367 3030 585 3089 decem
626 3028 791 3090 milia
830 3028 1049 3092 hordei
1105 3030 1371 3094 inventa.
1448 3040 1713 3095 ceterum
1755 3049 2142 3109 nequaquam
2186 3036 2334 3095 inde

366 3118 597 3175 tantum
624 3113 912 3189 gaudium
942 3113 1068 3189 fuit,
1114 3122 1342 3190 quanta
1370 3118 1581 3178 clades
1613 3116 1769 3179 intra
1797 3134 2034 3195 paucos
2063 3119 2197 3179 dies
2228 3134 2332 3179 ac·

370 3203 553 3273 cepta
580 3203 677 3259 est
703 3196 869 3258 haud
900 3200 1113 3273 procul
1143 3200 1472 3261 Herdonea
1499 3201 1670 3261 urbe.
1733 3210 1936 3263 castra
1965 3201 2049 3263 ibi
2073 3202 2178 3263 Cn.
2193 3201 2333 3263 Ful-

369 3281 509 3342 vius
540 3283 875 3357 proconsul
903 3281 1169 3344 habebat
1197 3300 1312 3360 spe
1339 3285 1730 3361 recipiendae
1755 3286 2140 3362 Herdoneae,
2172 3302 2338 3363 quac

372 3370 516 3440 post
543 3364 925 3427 Cannensem
956 3367 1191 3428 cladem
1235 3367 1312 3428 ab
1343 3369 1636 3430 Romanis
1667 3370 2005 3447 defecerat,
2045 3387 2161 3432 nec
2191 3372 2336 3433 loco

372 3448 523 3511 satis
554 3454 679 3511 tuto
708 3453 913 3527 posita
941 3467 1055 3512 nec
1086 3451 1416 3531 praesidiis
1447 3453 1699 3513 firmata.
1766 3454 2210 3532 neglegentiam
2242 3455 2328 3516 in-

2535 1425 2537 1509 l
