2550 3959
384 225 501 288 192
727 223 957 284 LIBER
984 223 1226 283 XXVII.
1273 221 1441 283 CAP.
1470 230 1558 285 26.
1609 229 1681 298 [a.
1711 228 1780 283 U.
1806 247 1854 281 c.
1878 229 2004 294 544]

376 391 491 436 nec
535 389 711 451 spem
741 389 856 434 nee
896 381 1119 433 metum
1166 389 1245 432 cx
1277 388 1436 433 vano
1483 373 1764 450 haberet,
1810 376 1894 436 ita
1923 375 2168 436 duobus
2200 390 2344 438 con·

376 459 615 520 sulibus
634 459 1110 536 haudquaquam
1134 473 1280 516 sese
1296 473 1503 532 parem
1521 459 1782 519 futurum
1801 459 2106 519 credebat.
2140 460 2351 538 itaque

376 550 537 604 totus
570 542 628 603 in
660 559 807 603 suas
841 549 1001 602 artes
1033 557 1253 601 versus
1287 541 1526 601 insidiis
1557 543 1756 602 locum
1789 543 2142 616 quaerebat.
2189 546 2352 604 levia

376 635 574 688 tamen
608 627 844 703 proelia
875 627 1030 686 inter
1057 625 1201 685 bina
1232 632 1434 685 castra
1463 626 1634 685 vario
1668 635 1892 687 eventu
1921 627 2179 698 fiebant3
2213 629 2350 703 qui·

374 711 490 771 bus
516 725 653 772 cum
680 709 913 770 extrahi
937 716 1227 769 aestatem
1256 725 1448 784 posse
1471 711 1762 770 consules
1787 711 2124 786 crederent,
2155 711 2348 772 nihilo

372 798 573 856 minus
606 793 948 870 oppugnari
972 795 1205 854 Locros
1232 809 1424 869 posse
1452 793 1583 868 rati,
1615 793 1680 852 L.
1708 793 1915 856 Cincio
1947 801 2014 855 ut
2041 811 2120 856 ex
2137 793 2349 856 Sicilia

322 939 327 942 .
374 881 605 941 Locros
637 894 775 938 cum
806 879 1010 939 classe
1037 878 1320 938 traiceret
1345 878 1640 940 scribunt.
1705 885 1768 938 et
1795 885 1859 938 ut
1892 877 1968 939 ab
1999 885 2162 940 terra
2193 895 2350 954 quo·

374 979 495 1039 que
525 962 870 1038 oppugnari
900 962 1145 1023 moenia
1173 968 1461 1037 possent,
1509 961 1586 1022 ab
1613 963 1874 1022 Tarento
1905 970 2142 1038 partem
2169 977 2348 1024 exer·

374 1047 549 1122 citu3‚
598 1047 791 1122 quiin
825 1046 1135 1122 praesidio
1166 1052 1311 1118 erat,
1361 1046 1502 1106 duci
1533 1061 1608 1106 eo
1640 1046 1970 1107 iusserunt.
2037 1063 2111 1108 ea
2140 1047 2223 1108 ita
2252 1047 2345 1107 fu-

374 1139 506 1192 tura
521 1147 633 1208 per
650 1131 956 1205 quosdam
966 1128 1267 1190 Thurinos
1285 1137 1600 1204 comperta
1612 1129 1935 1190 Hannibali
1953 1145 2092 1192 curn
2111 1138 2344 1205 essent,

370 1216 546 1275 mittit
582 1214 663 1275 ad
703 1214 1089 1275 insidendam
1132 1213 1211 1273 ab
1251 1214 1512 1274 Tarento
1557 1214 1739 1274 viam.
1815 1214 1898 1275 ibi
1942 1215 2059 1275 sub
2110 1216 2345 1276 tumulo

369 1299 633 1360 Peteliae
656 1299 770 1359 tria
796 1298 961 1358 milia
990 1297 1260 1373 equitum
1287 1297 1408 1357 duo
1440 1297 1712 1373 peditum
1743 1297 1806 1357 in
1837 1300 2076 1359 occulto
2107 1301 2343 1371 locata3

371 1384 430 1442 in
477 1399 639 1460 quae
683 1383 1066 1459 inexplorato
1108 1387 1323 1441 euntes
1353 1381 1612 1441 Romani
1656 1397 1790 1441 cum
1833 1381 2220 1458 incidissent,
2263 1383 2344 1443 ad

374 1468 499 1528 duo
530 1467 696 1528 milia
724 1473 1090 1527 armatorum
1122 1480 1325 1539 caesa,
1375 1464 1537 1524 mille
1567 1472 1629 1526 et
1658 1465 1967 1541 quingenti
1999 1468 2189 1526 ferme
2215 1466 2345 1526 vivi

370 1552 562 1626 capti=
621 1551 721 1610 alii
762 1549 1046 1626 dissipati
1088 1549 1236 1624 fuga
1281 1564 1392 1624 per
1433 1564 1618 1624 agros
1661 1550 1980 1626 saltusque
2017 1552 2343 1610 Tarentum

366 1635 627 1696 rediere.

535 1718 825 1779 Tumulus
870 1724 1002 1779 erat
1038 1717 1342 1778 silvestris
1385 1718 1540 1777 inter
1565 1717 1795 1778 Punica
1833 1723 1894 1777 et
1921 1719 2200 1777 Romana
2242 1733 2346 1778 ca-

369 1811 525 1878 stra,
570 1802 646 1864 ab
684 1801 912 1862 neutris
956 1802 1152 1877 primo
1196 1809 1572 1875 occupatUS,
1620 1800 1764 1875 quia
1804 1800 2092 1876 Romani,
2137 1801 2344 1876 qualis

350 1902 515 1963 pars
546 1887 678 1948 eius
710 1901 869 1960 quae
895 1890 1178 1960 vergeret
1204 1885 1288 1944 ad
1315 1884 1582 1945 hostium
1613 1890 1815 1944 eastra
1853 1889 2050 1959 esset,
2095 1883 2344 1960 ignora·

368 1972 531 2046 bant,
575 1969 875 2029 Hannibal
905 1970 1145 2030 insidiis
1179 1985 1365 2045 quam
1396 1968 1613 2029 castris
1644 1969 1946 2044 aptiorem
1975 1985 2112 2028 eum
2143 1969 2346 2028 credi-

368 2055 558 2114 derat.
618 2053 825 2127 itaque
854 2059 1035 2113 noete
1064 2053 1144 2112 ad
1174 2052 1237 2113 id
1266 2053 1492 2113 missas
1523 2053 1760 2127 aliquot
1789 2052 2184 2113 Numidarum
2211 2059 2344 2113 tur·

367 2153 501 2197 mas
530 2137 732 2197 medio
764 2136 826 2196 in
857 2137 1015 2196 saltu
1045 2135 1422 2212 condiderat,
1469 2153 1730 2212 quorum
1757 2137 2016 2198 interdiu
2047 2151 2228 2196 nemo
2259 2137 2342 2197 ab

368 2221 630 2282 statione
672 2220 1065 2293 movebatur,
1110 2235 1190 2280 ne
1220 2227 1324 2281 aut
1362 2237 1532 2281 arma
1560 2227 1666 2281 aut
1693 2221 1814 2296 ipsi
1845 2221 2059 2296 procul
2089 2222 2344 2297 conspi-

367 2311 665 2366 cerentur.
706 2303 1045 2365 fremebant
1063 2305 1249 2380 vulgo
1274 2304 1331 2363 in
1355 2305 1574 2364 castris
1589 2304 1884 2364 Romanis
1911 2306 2344 2380 occupandum

371 2404 511 2449 eum
539 2389 829 2450 tumulum
860 2403 1004 2449 csse
1032 2395 1094 2450 et
1120 2387 1375 2448 castello
1405 2388 1798 2462 firmandum,
1841 2405 1936 2462 ne,
1985 2389 2038 2449 si
2071 2404 2342 2464 occupa-

368 2479 466 2534 tus
486 2475 565 2535 ab
577 2471 918 2533 Hannibale
942 2473 1115 2544 soret,
1142 2472 1386 2532 velutin
1403 2471 1745 2550 cervicibus
1762 2471 2056 2532 haberent
2077 2472 2341 2533 hostem.

366 2559 559 2619 movit
598 2573 673 2616 ea
714 2573 815 2616 res
846 2556 1229 2628 Marcellum,
1276 2562 1338 2617 et
1368 2539 1644 2630 collegae
1683 2556 1872 2632 „quin
1901 2555 2102 2617 imus“
2144 2556 2346 2632 inquit

364 2641 528 2717 „ipsi
552 2657 692 2701 cum
720 2639 1026 2716 equitibus
1050 2639 1265 2714 paucis
1298 2641 1724 2715 exploratum?
1754 2639 2030 2702 subiecta
2055 2656 2158 2702 res
2190 2656 2341 2702 oeu-

367 2725 441 2785 lis
471 2725 700 2786 nostris
730 2724 955 2784 certius
987 2723 1155 2783 dabit
1184 2724 1551 2784 consilium“
1556 2767 1571 2782 .
1618 2725 2019 2785 consentienti
2053 2724 2340 2800 Crispino

366 2825 503 2870 cum
562 2809 867 2882 equitibus
910 2808 1189 2868 ducentis
1231 2807 1474 2883 viginti,
1535 2823 1614 2868 ex
1656 2808 1876 2885 quibus
1934 2808 2344 2885 quadraginta

363 2892 702 2968 Fregellani
734 2892 917 2953 ceteri
946 2891 1186 2952 Etrusci
1228 2899 1428 2963 erant,
1474 2893 1967 2968 proficiscuntur.
2033 2892 2228 2954 secuti
2255 2893 2342 2952 Μ.

364 2977 693 3036 Marcellus
741 2975 1013 3037 consulis
1060 2975 1220 3036 filius
1277 2983 1340 3036 et
1379 2978 1455 3036 A.
1497 2975 1758 3037 Manlius
1802 2977 2026 3037 tribuni
2065 2977 2342 3053 militum,

366 3061 547 3120 simul
586 3066 647 3120 et
688 3061 811 3120 duo
857 3060 1147 3136 praefecti
1180 3061 1416 3120 socium
1445 3061 1512 3120 L.
1542 3061 1837 3121 Arrenius
1875 3068 1938 3123 et
1962 3061 2064 3122 Μ’.
2094 3061 2340 3122 Aulius.

366 3145 722 3205 immolasse
762 3159 837 3204 eo
870 3144 970 3204 die
1016 3145 1262 3219 quidam
1297 3143 1628 3220 prodidere
1657 3145 1988 3206 memoriae
2017 3145 2343 3206 consulem

366 3228 735 3304 Marcellum,
770 3235 828 3290 et
852 3229 1047 3306 prima
1074 3230 1274 3290 hostia
1306 3245 1492 3290 caesa
1521 3229 1697 3290 iocur
1725 3229 1862 3290 sine
1891 3230 2094 3305 capite
2122 3229 2344 3290 inven-

365 3321 507 3387 tum,
533 3313 589 3373 in
617 3314 891 3374 secunda
914 3314 1119 3373 omnia
1142 3314 1569 3389 comparuisse
1581 3329 1744 3389 quae
1767 3314 2068 3390 adsolent,
2095 3321 2344 3374 auctum

368 3396 543 3456 etiam
593 3397 789 3456 visum
833 3397 889 3456 in
939 3397 1170 3471 capite3
1218 3404 1334 3457 nec
1376 3399 1438 3458 id
1467 3413 1620 3458 sane
1649 3397 1958 3473 haruspici
2003 3398 2340 3476 placuiSse¹

367 3479 533 3556 quod
575 3482 912 3541 secundum
954 3487 1170 3541 trunca
1214 3488 1272 3543 et
1317 3481 1521 3560 turpia
1561 3489 1704 3542 exta
1731 3482 1912 3544 nimis
1943 3482 2103 3544 laeta
2141 3497 2336 3561 appa·
