2550 3959
319 238 445 304 282
638 238 867 299 Lissa
893 236 1104 299 xx1x.
1150 238 1317 297 cnr.
1345 246 1399 299 2.
1428 189 1483 299 εξ
1527 238 1701 317 [μυ.
1733 260 1781 296 0.
1811 242 1936 311 ⁵4⁷]

322 389 594 451 turbatos
622 388 889 450 hostium
921 388 1169 449 ordines
1200 394 1261 448 et
1287 388 1756 463 trepidationem
1778 403 2199 467 pavoremque
2230 396 2296 449 et

320 473 679 535 fluctuantia
704 472 989 533 viderunt
1018 473 1211 547 signa,
1253 472 1574 533 hortantur
1601 478 1780 536 orant
1807 472 2059 547 militeS,
2105 480 2173 533 ut
2200 474 2292 532 in—

322 565 481 619 stent
508 556 815 633 perculsis
836 604 850 628 ‚
896 571 1017 617 neu
1046 556 1285 617 restitui
1327 554 1522 617 aciem
1563 556 1892 633 patiantur.
1953 571 2076 616 non
2107 557 2294 617 susti-

323 643 603 703 nuissent
640 648 764 701 tam
805 640 1092 700 infestum
1131 640 1427 716 impetum
1455 639 1731 715 barbari,
1776 640 1839 699 ni
1867 640 2120 716 regulus
2153 641 2293 717 ipse

321 726 611 787 Indebilis
636 740 773 786 cum
805 724 1112 801 equitibus
1144 724 1224 784 ad
1250 725 1446 799 pedes
1470 724 1785 801 degressis
1817 731 1957 784 ante
1979 725 2178 802 prima
2207 725 2292 785 si·

321 826 442 886 gna
479 809 755 887 peditum
798 824 868 869 se
914 808 1264 869 obiecisset.
1333 808 1416 868 ibi
1460 808 1837 883 aliquamdiu
1878 816 2054 869 atrox
2083 824 2294 885 pugna

322 894 501 955 stetit.
560 892 807 953 tandem
836 898 1168 969 postquam
1211 892 1282 967 ii,
1331 892 1434 969 qui
1463 892 1628 953 circa
1667 907 1876 969 regem
1918 892 2294 955 seminecem

324 984 672 1050 restantem,
714 976 938 1037 deinde
969 976 1095 1053 pilo
1128 982 1328 1038 terrae
1360 976 1632 1055 adfigtum
1661 976 2046 1054 pugnabant,
2093 976 2294 1037 obruti

325 1061 457 1123 telis
504 1059 948 1134 occubuerunt,
992 1067 1117 1122 tum
1148 1061 1295 1136 fuga
1323 1061 1562 1137 passim
1603 1068 1824 1138 coepta
1852 1059 2062 1138 plures
2106 1062 2293 1137 caesi,

324 1148 467 1223 quia
495 1161 692 1221 equos
724 1144 1183 1206 conscendendi
1214 1144 1524 1219 equitibus
1547 1145 1813 1222 spatium
1840 1162 1964 1207 non
1988 1146 2202 1220 ruerat,
2235 1154 2300 1207 et

324 1232 467 1306 quia
495 1229 796 1307 perculsis
840 1230 1059 1290 acriter
1098 1230 1443 1290 institerunt
1467 1229 1746 1291 Romani.
1813 1246 1928 1291 nec
1969 1237 2108 1290 ante
2149 1229 2296 1290 abs-

322 1331 569 1376 cessum
608 1322 701 1375 est
731 1330 916 1390 quam
960 1314 1176 1375 castris
1221 1329 1470 1389 quoque
1511 1320 1811 1375 exuerunt
1849 1314 2108 1377 hostem.
2173 1323 2298 1375 tre-

323 1399 522 1459 decim
562 1399 725 1458 milia
766 1398 1181 1474 Hispanorum
1226 1413 1412 1459 caesa
1452 1413 1527 1459 eo
1570 1398 1701 1472 die,
1759 1399 1924 1459 mille
1965 1399 2292 1473 octingenti

325 1484 513 1543 ferme
543 1482 723 1557 capti.
766 1484 1183 1544 Romanorum
1214 1482 1649 1559 sociorumque
1667 1482 1856 1559 paulo
1887 1483 2150 1559 amplius
2181 1483 2293 1542 du-

322 1566 514 1640 centi,
558 1566 821 1627 maxime
864 1567 923 1627 in
954 1568 1133 1628 laevo
1167 1582 1388 1639 cornu,
1434 1566 1802 1627 ceciderunt.
1875 1567 2039 1643 pulsi
2069 1567 2294 1628 castris

320 1651 577 1727 Hispani
620 1658 724 1711 aut
767 1650 869 1726 qui
913 1665 991 1711 ex
1033 1652 1269 1727 proelio
1312 1650 1653 1727 effugerant
1691 1653 1897 1728 sparsi
1938 1652 2134 1728 primo
2179 1666 2296 1728 per

324 1751 525 1811 agroS,
560 1735 782 1796 deinde
811 1736 872 1794 in
903 1752 1051 1796 suas
1077 1736 1342 1813 quisque
1365 1736 1639 1798 civitates
1661 1736 1988 1796 redierunt.
2033 1735 2133 1797 111.
2163 1745 2292 1796 tum

322 1836 359 1879 a
385 1818 717 1881 Mandonio
762 1820 1001 1880 evocati
1028 1821 1088 1880 in
1120 1821 1447 1883 concilium
1476 1821 1922 1897 conquestique
1964 1820 2048 1881 ibi
2077 1820 2293 1881 clades

324 1919 501 1977 suaS‚
568 1903 881 1981 increpitis
933 1906 1284 1967 auctoribus
1325 1904 1498 1980 belli,
1564 1906 1800 1981 legatos
1845 1905 2171 1966 mittendos
2209 1905 2292 1964 ad

324 2003 491 2047 arma
531 1988 829 2049 tradenda
871 1988 1370 2065 deditionemque
1400 1988 1745 2051 faciendam
1775 2004 2089 2051 censuere.
2159 1988 2291 2063 qui-

324 2070 436 2131 bus
469 2071 710 2147 culpam
738 2072 799 2131 in
842 2080 1152 2133 auctorem
1180 2074 1326 2135 belli
1353 2072 1688 2134 Indebilem
1731 2081 2095 2149 ceterosque
2124 2073 2292 2149 prin·

322 2155 510 2230 cipeS,
542 2170 799 2232 quorum
831 2156 1111 2232 plerique
1140 2157 1200 2217 in
1230 2157 1364 2218 acie
1394 2157 1782 2233 cecidissent,
1814 2157 2290 2231 conferentibuS,

322 2238 822 2315 tradentibusque
852 2256 1021 2301 arma
1048 2248 1109 2303 et
1130 2242 1499 2302 dedentibus
1530 2258 1673 2303 sese
1699 2257 2072 2318 responsum
2102 2248 2198 2302 est
2226 2241 2289 2300 in

323 2322 691 2382 deditionem
723 2324 805 2383 ita
834 2326 1031 2401 accipi
1062 2343 1203 2401 θος,
1244 2326 1300 2385 si
1327 2326 1723 2387 Mandonium
1753 2334 2118 2402 ceterosque
2144 2325 2290 2386 belli

321 2407 663 2468 concitores
704 2408 1101 2471 tradidissent
1127 2410 1340 2471 vivos:
1395 2410 1450 2471 si
1479 2412 1712 2487 minus,
1755 2411 2089 2473 exercitum
2119 2425 2190 2469 se
2226 2410 2288 2469 in

320 2506 531 2565 agrum
579 2491 903 2566 Ilergetum
944 2494 1525 2571 Ausetanorumque
1575 2501 1636 2557 et
1683 2493 1980 2571 deinceps
2029 2494 2288 2555 aliorum

318 2574 689 2649 populorum
718 2577 1031 2637 ducturos.
1106 2577 1263 2637 haec
1292 2578 1454 2639 dicta
1481 2578 1698 2654 legatis
1727 2581 2196 2654 renuntiataque
2223 2577 2287 2637 in

322 2657 658 2719 concilium.
741 2658 823 2718 ibi
861 2660 1232 2724 Mandonius
1285 2662 1596 2738 ceterique
1645 2662 1956 2739 principes
2007 2677 2286 2737 compre·

318 2739 494 2802 hensi
523 2747 583 2801 et
611 2742 811 2802 traditi
851 2742 932 2803 ad
963 2745 1350 2821 supplicium.
1413 2746 1745 2823 Hispaniae
1773 2748 2018 2824 populis
2047 2745 2288 2806 reddita

316 2840 471 2899 paxz
503 2824 874 2901 stipendium
904 2827 1039 2888 eIus
1070 2830 1212 2889 anni
1236 2830 1466 2905 duplex
1495 2839 1554 2891 et
1583 2832 1946 2891 frumentum
1977 2846 2090 2891 sex
2117 2845 2285 2888 men·

318 2924 455 2968 sum
482 2910 843 2985 imperatum
873 2927 1150 2986 sagaque
1180 2919 1240 2974 et
1265 2920 1448 2989 togae
1478 2912 1802 2985 exercitui;
1835 2921 1895 2974 et
1924 2913 2175 2977 obsides
2207 2912 2284 2971 ab

318 2992 556 3065 triginta
586 2993 775 3052 ferme
805 2993 1050 3071 populis
1082 2997 1337 3072 accepti.

481 3076 571 3136 Ita
598 3075 933 3153 Hispaniae
973 3079 1324 3142 rebellantis
1367 3082 1626 3144 tumultu
1660 3082 1829 3144 haud
1866 3097 2087 3157 magno
2116 3087 2286 3140 motu

321 3160 475 3221 intra
502 3175 741 3236 paucos
772 3160 905 3221 dies
938 3164 1177 3227 concito
1206 3170 1269 3224 et
1298 3180 1659 3241 compresso
1690 3167 1753 3226 in
1779 3165 2053 3227 Africam
2083 3164 2282 3223 omnis

315 3250 509 3304 terror
534 3260 774 3305 versus.
824 3246 885 3307 C.
909 3247 1154 3309 Laelius
1184 3257 1366 3309 nocte
1394 3249 1474 3309 ad
1503 3248 1852 3326 Hipponem
1877 3250 2114 3326 regium
2145 3264 2285 3308 cum

315 3327 704 3403 accessisset,
748 3330 883 3391 luce
915 3331 1109 3407 prima
1137 3330 1215 3391 ad
1247 3333 1672 3407 populandum
1701 3347 1912 3411 agrum
1942 3332 2059 3395 sub
2087 3332 2284 3407 signis

314 3410 532 3472 milites
563 3412 896 3489 sociosque
926 3416 1178 3476 navales
1210 3416 1400 3477 duxit.
1460 3416 1741 3478 omnibus
1771 3418 1945 3494 pacis
1976 3416 2162 3477 modo
2192 3414 2285 3473 in·

322 3496 556 3556 curiose
598 3497 919 3571 agentibus
950 3514 1172 3573 magna
1212 3501 1424 3561 clades
1469 3502 1659 3571 illata;
1704 3501 2020 3578 nuntiique
2060 3497 2286 3575 trepidi
