2550 3959
348 272 473 335 150
645 271 873 331 LIBER
904 271 1118 331 xxm.
1164 270 1329 331 OAP.
1355 280 1442 333 41.
1473 282 1560 334 42.
1609 280 1681 348 [a.
1713 277 1780 333 υ.
1814 297 1861 333 0.
1887 280 2014 349 042]

349 432 581 505 truique
614 426 1049 488 similitudinem
1072 428 1193 486 oris
1226 429 1530 501 vultusque
1552 432 1610 486 et
1634 428 1992 487 lineamenta
2024 431 2320 507 corporis,

349 516 435 575 ita
457 513 682 588 inqenii
690 510 841 585 fidei
859 511 1200 585 virtutisque
1222 510 1312 569 ad
1327 512 1660 585 exemplum
1680 526 2028 587 expressam
2051 512 2318 589 esfiyiem

352 596 509 657 vobis
528 595 805 667 reddam,
848 599 917 654 ut
932 595 1219 653 revixisse
1240 600 1349 655 aut
1364 602 1638 654 renatum
1659 594 1777 655 sibi
1805 597 2050 671 quisque
2069 596 2280 674 Scipio
2309 632 2321 642 ·

354 682 483 745 nem
504 674 918 757 imperatorem
939 676 1158 739 decatf‘

522 760 698 821 XLII.
740 760 876 822 Hac
896 766 1163 822 oratione
1192 763 1459 821 accensis
1477 762 1724 823 militum
1745 763 1976 837 animis,
2006 766 2214 827 relicto
2236 766 2326 825 ad

344 846 720 925 praesidium
740 844 997 921 remonis
1018 848 1145 906 eius
1164 844 1252 905 M.
1275 845 1484 905 Silano
1516 860 1650 907 cum
1673 846 1858 906 tribus
1885 848 2118 917 milibus
2132 850 2320 925 pedi·-

356 942 477 993 tum
498 930 829 1009 quingentis
848 928 1150 1007 equitibus,
1191 934 1422 990 ceteras
1441 944 1638 989 omnes
1665 931 1868 1005 copias
1887 962 1974 975 --
1993 938 2171 993 erant
2195 948 2323 993 au-

359 1023 471 1077 tem
492 1016 700 1091 viqinti
716 1016 971 1089 quinque
992 1014 1159 1073 milia
1175 1009 1458 1090 peditum,
1500 1012 1617 1075 duo
1635 1014 1801 1073 milia
1823 1016 2128 1091 quinaen‘ti
2143 1019 2324 1092 equi-

358 1108 443 1161 tes
480 1130 567 1143 -
606 1096 893 1159 Hiberum
937 1098 1187 1158 traiecit.
1261 1098 1344 1157 ibi
1381 1097 1730 1171 quibusdam
1772 1096 2180 1173 suadentibus,
2239 1108 2320 1174 ut,

358 1186 635 1260 quoniam
666 1184 728 1244 in
767 1186 885 1243 tres
916 1186 1036 1241 tam
1069 1182 1336 1242 diversas
1366 1184 1636 1255 reqiones
1679 1181 2080 1244 discessissent
2106 1181 2325 1245 Punici

360 1268 683 1339 exercitus,
720 1267 1066 1341 proximum
1098 1265 1537 1340 adcrederetur
1551 1312 1566 1339 ,
1597 1267 1939 1341 periculum
1971 1284 2099 1328 esse
2130 1275 2323 1343 ratus,

360 1368 435 1413 ne
454 1368 523 1413 eo
548 1351 719 1425 facto
740 1352 801 1411 in
834 1366 1018 1410 unum
1042 1363 1238 1411 omnes
1270 1348 1670 1423 contraheret,
1715 1366 1826 1411 nec
1835 1360 1966 1427 pa‘r
1998 1358 2151 1413 esset
2166 1369 2326 1414 unus

360 1442 443 1499 tot
459 1434 841 1507 exercitibus,
888 1431 1308 1509 Carthayinem
1329 1440 1539 1493 novam
1561 1434 1792 1494 interim
1813 1450 2168 1511 oppuynare
2187 1443 2324 1497 sta-

363 1522 500 1594 tuit,
543 1518 747 1579 urbem
767 1532 899 1579 cum
924 1520 1113 1596 ipsam
1135 1520 1474 1595 opulentam
1495 1520 1619 1578 suis
1649 1518 1886 1594 opibus,
1929 1524 2050 1579 tum
2070 1518 2325 1581 hostium

359 1605 524 1665 omni
540 1604 746 1663 bellico
778 1609 1084 1679 apparatu
1092 1603 1342 1679 plenam
1361 1634 1448 1645 --
1465 1603 1549 1663 ibi
1565 1617 1741 1662 arma
1755 1648 1770 1676 ,
1813 1600 1899 1663 ibi
1909 1606 2170 1679 pecunia
2184 1652 2198 1679 ,
2245 1605 2332 1665 ibi

364 1688 535 1751 totius
553 1685 887 1763 Hispaniae
916 1684 1141 1748 obsides
1170 1694 1347 1747 erant
1361 1716 1464 1760 ——,
1505 1688 1676 1746 sitam
1694 1691 2014 1761 praeterea
2035 1704 2171 1749 cum
2204 1703 2327 1767 op-

358 1777 613 1849 portune
635 1772 723 1832 acl
741 1772 1131 1832 traiciendum
1154 1773 1216 1831 in
1238 1768 1532 1844 Africam,
1577 1774 1696 1829 tum
1717 1786 1900 1847 super
1909 1778 2151 1847 portum
2179 1776 2329 1834 satis

362 1860 625 1933 amplum
662 1859 1008 1933 quantaevis
1038 1856 1221 1917 classi
1248 1861 1308 1916 el
1335 1857 1530 1916 nescio
1562 1870 1644 1913 an
1680 1869 1862 1914 unum
1890 1856 1954 1915 in
1987 1854 2328 1933 Hispaniae

366 1958 493 2016 ora,
522 1956 643 2017 qua
664 1947 859 2002 nostro
879 1942 1118 2001 adiacet
1134 1941 1309 1999 mari.
1354 1954 1521 2000 nemo
1543 1941 1796 2000 omnium
1819 1953 1933 2015 quo
1953 1940 2145 2001 iretur
2163 1943 2328 2002 scie-

365 2026 467 2087 bat
492 2030 739 2101 praeter
762 2026 823 2085 0.
846 2024 1132 2084 Laelium.
1195 2026 1247 2082 is
1279 2024 1470 2085 classe
1497 2024 1933 2084 circummissus
1965 2026 2049 2083 ita
2081 2042 2330 2086 cursum

366 2110 603 2172 navium
636 2108 948 2169 moderari
980 2110 1172 2169 iussus
1203 2112 1364 2182 erat,
1406 2115 1473 2167 ut
1501 2106 1702 2169 eodem
1737 2114 1996 2184 tempore
2025 2112 2332 2171 exercitus

368 2192 769 2255 ostenderetur
799 2198 859 2253 et
886 2194 1094 2253 classis
1102 2197 1346 2269 portum
1379 2194 1646 2253 intraret.
1707 2194 1950 2268 septimo
1983 2192 2080 2253 die
2102 2191 2182 2253 ab
2202 2194 2334 2255 Hi·-

365 2291 503 2338 oero
542 2276 959 2352 Cartha-ciuem
992 2284 1221 2337 ventum
1255 2282 1344 2336 est
1368 2278 1549 2337 simul
1575 2280 1742 2337 terra
1766 2278 2054 2351 marique.
2119 2284 2335 2339 castra

366 2362 443 2421 ab
462 2362 703 2435 reqione
722 2362 901 2434 urbis,
936 2376 1056 2436 qua
1077 2364 1138 2421 in
1161 2363 1627 2436 septemtrionem
1647 2376 1822 2421 versa
1841 2366 1943 2434 est,
1959 2363 2157 2437 posita
2172 2382 2194 2421 .·
2235 2363 2336 2423 his

366 2446 443 2507 ab
464 2451 627 2521 terqo
646 2478 733 2489 —-
751 2460 892 2505 nam
906 2442 1089 2518 frons
1108 2451 1334 2505 natura
1352 2450 1480 2505 tuta
1499 2451 1635 2506 erat
1649 2476 1736 2489 ·--
1767 2448 1989 2510 vallum
2021 2446 2334 2507 obiectum.

364 2536 623 2591 ceterum
654 2532 771 2590 sita
808 2530 1107 2605 Carthaao
1138 2532 1225 2589 sic
1260 2535 1364 2589 est.
1425 2530 1590 2589 sinus
1621 2532 1710 2589 est
1737 2532 1926 2589 maris
1957 2530 2158 2591 media
2186 2528 2338 2603 fere

368 2612 697 2688 Hispaniae
726 2628 854 2686 ora,
896 2616 1155 2673 maxime
1176 2612 1388 2685 Africo
1407 2616 1573 2673 vento
1603 2615 1918 2688 oppositus,
1959 2613 2049 2674 ad
2066 2612 2186 2675 duo
2208 2616 2338 2675 mi-

364 2700 450 2757 lia
473 2704 531 2757 et
546 2699 890 2771 quinqentos
898 2712 1123 2773 passus
1143 2698 1436 2757 introrsus
1454 2701 1765 2771 retractus,
1801 2699 1989 2773 paulo
2006 2700 2145 2772 plus
2166 2700 2338 2761 mille

366 2792 647 2844 passuum
681 2782 743 2840 in
776 2780 1143 2840 latitudinem
1170 2786 1403 2857 patens.
1464 2780 1639 2841 huius
1670 2784 1734 2841 in
1771 2784 1914 2842 ostio
1932 2784 2098 2842 sinus
2121 2798 2338 2857 parva

364 2863 561 2924 insula
584 2860 808 2924 obiecta
828 2864 904 2923 ab
926 2866 1045 2924 alto
1058 2870 1296 2939 portum
1319 2862 1395 2925 ab
1413 2864 1677 2925 omnibus
1697 2866 1880 2925 ventis
1890 2870 2336 2941 praeterquam

364 2946 578 3019 Astico
598 2952 780 3006 tutum
797 2945 973 3019 facil.
1035 2947 1114 3006 ab
1132 2950 1334 3008 intimo
1353 2950 1486 3008 sinu
1499 2950 1864 3023 paeninsula
1885 2950 2184 3022 excurrit,
2221 2956 2336 3011 tu-

364 3034 557 3089 mulus
577 3031 627 3089 is
648 3032 789 3104 ipse,
826 3032 888 3090 in
912 3044 1025 3105 quo
1044 3030 1283 3091 condita
1304 3030 1446 3092 urbs
1464 3042 1565 3106 est,
1591 3032 1668 3091 ab
1688 3038 1821 3093 ortu
1841 3034 1979 3093 solis
1999 3035 2059 3093 et
2076 3048 2118 3092 a
2137 3036 2337 3093 meri-

366 3112 464 3173 die
484 3114 681 3173 cincta
702 3116 886 3186 mari,
928 3110 1005 3174 ab
1024 3126 1239 3176 occasu
1272 3120 1547 3189 staqnum
1569 3115 1800 3176 claudit
1809 3116 2128 3191 paululum
2162 3122 2226 3177 et
2246 3118 2340 3179 ad

364 3198 827 3273 septemtrionem
864 3196 913 3271 s
906 3214 1071 3257 usum
1085 3244 1100 3272 ‚
1162 3201 1428 3259 incertae
1468 3199 1801 3260 altitudinis
1840 3206 2152 3275 utcumque
2206 3217 2336 3261 ex-

364 3286 597 3341 aestuat
625 3287 733 3341 aut
761 3281 958 3355 deficit
984 3298 1171 3343 mare.
1229 3285 1550 3343 continenti
1575 3281 1779 3343 urbem
1811 3283 2013 3358 tamem
2046 3282 2339 3345 ducentos

358 3364 501 3437 fere
520 3370 579 3424 'et
596 3366 1025 3441 quinquaqinta
1034 3380 1259 3441 passus
1275 3370 1490 3441 patens
1508 3368 1826 3441 coniunqil.
1870 3368 2030 3427 unde
2049 3382 2185 3429 cum
2206 3373 2335 3428 tam

360 3449 547 3523 parvi
561 3450 759 3523 operis
778 3449 1017 3509 munitio
1037 3455 1200 3521 esset,
1240 3463 1355 3509 non
1382 3449 1588 3511 obiecit
1604 3453 1825 3510 vallum
1846 3453 2177 3527 imperator
2193 3450 2336 3515 Ro-

364 3544 592 3604 manus,
634 3547 739 3593 seu
751 3532 1036 3605 fiduciam
1059 3532 1210 3593 hosti
1224 3532 1475 3609 superbe
1495 3538 1809 3609 ostentans,
1842 3536 1963 3597 sive
1979 3539 2048 3595 wt
2061 3534 2340 3597 subeunti

1487 3715 1532 3763 O
