2550 3959
489 252 716 312 LIBER
738 252 1007 312 XXVIII.
1062 252 1459 314 CAP.12.13.
1507 259 1821 328 [a.c.2063
2017 255 2141 318 235

180 407 445 484 quadani
476 407 658 480 longe
682 405 991 480 dIsparem
1020 403 1356 464 habebant:
1404 405 1678 478 eandem,
1711 407 1880 482 quod
1907 409 2144 483 proelio

177 491 316 552 victi
364 488 895 564 Carthaginienses
940 487 1099 548 duce
1138 487 1370 550 amisso
1414 487 1474 547 in
1516 489 1784 549 ultimam
1811 491 2146 566 Hispaniae

175 591 348 637 oram
370 587 573 648 usque
601 573 682 632 ad
699 571 1006 632 Oceanum
1037 573 1340 646 compulsi
1368 578 1559 644 erant,
1587 572 1899 648 disparem
1922 584 2142 649 autem,

176 659 346 734 quod
368 657 669 740 Hispania
698 672 821 717 non
854 672 1037 731 quam
1060 655 1235 714 Italia
1261 656 1467 729 modo,
1503 656 1617 716 sed
1639 673 1824 732 quam
1846 659 1972 718 ulla
1995 675 2142 734 pars

172 750 476 803 terrarum
517 741 676 801 bello
718 740 1066 814 reparando
1109 739 1312 813 aptior
1339 747 1470 800 erat
1497 742 1774 801 locorum
1804 741 2141 802 hominum-

174 841 297 902 que
328 825 609 900 ingeniis.
654 823 859 898 itaque
888 839 1035 897 ergo
1070 823 1265 898 prima
1293 824 1586 884 Romanis
1619 825 1767 884 inita
1795 827 2141 900 provincia*

171 927 337 984 rum,
395 923 552 983 quae
598 907 846 982 quidem
890 907 1251 969 continentis
1297 907 1446 981 sint,
1499 915 1814 982 postrema
1857 911 2140 984 omnium,

171 999 390 1054 nostra
419 993 662 1052 demum
685 998 899 1064 aetate,
933 991 1121 1053 ductu
1144 991 1551 1066 auspicioque
1572 992 1836 1066 Augusti
1860 992 2140 1054 Caesaris

168 1074 522 1154 perdomita
572 1080 685 1135 est.
759 1075 840 1134 ibi
892 1080 1013 1134 tum
1064 1075 1414 1134 Hasdrubal
1465 1074 1783 1149 Gisgonis,
1837 1077 2138 1137 maximus

170 1159 679 1234 clarissimusque
709 1173 783 1218 eo
818 1159 976 1218 bello
1008 1158 1348 1218 secundum
1375 1158 1673 1218 Barcinos
1705 1158 1862 1232 dux,
1895 1175 2138 1234 regres-

168 1261 281 1306 sus
328 1243 405 1303 ab
439 1242 741 1320 Gadibus,
784 1242 1125 1303 rebellandi
1165 1258 1340 1316 spem
1373 1243 1700 1304 adiuvante
1725 1241 1988 1317 Magone
2016 1244 2136 1302 Ha-

167 1328 437 1389 milcaris
469 1326 612 1396 filio,
659 1325 981 1388 dilectibus
1012 1340 1125 1401 per
1151 1327 1498 1386 ulteriorem
1530 1326 1885 1400 Hispaniam
1916 1326 2138 1386 habitis

166 1413 251 1472 ad
280 1410 722 1486 quinquaginta
751 1409 915 1468 milia
943 1409 1215 1485 peditum
1248 1417 1536 1486 quattuor
1561 1409 1726 1470 milia
1753 1415 1815 1469 et
1843 1409 2137 1484 quingen-

165 1503 269 1556 tos
316 1494 555 1569 equites
601 1493 873 1573 armavit.
949 1494 1028 1553 de
1072 1494 1464 1570 equestribus
1509 1493 1704 1568 copiis
1751 1494 1940 1552 ferme
1981 1493 2142 1553 inter

166 1584 457 1640 auctores
490 1577 805 1636 convenit=
836 1577 1107 1652 peditum
1136 1577 1527 1652 septuaginta
1553 1577 1718 1637 milia
1749 1577 2000 1651 quidam
2031 1577 2110 1636 ad

165 1663 365 1723 ducta*
392 1661 471 1721 ad
502 1661 757 1736 Silpiam
800 1660 1015 1722 urbem
1046 1661 1339 1722 scribunt.
1405 1661 1488 1720 ibi
1518 1675 1707 1736 super
1743 1676 1998 1735 campos
2030 1676 2134 1734 pa-

164 1753 367 1807 tentes
410 1746 533 1804 duo
578 1746 771 1805 duces
802 1744 991 1804 Poeni
1020 1760 1094 1804 ea
1122 1751 1354 1817 mente,
1397 1759 1476 1802 ne
1507 1743 1914 1804 detractarent
1942 1749 2132 1802 certa-

165 1845 329 1902 men,
378 1829 790 1889 considerant.
862 1827 1017 1887 XIII.
1066 1827 1307 1902 Scipio,
1349 1832 1491 1887 cum
1521 1827 1601 1887 ad
1631 1842 1770 1887 eum
1797 1828 1961 1886 fama
1990 1827 2132 1891 tanti

166 1913 509 1989 comparati
554 1913 861 1972 exercitus
895 1913 1129 1986 perlata
1156 1918 1342 1983 esset,
1387 1925 1590 1986 neque
1619 1910 1913 1971 Romanis
1944 1910 2132 1984 legio-

164 1998 349 2058 nibus
393 2001 597 2056 tantae
638 1997 872 2056 serore
910 2011 1122 2070 parem
1160 1994 1527 2056 multitudini
1569 2000 1768 2068 ratuS,
1815 2001 1882 2054 ut
1923 1994 2136 2055 nonin

166 2081 444 2157 speciem
482 2081 697 2140 saltem
728 2087 1187 2155 opponerentur
1214 2079 1617 2139 barbarorum
1647 2077 1889 2151 auxilia,
1933 2095 2135 2154 neque

166 2165 228 2225 in
260 2165 336 2224 iis
369 2170 568 2223 tamen
597 2169 832 2224 tantum
861 2163 1076 2224 virium
1107 2164 1480 2239 ponendum,
1511 2170 1590 2237 ut,
1607 2163 1898 2224 mutando
1930 2163 2133 2236 fidem,

169 2263 334 2323 quae
379 2248 571 2307 cladis
618 2264 807 2310 causa
836 2247 1057 2307 fuisset
1086 2247 1240 2322 patri
1272 2253 1644 2321 patruoque,
1689 2261 1976 2320 magnum
2005 2261 2134 2305 mo-

167 2340 439 2393 mentum
482 2332 779 2405 sacerent,
825 2331 1169 2406 praemisso
1202 2329 1412 2390 Silano
1457 2330 1536 2388 ad
1570 2326 1856 2389 Culcham
1900 2329 2133 2389 duode-

164 2415 413 2490 triginta
455 2415 702 2490 oppidis
746 2421 1127 2490 regnantem,
1172 2419 1239 2473 ut
1266 2412 1508 2487 equites
1539 2411 1902 2487 peditesque
1930 2411 2006 2471 ab
2039 2428 2134 2486 eo,

174 2516 336 2576 quos
380 2515 451 2560 se
482 2515 594 2574 per
619 2499 883 2558 hiemem
912 2497 1403 2573 conscripturum
1432 2495 1738 2570 pollicitus
1770 2501 1928 2570 erat,
1976 2494 2134 2554 aeci-

171 2590 373 2660 peretz
440 2583 577 2659 ipse
619 2583 695 2641 ab
736 2583 1081 2642 Tarracone
1121 2581 1438 2656 profectus
1481 2579 1762 2653 protinus
1807 2579 1883 2638 ab
1927 2579 2133 2651 sociiS,

69 2702 77 2713 ·
169 2666 279 2744 qui
317 2668 601 2727 accolunt
640 2666 830 2739 viam,
878 2666 1122 2726 modica
1150 2663 1572 2726 contrahendo
1603 2661 1831 2722 auxilia
1860 2661 2134 2721 Castulo-

169 2767 311 2811 nem
344 2751 637 2826 pervenit.
682 2765 758 2811 eo
788 2750 1057 2811 adducta
1085 2750 1161 2809 ab
1194 2748 1403 2810 Silano
1435 2745 1663 2806 auxilia
1691 2746 1806 2806 tria
1836 2744 2000 2804 milia
2029 2761 2134 2819 pe<-

172 2836 365 2895 ditum
417 2841 480 2895 et
525 2833 839 2910 quingenti
894 2833 1153 2908 equites.
1224 2833 1371 2892 inde
1420 2831 1500 2890 ad
1547 2830 1871 2889 Baeculam
1923 2829 2145 2904 urbem

172 2935 545 2996 progressus
576 2919 739 2979 omni
770 2918 1043 2978 exercitu
1066 2917 1290 2978 civium
1314 2915 1642 2986 sociorum,
1674 2912 1945 2989 peditum
1967 2912 2136 2986 equi-

170 3010 425 3078 tumque
455 3002 729 3078 quinque
757 3007 817 3062 et
844 3001 1250 3076 quadraginta
1279 2999 1542 3060 milibus.
1601 3002 1804 3057 castra
1834 3002 2137 3070 ponentes

172 3104 285 3148 eos
316 3087 499 3162 Mago
544 3093 603 3146 et
631 3085 964 3146 Masinissa
992 3100 1131 3144 cum
1160 3083 1324 3143 omni
1355 3083 1630 3159 equitatu
1661 3081 1943 3155 adgressi
1975 3085 2137 3150 sunt,

170 3170 650 3245 turbassentque
682 3168 1057 3243 munienteS,
1103 3167 1165 3226 ni
1194 3166 1385 3227 abditi
1417 3173 1561 3241 post
1586 3164 1881 3224 tumulum
1911 3177 2113 3236 oppor

174 3263 319 3316 tune
349 3255 429 3315 ad
459 3255 523 3315 id
553 3254 822 3329 positum
851 3254 928 3312 ab
954 3250 1243 3327 Scipione
1266 3250 1509 3326 equites
1535 3248 1874 3322 improviso
1899 3246 1961 3304 in
1985 3243 2138 3306 effu-

177 3355 286 3402 sos
318 3337 737 3399 incurrissent.
795 3337 850 3398 ei
882 3333 1404 3411 promptissimum
1435 3345 1741 3406 quemque
1771 3336 1832 3390 et
1863 3328 2142 3403 proxime

177 3423 406 3482 vallum
450 3430 635 3496 atque
664 3422 725 3480 in
755 3421 929 3496 ipsos
971 3418 1309 3480 munitores
1356 3416 1616 3491 primum
1657 3414 1964 3473 invectum
2009 3411 2137 3470 vix-

177 3507 323 3566 dum
365 3506 603 3582 proelio
649 3505 793 3564 inito
826 3504 1131 3564 fuderunt.
1206 3517 1344 3562 cum
1375 3499 1626 3572 ceteris,
1651 3496 1772 3572 qui
1801 3495 1916 3556 sub
1949 3495 2142 3569 signis
