2550 3959
402 258 531 321 310
697 259 929 319 LIBER
956 257 1166 317 XXIX.
1212 256 1379 317 CAP.
1408 265 1495 320 28.
1525 266 1613 321 29.
1660 264 1835 331 [a.,U.
1870 282 1918 317 c.
1949 266 2075 331 548]

403 412 859 491 quinquaginta,
900 412 1127 471 nullum
1154 410 1496 471 Romanum
1527 410 1855 471 exercitum
1885 411 2164 473 viderant
2190 426 2369 487 prae-

404 505 494 558 ter
520 495 941 574 praedatorias
974 491 1242 569 cl'asses,
1289 494 1512 569 quibus
1545 495 1940 555 escensiones
1970 494 2032 554 in
2063 512 2248 572 agros
2284 500 2370 560 fa·

404 591 536 641 ctae
565 590 768 651 erant;
810 578 1159 655 raptisque,
1206 593 1366 653 quae
1407 578 1590 639 obvia
1617 578 1746 639 fors
1775 579 2031 658 fecerat,
2072 581 2246 655 prius
2275 598 2370 643 re-

404 681 644 726 cursum
676 679 921 739 semper
950 664 1029 722 ad
1052 678 1263 737 naves,
1299 679 1483 739 quam
1513 664 1743 724 clamor
1771 668 2048 738 agrestes
2079 665 2369 743 conciret,

404 750 629 810 fuerat=
675 764 749 807 eo
779 746 975 807 maior
1004 754 1125 807 tum
1156 747 1303 823 fuga
1331 762 1650 823 pavorque
1678 747 1740 806 in
1767 746 1919 807 urbe
1949 747 2077 813 fuit.
2140 754 2202 809 et
2229 748 2370 811 her-

404 835 538 893 cule
569 846 771 908 neque
812 831 1115 891 exercitus
1148 830 1314 891 domi
1353 831 1598 891 validus
1627 846 1828 906 neque
1871 830 1998 891 dux
2029 848 2212 908 quem
2253 850 2367 911 op·

404 922 703 993 ponerent
742 920 890 975 erat.
959 914 1340 991 Hasdrubal,
1379 913 1670 990 Gisgonis
1699 914 1891 990 filine,
1935 930 2162 990 genere
2204 918 2368 978 fama

403 999 629 1060 divitiis
669 1000 840 1074 regia
884 1004 1009 1059 tum
1052 1000 1234 1059 etiam
1273 998 1587 1059 adfinitate
1613 999 1796 1073 longe
1823 998 2060 1074 primus
2103 999 2366 1063 civitatis

402 1092 559 1143 erat=
590 1083 706 1144 sed
734 1098 875 1144 eum
904 1082 981 1141 ab
1010 1082 1113 1144 illo
1144 1082 1285 1159 ipso
1302 1082 1592 1159 Scipione
1621 1082 1854 1159 aliquot
1879 1082 2131 1159 proeliis
2163 1085 2368 1147 susum

402 1168 772 1243 pulsumque
821 1167 883 1226 in
923 1166 1221 1242 Hispania
1268 1166 1695 1242 meminerant,
1753 1180 1868 1227 nec
1905 1165 2103 1243 magis
2145 1167 2366 1229 ducem

402 1253 541 1312 duci
572 1268 783 1327 parem
812 1266 993 1325 quam
1022 1250 1475 1311 tumultuarium
1513 1250 1848 1311 exercitum
1877 1266 2055 1312 suum
2083 1250 2365 1315 Romano

400 1335 692 1396 exercitui
722 1350 885 1395 esse.
941 1334 1147 1410 itaque
1175 1335 1346 1395 velut
1373 1334 1427 1395 si
1455 1334 1665 1395 urbem
1697 1334 2004 1409 extemplo
2033 1334 2366 1410 adgressu-

401 1436 505 1480 rus
538 1419 745 1495 Scipio
776 1419 947 1493 foret,
986 1418 1070 1479 ita
1096 1420 1536 1503 conclamatum
1567 1418 1648 1479 ad
1675 1434 1845 1477 arma
1873 1425 1985 1492 est,
2027 1425 2368 1495 portaeque

400 1503 619 1579 raptim
648 1504 897 1563 clausae
926 1509 985 1563 et
1026 1502 1239 1563 armati
1265 1503 1326 1562 in
1357 1502 1546 1565 muris
1575 1502 1946 1578 vigiliaeque
1974 1508 2034 1562 et
2062 1502 2363 1565 stationes

400 1586 757 1661 dispositae,
787 1603 861 1647 ac
890 1592 1069 1647 nocte
1096 1586 1440 1665 insequenti
1470 1586 1780 1663 vigilatum
1809 1592 1923 1646 est.
1975 1592 2226 1662 postero
2260 1588 2362 1648 die

399 1670 559 1731 mille
602 1670 871 1747 equiteS,
918 1672 1300 1747 speculatum
1350 1671 1428 1731 ad
1468 1684 1634 1731 mare
1676 1670 2140 1747 turbandosque
2189 1688 2366 1747 egre·

399 1755 635 1816 dientes
680 1770 755 1815 ex
800 1754 1059 1815 navibus
1099 1756 1306 1832 missi,
1351 1755 1412 1816 in
1442 1756 1737 1817 stationes
1768 1756 2184 1816 Romanorum
2213 1755 2362 1815 inci·

399 1840 634 1901 derunt.
696 1840 817 1899 iam
860 1839 1020 1900 enim
1050 1838 1258 1916 Scipio
1303 1842 1506 1901 classe
1533 1838 1769 1901 Uticam
1798 1838 1990 1899 missa
2029 1838 2168 1914 ipse
2200 1837 2364 1901 haud

398 1924 479 1983 ita
504 1924 755 1985 multum
794 1940 1164 1999 progressus
1201 1940 1239 1983 a
1267 1924 1419 1985 mari
1447 1923 1712 1985 tumulos
1741 1923 2059 1999 proximos
2091 1931 2362 2001 ceperat,

396 2006 634 2081 equites
684 2013 744 2067 et
794 2007 851 2067 in
904 2008 1267 2068 stationibus
1316 2008 1470 2069 locis
1522 2007 1764 2070 idoneis
1813 2015 2108 2082 posuerat
2147 2014 2209 2069 et
2250 2024 2364 2083 per

398 2105 581 2164 agros
612 2091 861 2151 miserat
891 2091 1266 2165 praedatum.
1353 2090 1563 2153 XXIX.
1615 2090 1677 2152 hi
1708 2106 1846 2151 cum
1877 2089 2362 2167 Carthaginiensi

396 2173 665 2248 equitatu
692 2174 991 2251 proelium
1022 2190 1157 2235 cum
1189 2176 1656 2251 commisissent,
1697 2190 1934 2250 paucos
1964 2176 2025 2235 in
2055 2174 2196 2251 ipso
2228 2190 2358 2235 cer·

397 2256 647 2333 tamine,
691 2258 1029 2335 plerosque
1070 2260 1372 2335 fugientes
1416 2261 1752 2336 persecuti,
1808 2258 1870 2318 in
1916 2258 2142 2334 quibus
2183 2274 2362 2335 prae·

398 2342 621 2402 sectum
653 2358 903 2419 quoque
932 2344 1310 2418 Hannonem,
1343 2344 1608 2405 nobilem
1635 2342 1939 2419 iuvenem,
1984 2342 2363 2404 occiderunt.

393 2424 601 2501 Scipio
632 2443 755 2487 non
799 2443 982 2501 agros
1013 2428 1199 2488 modo
1230 2428 1392 2487 circa
1434 2427 1723 2501 vastavit,
1768 2427 1884 2487 sed
1922 2425 2138 2489 urbem
2178 2426 2358 2488 etiam

394 2510 735 2584 proximam
776 2511 1063 2572 Afrorum
1105 2512 1256 2571 satis
1315 2512 1664 2587 opulentam
1713 2512 1904 2587 cepit,
1961 2509 2067 2571 ubi
2117 2515 2350 2587 praete}

392 2600 611 2669 cetera,
644 2610 802 2670 quae
832 2597 1139 2671 extemplo
1171 2595 1230 2655 in
1262 2611 1456 2656 naves
1488 2594 1800 2657 onerarias
1830 2594 2118 2672 imposita
2141 2594 2357 2655 missa·

393 2679 597 2753 quein
628 2677 896 2737 Siciliam
940 2686 1137 2752 erant,
1186 2686 1324 2739 octo
1356 2678 1520 2740 milia
1557 2678 1884 2740 liberorum
1913 2694 2358 2755 servorumque

391 2761 655 2837 capitum
686 2769 828 2823 sunt
867 2768 1069 2837 capta.
1130 2762 1504 2824 laetissimus
1533 2770 1734 2823 tamen
1778 2761 2060 2823 omnibus
2088 2762 2148 2822 in
2193 2762 2357 2839 prin·

394 2844 555 2921 cipio
586 2861 787 2906 rerum
816 2848 1220 2922 gerendarum
1261 2847 1564 2907 adventus
1595 2847 1704 2909 snit
1731 2846 2124 2919 Masinissae,
2174 2862 2358 2923 quem

390 2928 635 3002 quidam
681 2946 820 2990 oum
861 2930 1139 2991 ducentis
1180 2930 1346 2992 haud
1389 2930 1648 3007 amplius
1692 2930 2031 3006 equitibus,
2077 2930 2358 3007 plerique

385 3028 526 3071 cum
558 3012 745 3072 duum
773 3013 1002 3074 milium
1030 3014 1300 3089 equitatu
1329 3015 1573 3075 tradunt
1597 3014 1864 3089 venisse.
1919 3021 2188 3075 ceterum
2217 3028 2356 3074 cum

387 3096 569 3171 longe
591 3096 890 3157 maximus
914 3098 1183 3159 omnium
1210 3098 1427 3159 aetatis
1451 3114 1604 3160 suae
1624 3114 1840 3174 regum
1861 3097 1963 3158 hic
1983 3098 2184 3169 fuerit,
2219 3096 2355 3173 plu-

385 3182 727 3256 rimumque
754 3196 883 3241 rem
910 3182 1252 3243 Romanam
1281 3182 1515 3255 iuverit,
1563 3196 1790 3259 operae
1819 3182 2080 3257 pretium
2111 3180 2355 3241 videtur

384 3264 692 3325 excedere
734 3266 981 3341 paulum
1024 3266 1105 3325 ad
1159 3265 1593 3342 enarrandum,
1659 3282 1844 3343 quam
1885 3264 2058 3325 varia
2113 3266 2354 3326 fortuna

388 3364 543 3408 usus
575 3347 655 3409 sit
686 3348 749 3408 in
779 3350 1109 3411 amittendo
1142 3351 1693 3427 recuperandoque
1724 3357 1976 3426 paterno
2003 3364 2219 3425 regno.

551 3431 826 3494 Militanti
867 3449 980 3510 pro
1014 3433 1612 3509 Carthaginiensibus
1654 3434 1715 3494 in
1745 3433 2042 3511 Hispania
2081 3440 2258 3508 pater
2300 3433 2358 3493 ei

388 3515 666 3575 moritur·-
728 3516 915 3577 Galae
964 3532 1185 3577 nomen
1234 3524 1380 3577 erat.
1467 3534 1722 3592 regnum
1771 3518 1850 3577 ad
1895 3519 2141 3578 fratrem
2190 3517 2361 3593 regis
