2550 3959
542 224 772 286 LmER
798 225 1067 286 xxvm.
1112 226 1277 286 cAP.
1308 237 1362 289 3.
1389 237 1444 290 4.
1491 234 1566 302 [a.
1594 233 1659 286 c.
1688 233 1814 300 ποτ]
1854 198 1859 214 ’
2035 227 2162 292 223

198 381 325 436 tum
366 373 531 434 mille
573 353 846 449 equitux‘n
886 375 969 435 ad
1010 378 1488 452 oppugnandam
1531 379 2059 453 opulentissimam
2097 381 2156 440 in

196 457 273 518 iis
301 456 457 518 locis
485 456 697 516 urbem
734 491 823 504 --
850 457 1119 534 Orongin
1144 459 1390 520 barbari
1417 461 1814 537 appellabant
1842 495 1924 510 -·-
1964 464 2157 524 mittit.

196 541 315 600 sita
344 540 407 602 in
434 540 819 602 Maesessum
846 540 1073 604 finibus
1098 549 1214 618 est,
1242 544 1557 620 Hispanae
1583 544 1815 620 gentis3
1855 561 2007 621 ager
2036 548 2156 606 fru-

196 625 383 700 gifer3
414 630 733 700 argentum
762 625 943 685 etiam
970 625 1211 688 incolae
1239 627 1496 688 fodiunt.
1541 643 1618 690 ea
1643 644 1756 689 arx
1786 629 1980 692 fuerat
2001 631 2150 692 Has·

196 706 436 768 drubali
477 707 560 767 ad
600 707 1001 769 excursiones
1044 710 1207 770 circa
1244 711 1724 772 mediterraneos
1755 714 2026 789 populos
2071 715 2156 772 fa-

198 791 469 852 ciendas.
538 789 747 867 Scipio
786 793 1005 854 castris
1045 809 1242 870 prope
1282 794 1496 861 urbem
1536 796 1756 871 positis
1799 795 2157 874 priusquam

198 875 681 936 circumvallaret
725 875 987 951 urbem„
1011 876 1176 938 misit
1202 878 1284 938 ad
1311 885 1521 953 portas
1555 880 1657 954 qui
1700 895 1778 940 ex
1807 881 2156 956 propinquo

197 957 491 1034 adloquio
516 958 759 1020 animos
784 966 1176 1036 temptarent,
1220 960 1704 1036 suaderentque,
1745 970 1811 1024 ut
1837 963 2158 1026 amicitiam

198 1041 403 1118 potius
434 1058 618 1117 quam
646 1042 769 1104 vim
798 1044 1219 1119 experirentur
1244 1046 1678 1107 Romanorum.
1743 1047 1848 1108 ubi
1874 1046 2020 1110 nihil
2049 1065 2156 1123 pa-

194 1126 315 1188 cati
356 1125 874 1202 respondebatur,
942 1128 1117 1190 fossa
1166 1128 1522 1206 duplicique
1571 1130 1731 1190 vallo
1787 1131 2152 1196 circumdata

195 1209 346 1292 urbe
374 1207 435 1270 in
466 1216 589 1272 tres
616 1217 823 1285 partes
852 1212 1185 1274 exercitum
1213 1213 1445 1286 dividit,
1488 1219 1557 1274 ut
1582 1230 1706 1276 una
1735 1228 1981 1289 semper
2008 1231 2154 1290 pars

196 1293 416 1369 quietis
438 1293 695 1362 ,interim
735 1293 973 1358 <limbus
1013 1303 1418 1372 oppugnaret.
1474 1297 1670 1372 prima
1685 1313 1844 1372 ,pars
1875 1313 2010 1362 cum
2050 1299 2154 1357 ad-

196 1383 333 1440 orta
364 1391 730 1456 oppugnare
771 1384 897 1451 est,
934 1385 1118 1442 atrox
1146 1396 1302 1440 sane
1329 1387 1388 1448 et
1427 1395 1660 1456 anceps
1686 1381 1990 1457 proelium
2010 1382 2153 1442 tuit:

195 1477 323 1524 non
338 1459 588 1535 subire,
636 1477 758 1523 non
786 1463 991 1524 malas
1020 1463 1183 1524 ferre
1206 1465 1290 1526 ad
1317 1479 1524 1528 muros
1551 1481 1706 1541 prae
1744 1464 2151 1530 incidentibus

196 1545 333 1606 telis
373 1544 555 1610 meite
588 1554 759 1616 ,οἵαις
803 1553 865 1608 et
904 1547 1024 1608 iam
1054 1548 1159 1622 qui
1198 1556 1526 1612 erexerant
1551 1548 1635 1609 ad
1661 1566 1900 1612 murum
1926 1550 2151 1624 ‘sc-alm,

194 1629 296 1690 alii
327 1628 514 1692 turcis
540 1629 626 1692 ad
652 1628 715 1690 id
754 1629 962 1705 ipsum
992 1631 1168 1692 sactis
1201 1632 1702 1706 detrudebantur,
1747 1633 1812 1693 in
1837 1633 1996 1695 alios
2023 1635 2152 1710 lupi

192 1727 462 1788 superne
492 1713 672 1776 terrei
712 1712 945 1785 iniecti,
983 1720 1051 1774 ut
1076 1713 1137 1774 in
1167 1715 1443 1790 periculo
1474 1724 1715 1788 essent,
1754 1732 1834 1779 ne
1863 1718 2151 1792 suspensi

196 1795 257 1855 in
298 1812 535 1857 murum
578 1796 1052 1858 extraherentur.
1118 1798 1285 1873 quod
1323 1797 1428 1860 ubi
1469 1798 1896 1863 animadvertit
1922 1799 2150 1876 Scipio,

194 1879 383 1942 nimia
418 1878 723 1956 paucitate
763 1896 1014 1943 suorum
1067 1889 1475 1956 exaequatum
1516 1889 1820 1946 certamen
1862 1899 2034 1958 esse,
2093 1892 2154 1944 et

195 1965 316 2024 iam
342 1979 419 2026 eo
448 1979 743 2040 superare
762 1965 1009 2028 «hostem
1044 1966 1211 2040 quod
1238 1981 1320 2028 ex
1349 1982 1522 2028 muro
1553 1973 1868 2044 pugnaret,
1911 1966 2150 2032 duabus

194 2047 374 2110 simul
396 2047 691 2126 partibus,
718 2050 915 2125 prima
935 2055 1199 2126 recepta,
1231 2050 1444 2112 urbem
1467 2059 1568 2116 est
1595 2052 1948 2128 adgressus.
1996 2068 2154 2126 quae

193 2149 295 2196 res
344 2139 577 2196 tanaun
625 2134 877 2209 pavoris
924 2133 1129 2196 iniecit
1175 2134 1362 2198 sessis
1415 2135 1536 2200 iarn
1586 2151 1722 2196 curn
1774 2135 1986 2212 primis
2044 2153 2147 2213 pu·

190 2217 461 2292 gnando,
490 2222 559 2278 ut
584 2224 647 2278 et
674 2213 968 2293 oppidani
994 2218 1241 2282 moenia
1262 2219 1578 2294 repentina
1607 2220 1750 2293 ruga
1779 2220 2151 2295 desererent,

192 2306 256 2359 et
280 2299 575 2364 Punicum
613 2301 987 2376 praesidium
1015 2309 1207 2376 metu,
1242 2318 1328 2364 ne
1355 2302 1597 2378 prodita
1630 2303 1777 2366 urbs
1819 2309 2014 2378 esset,
2057 2320 2148 2362 re-

190 2384 352 2446 lictis
378 2384 741 2448 stationibus
768 2385 833 2446 in
871 2402 1059 2450 unum
1088 2401 1159 2446 se
1188 2385 1517 2460 colligeret.
1582 2384 1764 2448 timor
1802 2385 1948 2448 inde
1975 2388 2150 2462 oppi-

194 2467 395 2532 danos
422 2468 695 2544 incessit,
733 2485 830 2546 ne,
874 2469 929 2532 si
958 2469 1155 2530 hostis
1180 2469 1396 2530 urbem
1423 2469 1726 2543 intrasset,
1772 2469 1908 2530 sine
1936 2469 2150 2530 discri-

193 2552 373 2628 mine,
398 2552 639 2616 Poenus
658 2553 1065 2630 anHispanus
1086 2559 1270 2630 esset,
1295 2552 1460 2616 obvii
1476 2553 1712 2630 passim
1725 2552 2149 2614 caederentur-2

192 2641 381 2711 atque
423 2637 727 2713 patefacta
752 2644 1004 2715 repente
1032 2645 1209 2715 porta
1250 2638 1602 2714 frequentes
1631 2653 1712 2698 ex
1745 2635 1978 2713 oppido
2008 2651 2151 2698 sese

193 2718 521 2796 eiecerunt,
554 2726 729 2782 scuta
752 2737 901 2797 prae
930 2738 1000 2782 se
1021 2729 1316 2798 tenenteS,
1345 2738 1424 2784 ne
1452 2722 1574 2782 tela
1595 2721 1812 2798 procul
1842 2717 2148 2784 coiceren-

194 2809 319 2879 tur,
365 2804 615 2868 dextras
644 2805 845 2867 nudas
876 2811 1281 2880 ostentantes,
1328 2812 1394 2866 ut
1417 2805 1658 2882 gladios
1699 2802 2003 2867 abiecisse
2043 2820 2148 2880 ap-

194 2893 455 2961 pareret.
498 2887 565 2948 id
589 2893 792 2952 utrum
819 2904 1034 2965 parum
1063 2905 1142 2950 ex
1170 2889 1488 2950 intervallo
1518 2889 1599 2950 sit
1627 2893 2041 2964 conspectum,
2073 2903 2148 2948 an

194 2970 379 3032 dolus
408 2971 632 3047 aliquis
662 2981 993 3049 suspectus
1022 2974 1215 3048 fuerit,
1246 2974 1688 3050 incompertum
1718 2980 1844 3036 ests
1887 2971 2149 3047 impetus

190 3052 436 3116 hostilis
461 3055 521 3116 in
542 3057 891 3133 transfugas
914 3057 1126 3129 ractuS,
1152 3073 1266 3120 nec
1289 3073 1470 3122 secus
1497 3057 1966 3134 quamadvcrsa
1987 3054 2150 3118 acies

191 3151 415 3209 caesa;
459 3140 803 3216 eademque
831 3146 1009 3218 porta
1039 3140 1216 3216 signa
1255 3140 1478 3205 infesta
1505 3140 1639 3206 urbi
1680 3141 1864 3204 illata.
1927 3144 1991 3202 et
2016 3137 2150 3198 aliis

190 3221 468 3297 partibus
498 3223 822 3286 securibus
851 3223 1249 3300 dolabrisque
1273 3225 1688 3288 caedebantur
1715 3228 1960 3298 portae,
2003 3225 2066 3281 et
2088 3227 2154 3281 ut

192 3305 461 3383 quisque
505 3307 837 3370 intraverat
877 3324 1103 3386 equeS,
1146 3309 1229 3374 ad
1256 3311 1464 3376 rorum
1497 3306 1926 3382 occupandum
1964 3337 2038 3352 -·-
2070 3303 2152 3364 ita

189 3387 354 3450 enim
383 3398 783 3469 praeceptum
812 3399 944 3457 erat
968 3424 1057 3438 --
1094 3391 1273 3456 citato
1305 3409 1466 3468 equo
1498 3390 1808 3470 pergebat.
1879 3388 2152 3452 additum

188 3479 323 3533 erat
364 3480 425 3534 et
464 3475 810 3540 triariorum
862 3475 1051 3553 equiti
1090 3477 1496 3554 praesidiunn
1555 3473 1871 3551 legionarii
1914 3480 2148 3536 ceteras
