2550 3959
681 192 907 253 LLBER
934 192 1141 254 XXlx.
1188 192 1353 253 CAP.
1383 200 1466 254 18.
1510 199 1582 265 [ι.
1608 195 1820 266 &2041
2096 193 2221 257 299

265 343 420 405 deae
449 342 677 403 numini
718 358 910 417 saepe
941 348 1255 417 comperta
1283 342 1478 404 nobis,
1505 342 1962 423 maioribusque
1992 346 2218 405 nostris

259 427 697 501 referebantur,
736 425 873 487 ausi
902 433 1047 487 sunt
1075 424 1263 486 nihilo
1293 424 1494 488 minus
1524 426 1859 499 sacrilegas
1889 427 2220 489 admovere

259 526 477 571 manus
505 510 744 570 intactis
780 509 899 571 illis
926 510 1264 584 thesauris,
1299 516 1362 570 et
1389 510 1654 569 nefanda
1681 510 1914 585 praeda
1943 526 2014 570 se
2042 512 2218 587 ipsos

257 610 331 653 ac
374 594 595 655 domos
637 593 1049 655 contaminare
1091 610 1239 654 suas
1286 599 1346 653 et
1377 593 1598 654 milites
1637 600 1899 654 vestros.
1973 594 2217 670 quibuS,

259 692 374 753 per
426 672 553 738 vos‘
598 677 910 753 fidemque
963 684 1262 751 vestram,
1320 683 1529 751 patres
1594 678 1956 751 conscripti,
2015 680 2214 753 prius-

260 777 442 838 quam
467 759 569 800 *⁴¹*
598 762 949 836 gesseritis,
987 777 1094 834 ne,
1128 761 1298 835 quod
1326 760 1554 836 piaculi
1586 761 2048 836 commiserunt,
2092 778 2215 823 non

260 861 376 905 suo
408 845 611 905 solum
639 845 941 920 sanguine
968 846 1083 905 sed
1112 846 1292 904 etiam
1321 844 1569 920 publica
1591 845 1768 904 clade
1787 846 1976 905 luant.
2009 862 2212 922 quam-

260 945 445 1003 quam
476 944 553 989 ne
580 944 745 989 nunc
776 928 1053 1005 quidem,
1098 936 1308 1005 patres
1340 928 1699 1003 conscripti,
1733 928 1926 989 autin
1957 929 2216 991 ducibus

258 1020 364 1074 aut
402 1013 463 1071 in
504 1011 792 1074 militibus
835 1012 1059 1073 vestris
1102 1018 1309 1071 cessat
1350 1012 1441 1071 ira
1468 1010 1654 1071 deae=
1700 1012 2068 1087 aliquotiens
2098 1014 2214 1075 iam

256 1096 412 1158 inter
442 1112 512 1157 se
543 1096 735 1171 signis
778 1096 1017 1158 collatis
1048 1100 1598 1165 co‘ncucurrerunt3
1643 1096 1769 1155 dux
1799 1096 2046 1157 alterius
2075 1113 2215 1173 par-

257 1181 333 1240 tis
384 1178 744 1254 PleminiuS,
796 1180 1045 1240 alterius
1090 1180 1213 1240 duo
1260 1179 1486 1249 tribuni
1532 1179 1784 1239 militum
1827 1188 2017 1242 erant.
2090 1198 2215 1241 non

256 1264 461 1324 acrius
492 1280 631 1324 cum
653 1262 1254 1337 Carthaginiensibus
1287 1279 1469 1339 quam
1497 1262 1652 1324 inter
1682 1279 1752 1323 se
1783 1264 1902 1337 ipsi
1932 1266 2092 1325 ferro
2125 1264 2214 1324 di-

256 1347 663 1418 micaverunt3
708 1346 1266 1424 praebuissentque
1295 1347 1682 1408 occasionem
1714 1348 1920 1407 furore
1949 1364 2064 1409 suo
2095 1347 2214 1409 Lo-

256 1446 398 1491 cros
437 1431 774 1507 recipiendi
814 1430 1167 1504 Hannibali,
1228 1431 1344 1490 nisi
1385 1430 1618 1492 accitus
1659 1430 1735 1491 ab
1778 1431 1958 1491 nobis
2003 1430 2212 1509 Scipio

254 1514 701 1576 intervenisset.
744 1520 805 1575 at
830 1514 1080 1575 hercule
1107 1514 1326 1575 milites
1351 1521 1666 1576 contactos
1697 1515 2019 1592 sacrilegio
2045 1518 2214 1577 furor

255 1598 469 1671 agitat=
532 1599 593 1658 in
643 1598 903 1659 ducibus
943 1598 1098 1674 ipsis
1146 1598 1476 1674 puniendis
1521 1599 1750 1660 nullum
1793 1599 1948 1659 deae
1989 1615 2212 1660 numen

252 1682 556 1758 apparuit.
628 1681 811 1744 immo
853 1682 939 1743 ibi
982 1698 1282 1758 praesens
1305 1682 1581 1743 maxime
1621 1682 1762 1742 suite
1817 1682 2010 1757 virgis
2045 1684 2212 1743 caesi

253 1766 473 1827 tribuni
506 1766 582 1826 ab
610 1766 810 1842 legato
841 1773 1010 1837 sunt;
1055 1768 1292 1841 legatus
1316 1766 1539 1825 deinde
1567 1765 1807 1825 insidiis
1829 1766 2211 1827 tribunorum

216 1856 220 1860 '
251 1850 655 1925 interceptus,
709 1859 1139 1926 praeterquam
1192 1850 1360 1925 quod
1411 1856 1539 1910 toto
1583 1864 1846 1926 corpore
1887 1851 2206 1923 laceratuS,

253 1948 405 1994 naso
448 1949 701 2009 quoque
741 1934 1121 2009 auribusque
1160 1933 1389 1993 decisis
1432 1934 1770 2009 exsanguis
1800 1939 1897 1993 est
1922 1934 2208 2002 relictus;

206 2087 230 2097 ,
250 2024 563 2078 recreatus
604 2017 747 2078 dein
788 2019 1027 2092 legatus
1058 2033 1137 2077 ex
1164 2017 1522 2079 vulneribus
1551 2018 1830 2077 tribunos
1861 2017 2116 2077 militum
2144 2018 2206 2077 in

249 2100 451 2162 vincla
486 2101 831 2174 coniectoS‚
874 2101 1017 2161 dein
1046 2100 1408 2163 verberatos
1439 2101 1890 2176 servilibusque
1922 2101 2208 2169 omnibus

250 2184 572 2260 suppliciis
614 2185 915 2246 cruciatos
958 2183 1323 2251 trucidando
1356 2184 1609 2258 occidit,
1652 2191 1930 2245 mortuos
1983 2183 2209 2244 deinde

249 2268 559 2343 prohibuit
586 2268 852 2346 sepeliri.
922 2268 1037 2329 has
1068 2266 1186 2328 dea
1214 2284 1454 2343 poenas
1485 2282 1521 2325 a
1550 2268 1759 2343 templi
1789 2267 1883 2327 sui
1915 2267 2206 2343 spoliato·

246 2351 415 2413 ribus
444 2351 644 2425 habet,
677 2367 793 2412 nec
822 2352 1062 2413 desinet
1092 2352 1372 2412 omnibus
1396 2366 1507 2411 eos
1532 2354 1762 2425 agitare
1784 2350 1975 2425 furiis,
2007 2352 2207 2425 prius-

248 2451 433 2511 quam
459 2434 733 2511 reposita
758 2451 939 2495 sacra
967 2437 1230 2511 pecunia
1258 2435 1319 2494 in
1349 2434 1654 2495 thesauris
1685 2434 1882 2499 fuerit.
1941 2435 2207 2494 maiores

248 2519 561 2595 quondam
609 2519 803 2580 nostri
852 2521 1023 2595 gravi
1069 2516 1556 2580 Crotoniensium
1597 2518 1790 2591 bello,
1851 2518 1997 2591 quia
2035 2524 2208 2577 extra

244 2603 458 2671 urbem
490 2605 783 2680 templum
822 2610 946 2677 est,
986 2604 1319 2663 transferre
1359 2602 1421 2660 in
1460 2601 1675 2661 urbem
1717 2615 1854 2659 eam
1881 2600 2208 2676 pecuniam

246 2687 585 2748 voluerunt.
650 2692 837 2747 noctu
865 2687 1073 2747 audita
1099 2702 1179 2745 ex
1208 2684 1464 2745 delubro
1493 2701 1648 2759 vox,
1679 2683 2054 2745 abstinerent
2081 2700 2206 2743 ma·

243 2786 389 2830 nus=
436 2770 615 2829 deam
656 2786 774 2830 sua
811 2771 1039 2845 templa
1079 2771 1489 2832 defensuram.
1564 2770 1709 2843 quia
1747 2767 2035 2829 movendi
2063 2766 2208 2827 inde

241 2854 569 2915 thesauros
597 2852 813 2928 religio
844 2854 1095 2915 incussa
1124 2859 1271 2927 erat,
1315 2868 1488 2914 muro
1520 2850 1884 2911 circumdari
1910 2852 2204 2927 templum

240 2938 583 2999 voluerunt.
631 2936 1007 3013 aliquantum
1038 2937 1157 2996 iam
1186 2936 1520 2996 altitudinis
1550 2935 1816 2995 excitata
1844 2939 2018 2993 erant
2039 2949 2204 2996 moe-

242 3020 360 3090 nia,
392 3035 531 3079 cum
558 3021 759 3082 subito
791 3021 1069 3095 collapsa
1094 3020 1273 3080 ruina
1303 3027 1461 3080 sunt.
1505 3019 1619 3079 sed
1648 3025 1709 3079 et
1736 3033 1897 3077 nunc
1925 3024 1986 3078 et
2013 3032 2209 3094 saepe

244 3102 396 3163 alias
440 3102 561 3163 dea
600 3120 775 3165 suam
816 3104 1029 3163 sedem
1070 3119 1378 3178 suumque
1417 3104 1710 3177 templum
1749 3110 1854 3162 aut
1892 3106 2083 3163 tutata
2111 3108 2207 3162 est

241 3191 348 3245 aut
374 3200 411 3243 a
444 3184 844 3249 violatoribus
886 3186 1101 3262 gravia
1128 3187 1372 3261 piacula
1400 3187 1635 3260 exegit=
1675 3192 1920 3246 nostras
1950 3185 2203 3259 iniurias

240 3283 358 3329 nec
386 3274 591 3343 potest
618 3284 732 3331 nec
759 3271 964 3347 possit
990 3270 1148 3331 alius
1176 3268 1393 3329 ulcisci
1425 3285 1606 3344 quam
1637 3284 1783 3343 voS,
1816 3273 2026 3343 patres
2058 3284 2202 3329 con·

240 3351 485 3427 scripti=
542 3353 623 3413 ad
660 3370 777 3415 vos
807 3360 1200 3429 vestramque
1228 3352 1412 3413 fidem
1444 3352 1758 3427 supplices
1791 3352 2202 3427 confugimus,

240 3434 382 3495 nihil
415 3441 629 3497 nostra
655 3436 933 3513 interest,
964 3444 1167 3499 utrum
1196 3434 1312 3496 sub
1343 3435 1444 3497 illo
1475 3436 1708 3513 legato,
1741 3436 1856 3495 sub
1887 3437 1990 3495 illo
2018 3450 2200 3532 prae-
