2550 3959
337 205 466 267 200
634 207 863 297 L1BER
887 207 1129 268 xxvn.
1174 205 1338 266 cAP.
1367 215 1453 271 aa.
1483 215 1572 269 34.
1615 206 1690 285 [ι.
1715 212 1787 267 υ.
1809 229 1858 266 0.
1883 208 2010 287 ⁵44]

341 361 610 438 tlamque
632 367 693 422 et
712 359 1027 422 Euboeam
1050 359 1304 420 decimis
1328 358 1544 420 castris
1566 357 2014 428 Demetriadem
2037 357 2097 418 in
2111 357 2303 420 Thes-

342 445 557 506 saliam
604 445 905 520 pervenit.
1002 443 1266 503 XXXIII.
1331 441 1415 502 ibi
1463 441 1564 502 alii
1615 442 1906 504 maiorem
1955 443 2308 504 adferentes

337 529 657 590 tumultum
678 528 868 588 nuntii
897 533 1239 600 occurrunt,
1268 523 1592 588 Dardanos
1622 525 1684 586 in
1697 525 2116 586 Macedoniam
2147 525 2306 586 effu-

344 627 453 674 sos
485 610 827 674 Orestidem
870 610 991 671 iam
1021 616 1231 670 tenere
1263 625 1339 668 ac
1379 609 1782 670 descendisse
1809 611 1872 669 in
1901 611 2308 686 Argestaeum

342 710 645 772 campum,
688 694 1036 768 famamque
1062 693 1220 753 inter
1244 690 1546 754 barbaros
1577 691 1880 754 celebrem
1909 709 2048 754 esse
2073 692 2305 769 Philip-

341 794 488 855 pum
531 778 821 841 occisum.
898 775 1294 852 expeditione
1335 790 1439 849 ea,
1499 791 1622 851 qua
1658 792 1796 838 eum
1836 775 2306 854 populatoribus

340 861 470 937 agri
499 860 579 921 ad
594 859 925 937 Sicyonem
950 860 1261 936 pugnavit,
1290 859 1351 919 in
1383 859 1664 919 arborem
1686 860 1887 920 illatus
1910 860 2136 936 impetu
2157 858 2311 935 equi

339 945 420 1006 ad
449 943 811 1005 eminentem
840 959 1073 1004 ramum
1106 958 1297 1005 cornu
1325 944 1580 1004 alterum
1607 946 1821 1020 galeae
1848 944 2191 1020 praeli-egit.
2235 943 2306 1004 id

338 1027 656 1088 inventum
684 1027 761 1088 ab
790 1028 1013 1089 Aetolo
1047 1028 1316 1102 quodam
1344 1027 1768 1105 perlatumque
1797 1027 1858 1087 in
1885 1027 2188 1089 Aetoliam
2217 1027 2306 1086 ad

340 1109 825 1186 Scerdilaedum,
866 1111 966 1172 cui
996 1117 1205 1172 notum
1235 1117 1368 1171 erat
1407 1109 1646 1186 insigne
1674 1111 1917 1187 galeae,
1959 1111 2180 1172 samam
2206 1109 2305 1170 in-

336 1193 571 1256 terfecti
600 1195 765 1270 regis
794 1193 1084 1270 vulgavit.
1120 1201 1267 1270 post
1296 1194 1735 1270 profectionem
1765 1209 1844 1254 ex
1873 1193 2109 1256 Achaia
2135 1193 2304 1269 regis

338 1275 651 1355 Sulpicius
678 1279 977 1355 Aeginam
1008 1278 1211 1340 classe
1240 1276 1554 1354 profectus
1585 1293 1722 1338 curn
1749 1277 1952 1338 Attalo
1983 1293 2126 1339 sese
2154 1293 2306 1338 con-

336 1359 547 1422 iunxit.
592 1361 828 1422 Achaei
860 1378 997 1423 cum
1018 1361 1255 1422 Aetolis
1279 1361 1570 1436 Eleisque
1592 1361 1755 1422 haud
1779 1363 1993 1437 procul
2014 1361 2307 1421 Messene

338 1459 705 1520 prosperam
735 1461 1003 1521 pugnam
1034 1446 1324 1505 fecerunt.
1403 1445 1640 1505 Attalus
1667 1437 1781 1505 'rex
1811 1452 1871 1505 et
1896 1444 1958 1506 P.
1991 1443 2304 1522 Sulpicius

335 1526 609 1602 Aeginae
638 1526 1050 1589 hibernarunt.

500 1609 681 1670 Exitu
709 1609 891 1672 huius
923 1611 1065 1672 anni
1086 1610 1151 1668 T.
1176 1609 1491 1684 Quinctius
1521 1611 1756 1685 consul,
1790 1609 2084 1672 dictatore
2109 1610 2302 1673 comi·

335 1691 555 1754 tiorum
597 1694 1007 1769 ludorumque
1062 1693 1478 1756 faciendorum
1521 1710 1709 1756 causa
1751 1695 1914 1755 dicto
1957 1696 2023 1754 T.
2065 1694 2308 1760 Manlio

334 1776 668 1852 Torquato,
713 1793 791 1838 ex
830 1779 1084 1838 vulnere
1121 1777 1393 1838 moritur.
1459 1777 1560 1838 alii
1588 1777 1848 1852 Tarenti,
1891 1777 1991 1838 alii
2033 1775 2094 1836 in
2124 1777 2302 1837 Cam-

333 1859 519 1935 pania
545 1867 847 1922 mortuum
875 1861 1136 1921 tradunt.
1191 1861 1274 1920 ita
1303 1860 1471 1938 quod
1499 1860 1665 1921 nullo
1697 1868 1836 1921 ante
1861 1859 2024 1921 bello
2054 1860 2304 1921 accide-

331 1949 442 2015 rat,
472 1944 597 2005 duo
628 1943 917 2006 eonsules
947 1944 1081 2004 sine
1110 1942 1509 2005 memorando
1533 1944 1769 2019 proelio
1800 1943 2098 2004 interfecti
2125 1944 2305 2006 velut

332 2024 545 2086 orbam
573 2041 704 2086 rem
732 2027 1039 2103 publicam
1066 2026 1454 2102 reliquerant.
1534 2027 1791 2087 dictator
1817 2027 2077 2088 Manlius
2106 2027 2302 2102 magi-

332 2115 521 2170 strum
550 2109 819 2184 equitum
850 2110 913 2169 C.
943 2108 1264 2171 Servilium
1289 2139 1377 2153 -
1402 2117 1528 2172 tum
1555 2110 1770 2171 aedilis
1801 2110 2026 2172 curulis
2057 2118 2186 2170 erat
2215 2143 2299 2158 -

336 2190 507 2252 dixit.
552 2198 802 2254 senatus
835 2209 958 2269 quo
988 2193 1090 2253 die
1116 2193 1377 2268 primum
1406 2200 1502 2255 est
1529 2193 1790 2268 habituS,
1821 2194 2005 2255 ludos
2034 2209 2304 2270 magnos

332 2275 537 2336 facere
578 2275 934 2339 dictatorem
976 2276 1187 2353 iussit,
1232 2293 1390 2352 quos
1427 2275 1506 2337 M.
1536 2277 1832 2338 Aemilius
1869 2284 2119 2354 praetor
2155 2277 2299 2340 urb.

330 2357 395 2419 C.
424 2357 719 2421 Flaminio
764 2359 869 2421 Cn.
914 2359 1175 2422 Servilio
1218 2359 1573 2422 consulibus
1615 2361 1842 2422 fecerat
1856 2407 1871 2434 ,
1916 2367 1976 2421 et
2015 2360 2076 2422 in
2119 2361 2302 2437 quin-

333 2443 662 2516 quennium
688 2451 963 2506 voverat.
1028 2451 1155 2506 tum
1186 2444 1446 2505 dictator
1471 2450 1531 2505 et
1557 2444 1699 2505 fecit
1727 2445 1909 2506 ludos
1937 2451 1998 2506 et
2023 2445 2084 2505 in
2125 2443 2300 2506 inse-

331 2528 533 2602 q'uens
560 2527 817 2589 lustrum
844 2527 1033 2588 vovit.
1109 2535 1378 2590 ceterum
1407 2544 1543 2590 cum
1572 2528 1694 2589 duo
1727 2531 2084 2591 consulares
2115 2543 2302 2589 exer-

328 2607 485 2672 citus
506 2615 629 2672 tam
652 2627 850 2688 prope
868 2611 1110 2673 hostem
1133 2611 1267 2673 sine
1292 2611 1555 2674 ducibus
1583 2618 1811 2688 essent,
1841 2611 2124 2673 omnibus
2153 2613 2300 2674 aliis

330 2693 578 2755 omissis
618 2711 743 2756 una
781 2695 1113 2771 praecipua
1153 2711 1300 2756 cura
1327 2702 1532 2771 patres
1573 2697 1999 2772 populumque
2038 2695 2302 2759 incessit

328 2777 618 2839 consules
646 2778 845 2854 primo
884 2795 1134 2854 quoque
1159 2784 1436 2855 tempore
1466 2779 1743 2852 creandi,
1786 2786 1846 2839 et
1872 2785 1940 2841 ut
1978 2794 2090 2841 eos
2119 2795 2297 2840 crea-

325 2867 459 2922 rent
486 2861 889 2937 potissimum,
922 2878 1180 2938 quorum
1208 2862 1400 2924 virtus
1430 2862 1580 2924 satis
1608 2869 1734 2923 tuta
1763 2878 1801 2923 a
1830 2863 2044 2924 fraude
2063 2862 2298 2924 Punica

328 2950 514 3004 esset.
559 2959 697 3006 cum
724 2950 853 3006 toto
884 2941 960 3006 eo
980 2944 1145 3006 bello
1176 2945 1475 3008 damnosa
1502 2961 1921 3023 praepropera
1949 2963 2023 3007 ae
2049 2947 2297 3009 fervida

322 3021 567 3102 ingenia
594 3025 1028 3103 imperatorum
1058 3028 1336 3104 fuissent,
1372 3037 1500 3109 tum
1526 3045 1606 3108 eo
1633 3029 1774 3108 ipso
1804 3046 1966 3092 anno
1997 3031 2293 3094 consules

322 3110 509 3172 nimia
536 3111 869 3186 cupiditate
898 3113 1264 3174 conserendi
1295 3128 1432 3174 cum
1459 3112 1642 3175 hoste
1669 3131 1916 3176 manum
1944 3114 2005 3174 in
2035 3121 2290 3190 necopi-

322 3201 523 3256 natam
559 3196 835 3257 sraudem
877 3197 1093 3273 lapsos
1131 3213 1297 3259 esse.
1375 3205 1644 3260 ceterum
1684 3198 1840 3260 deos
1892 3198 2292 3274 immortales,

320 3277 624 3342 miseritos
666 3280 931 3342 nominis
960 3279 1251 3356 Romani,
1299 3281 1656 3358 pepercisse
1696 3281 1962 3342 innoxiis
2006 3280 2288 3343 exerciti-

319 3359 452 3436 bus,
496 3364 889 3426 temeritatem
918 3365 1241 3426 eonsulum
1284 3365 1560 3441 ipsorum
1589 3363 1890 3445 capitibus
1933 3363 2287 3427 damnasse.

316 3445 585 3508 xxxlv.
644 3464 780 3511 eum
810 3449 1350 3526 circumspicerent
1377 3456 1585 3524 patres
1599 3496 1615 3516 ,
1656 3461 1962 3525 quosnam
1989 3447 2288 3510 consules
