2550 3959
609 228 838 287 LIBER
866 226 1074 287 XXIX.
1122 226 1288 285 CAP.
1318 235 1405 288 34.
1434 235 1522 288 35.
1567 228 1638 303 [a.
1669 232 1735 286 e.
1764 227 1889 303 204]
2099 220 2220 287 317

219 413 223 421 ·
267 394 389 455 que
432 377 763 453 pugnando
806 392 879 437 ac
918 376 1235 451 sequendo
1284 376 1468 437 fessis
1513 392 1584 437 se
1633 375 2108 445 circumfudere3
2165 382 2226 437 et

264 461 595 523 Masinissa
622 460 805 521 flexis
834 461 1035 522 subito
1066 460 1241 535 equis
1270 460 1332 521 in
1357 476 1624 537 pugnam
1652 460 1850 522 rediit.
1893 461 2056 520 mille
2078 460 2223 533 fere,

270 546 377 621 qui
418 544 593 623 primi
635 546 893 621 agminis
933 546 1200 619 fuerant,
1246 544 1470 621 quibus
1496 545 1664 608 haud
1701 544 1897 605 facilis
1937 550 2224 619 receptus

268 631 406 704 suit,
453 646 593 691 cum
632 629 770 705 ipso
813 630 971 689 duce
1010 629 1311 690 Hannone
1349 629 1658 690 interclusi
1698 636 1885 705 atque
1928 628 2224 688 interfecti

267 721 437 775 sunt=
481 720 751 788 ceteroS,
797 714 971 773 ducis
1004 713 1340 789 praecipue
1367 712 1610 773 territos
1640 713 1863 787 caede,
1907 712 2104 773 effuse
2133 713 2223 771 fu-
2307 779 2309 781 ,

265 800 501 873 gientes
551 812 664 873 per
708 799 825 857 tria
870 798 1035 857 milia
1086 812 1386 873 passuum
1433 796 1700 858 victores
1745 797 1937 857 secuti
1978 796 2059 855 ad
2101 794 2223 855 duo

266 888 583 958 praeterea
602 881 767 941 milia
787 881 1056 955 equitum
1081 888 1185 941 aut
1206 887 1500 957 ceperunt
1521 887 1630 941 aut
1656 880 2028 942 occiderunt.
2071 880 2226 939 inter

268 982 379 1027 eos
410 966 561 1027 satis
590 964 910 1027 constabat
936 980 1059 1025 non
1088 964 1290 1025 minus
1322 965 1620 1025 ducentos
1647 963 2226 1039 Carthaginiensimn

266 1050 507 1127 equites
536 1049 749 1121 fuisse,
793 1054 855 1109 et
889 1047 1117 1109 divitiis
1148 1049 1454 1123 quosdam
1483 1056 1542 1109 et
1569 1063 1794 1123 genere
1824 1049 2108 1108 illustres,

432 1132 674 1195 XXXV.
724 1132 959 1193 Eodem
990 1132 1145 1193 forte
1187 1149 1311 1207 quo
1337 1132 1492 1192 haec
1519 1138 1694 1207 gesta
1719 1138 1862 1193 sunt
1888 1131 1989 1191 die
2015 1145 2224 1204 naveS,

270 1232 429 1293 quae
471 1216 764 1293 praedam
806 1216 868 1276 in
900 1214 1166 1277 Siciliam
1194 1223 1520 1289 vexerant,
1567 1232 1708 1277 cum
1749 1219 2091 1275 commeatu
2131 1230 2224 1273 re-

268 1302 439 1362 diere
452 1348 467 1376 ,
522 1302 689 1361 velut
728 1300 1031 1363 ominatae
1070 1300 1152 1361 ad
1190 1299 1486 1375 praedam
1541 1300 1792 1362 alteram
1831 1296 2228 1374 repetendam

270 1401 414 1447 sese
442 1385 713 1445 venisse.
780 1386 951 1446 Duos
980 1385 1201 1445 eodem
1226 1383 1474 1444 nomine
1503 1381 2086 1458 Carthaginiensium
2117 1380 2226 1441 du-

270 1485 377 1531 ces
426 1468 669 1530 duobus
722 1468 1110 1545 equestribus
1151 1468 1405 1545 proeliis
1445 1468 1798 1529 interfectos
1833 1482 1960 1527 nou
2012 1480 2226 1525 omnes

270 1560 553 1615 auctores
584 1560 753 1628 sunt,
796 1552 989 1628 veriti,
1036 1552 1251 1627 credo,
1296 1567 1375 1612 ne
1405 1552 1639 1612 falleret
1663 1550 1762 1611 bis
1791 1550 1982 1611 relata
2010 1548 2227 1609 eadem

270 1654 401 1699 res:
446 1638 691 1699 Coelius
720 1638 966 1712 quidem
994 1641 1056 1697 et
1074 1636 1361 1697 Valerius
1393 1642 1634 1710 captum
1665 1635 1846 1695 etiam
1865 1634 2226 1694 Hannonem

270 1724 531 1783 tradunt.

434 1803 643 1880 Scipio
674 1805 1019 1881 praefectos
1049 1802 1443 1879 equitesque,
1487 1810 1668 1879 prout
1696 1802 1996 1877 cuiusque
2037 1816 2227 1877 opera

272 1890 485 1963 fuerat,
516 1897 655 1949 ante
685 1904 897 1949 omnes
910 1886 1302 1949 Masinissam
1331 1886 1673 1963 insignibus
1703 1886 1884 1947 donis
1906 1884 2124 1955 donat;
2169 1892 2229 1944 et

272 1972 447 2035 firmo
488 1972 799 2051 praesidio
832 1972 1127 2033 Salaecae
1166 1972 1455 2048 imposito
1484 1970 1623 2047 ipse
1651 1986 1790 2031 cum
1821 1976 2022 2031 cetero
2053 1982 2228 2029 exer·

272 2058 391 2117 citu
437 2058 749 2134 profectus
764 2104 779 2131 ‚
822 2072 947 2118 non
990 2056 1154 2133 agris
1194 2056 1382 2118 modo
1399 2104 1414 2131 ‚
1460 2068 1847 2131 quacumque
1885 2052 2227 2124 incedebat,

274 2141 581 2216 populatis
605 2142 719 2201 sed
740 2140 995 2203 urbibus
1018 2142 1199 2202 etiam
1224 2139 1591 2218 quibusdam
1612 2139 1894 2215 vicisque
1915 2153 2228 2213 expugna·

273 2225 349 2284 tis
366 2270 381 2297 ,
427 2225 545 2285 late
596 2224 737 2283 fuso
777 2230 1007 2285 terrore
1044 2223 1190 2283 belli
1204 2268 1219 2297 ,
1264 2224 1525 2299 septimo
1557 2222 1658 2283 die
1692 2237 1876 2297 quam
1915 2223 2228 2297 profectus

274 2315 431 2379 erat,
474 2320 755 2381 magnam
782 2306 1245 2367 vim‘hominum
1274 2314 1336 2368 et
1361 2305 1606 2382 pecoris
1645 2312 1706 2365 et
1747 2304 1945 2365 omnis
1985 2302 2228 2379 generis

273 2390 543 2467 praedae
568 2389 817 2451 trahens
843 2389 905 2449 in
935 2398 1137 2450 castra
1162 2390 1338 2464 redit,
1379 2404 1728 2464 gravesque
1754 2389 1971 2449 iterum
1993 2387 2229 2447 hostili-

272 2477 388 2537 bus
432 2474 649 2551 spoliis
686 2488 881 2534 naves
923 2472 1179 2534 dimittit.
1254 2472 1402 2533 inde
1445 2472 1691 2532 omissis
1733 2469 2228 2547 expeditionibus

274 2556 897 2636 populationibusque
934 2557 1016 2617 ad
1056 2556 1535 2633 oppugnandam
1561 2554 1798 2617 Uticam
1841 2570 2054 2615 omnes
2085 2553 2230 2613 belli

273 2644 437 2703 vires
469 2642 783 2713 convertit,
814 2656 950 2701 eam
980 2640 1223 2714 deinde,
1260 2641 1315 2701 si
1345 2638 1888 2716 cepisset'sedem
1915 2638 1999 2697 ad
2030 2644 2232 2699 cetera

274 2725 677 2802 exsequenda
713 2724 1049 2788 habiturus.
1116 2725 1298 2785 simul
1339 2732 1398 2784 et
1439 2740 1477 2783 a
1517 2724 1722 2784 classe
1761 2722 2014 2782 navales
2057 2721 2226 2794 socii,

277 2828 400 2888 qua
428 2826 508 2871 ex
538 2816 710 2885 parte
738 2808 887 2869 urbs
912 2807 1064 2869 mari
1093 2808 1384 2882 adluitur,
1429 2807 1607 2867 simul
1635 2813 1697 2867 et
1723 2806 2026 2867 terrestris
2057 2820 2226 2865 exer-

275 2896 429 2957 citus
472 2890 554 2955 ad
589 2891 997 2954 imminentem
1035 2908 1231 2969 prope
1271 2891 1426 2968 ipsis
1457 2890 1777 2954 moenibus
1804 2890 2097 2951 tumulum
2137 2896 2234 2948 est

276 2980 576 3039 admotus.
638 2983 938 3039 tormenta
978 2976 1418 3051 machinasque
1447 2983 1510 3037 et
1535 2975 1872 3035 advexerat
1900 2988 2128 3047 secum,
2170 2978 2231 3031 et

276 3078 353 3120 ex
384 3060 593 3122 Sicilia
618 3060 812 3123 missa
840 3076 978 3121 cum
1006 3066 1352 3122 commeatu
1391 3066 1592 3131 erant,
1637 3065 1699 3119 ct
1725 3072 1892 3118 nova
1929 3058 1989 3117 in
2034 3071 2229 3117 arma-

276 3144 599 3219 memorie,
654 3144 859 3207 multis
900 3144 1107 3205 talium
1148 3158 1404 3220 operum
1444 3142 1780 3203 artificibus
1811 3141 1890 3200 de
1931 3139 2232 3202 industria

275 3226 546 3302 inclusiS,
576 3228 819 3289 fiebant.
873 3226 1263 3291 Uticensibus
1294 3235 1460 3289 tanta
1487 3227 1761 3301 undique
1786 3225 1948 3288 mole
1977 3223 2229 3287 circum-

276 3310 472 3372 sessis
499 3311 563 3371 in
578 3311 1057 3388 Carthaginiensi
1086 3311 1338 3388 populo,
1369 3308 1971 3386 Carthaginiensibus
2000 3310 2062 3369 in
2075 3309 2228 3369 Has·

275 3394 531 3455 drubale
570 3394 683 3469 ita,
730 3396 785 3456 si
824 3396 880 3457 is
919 3396 1221 3459 movisset
1246 3394 1626 3473 Syphacem,
1673 3408 1822 3469 spes
1855 3393 2051 3455 omnis
2081 3399 2226 3453 erat.

275 3480 389 3542 sed
432 3478 740 3540 desiderio
788 3479 1186 3556 indigentium
1238 3478 1448 3541 auxilii
1486 3477 1722 3539 tardius
1764 3484 1982 3538 cuncta
2022 3492 2229 3537 move·
