2550 3959
514 235 762 298 LIBER
790 238 1033 298 XXVII.
1075 240 1239 300 CAP.
1268 249 1357 303 35.
1386 249 1474 305 36.
1515 249 1590 315 [a.
1623 248 1687 303 C.
1711 250 1838 318 207]
2037 245 2162 309 203

186 389 444 450 ercitum
490 395 788 460 sumeret3
833 391 1107 450 relictum
1152 390 1220 465 Ω.
1248 390 1500 452 Fulvius
1543 394 1880 468 proconsul
1919 395 2160 471 accipe-

183 481 312 546 ret,
358 473 543 549 eique
571 473 631 531 in
673 488 897 533 annum
926 474 1244 549 imperium
1287 481 1472 535 esset.
1540 483 1602 537 et
1629 475 1692 536 C.
1721 476 2016 553 Hostili0‚
2063 479 2160 540 cui

184 573 303 633 pro
344 557 587 616 Etruria
628 556 951 618 Tarentum
990 564 1377 620 mutaverant
1415 559 1829 634 provinciam,
1888 575 2002 637 pro
2045 564 2158 624 Ta-

181 646 359 702 rento
387 640 658 716 Capuam
686 646 1091 702 mutaverunt.
1132 642 1295 716 legio
1326 659 1448 703 una
1477 644 1621 703 data
1648 650 1760 719 est,
1795 645 1894 706 cui
1905 645 2158 707 Fulvius

181 726 470 800 proximo
501 740 664 784 anno
696 727 1062 801 praefuerat.

355 808 625 867 XXXVI.
686 809 778 868 De
804 807 1205 868 Hasdrubalis
1246 809 1516 872 adventu
1554 812 1614 871 in
1641 811 1875 873 Italiam
1906 826 2053 873 cura
2093 812 2154 874 in

186 891 324 951 dies
351 891 687 952 crescebat.
730 891 1205 954 Massiliensium
1227 893 1489 970 primum
1518 894 1700 968 legati
1731 895 2158 959 nuntiaverunt

184 990 327 1036 eum
368 977 430 1035 in
462 975 717 1035 Galliam
756 982 1205 1052 transgressum
1220 1022 1237 1051 ,
1283 984 1652 1054 erectosque
1691 979 1963 1040 adventu
2001 980 2153 1056 eius,

183 1059 333 1136 quia
362 1073 649 1134 magnum
679 1061 924 1136 pondus
956 1061 1085 1120 auri
1116 1060 1395 1122 attulisse
1427 1061 1732 1122 diceretur
1759 1062 1841 1122 ad
1869 1065 2154 1124 mercede

182 1143 414 1204 auxilia
443 1143 862 1218 conducenda,
896 1144 1207 1206 Gallorum
1234 1145 1492 1206 animos.
1559 1145 1733 1206 missi
1761 1146 1986 1207 deinde
2015 1163 2152 1209 cum

180 1227 258 1288 iis
299 1227 485 1302 legati
526 1227 605 1287 ab
634 1224 831 1288 Roma
865 1227 1009 1288 Sex.
1038 1229 1341 1290 Antistius
1383 1235 1444 1290 et
1483 1228 1564 1290 M.
1597 1229 1862 1290 Raecius
1903 1231 1984 1291 ad
2023 1245 2151 1292 rem

178 1310 632 1387 inspiciendam
672 1313 1051 1388 rettulerant,
1096 1327 1343 1374 nusisse
1384 1329 1455 1374 se
1497 1328 1635 1373 cum
1661 1311 2150 1374 Massiliensibus

179 1395 477 1468 ducibuS,
538 1395 640 1471 qui
681 1411 795 1471 per
833 1395 1113 1471 hospites
1166 1411 1408 1471 eorum,
1464 1397 1777 1472 principes
1819 1396 2148 1473 Gallorum,

178 1479 388 1539 omnia
419 1478 739 1555 explorata
760 1480 1083 1540 referrentz
1123 1496 1236 1556 pro
1262 1487 1577 1556 comperto
1601 1480 1845 1555 habere,
1874 1481 2148 1543 Hasdru-

176 1563 384 1624 balem
407 1563 635 1638 ingenti
661 1563 780 1622 iam
804 1571 1019 1625 coacto
1050 1565 1324 1625 exercitu
1347 1566 1628 1640 proximo
1653 1580 1800 1624 vere
1812 1565 2006 1640 Alpes
2028 1573 2148 1626 tra-

174 1647 494 1720 iecturum,
537 1662 651 1706 nec
678 1653 804 1706 tum
833 1661 970 1707 eum
1002 1647 1332 1723 quicquam
1361 1648 1527 1707 aliud
1555 1649 1798 1723 morari,
1828 1648 1946 1708 nisi
1977 1650 2147 1725 quod

175 1731 431 1790 clausae
459 1730 658 1790 hieme
686 1732 881 1805 Alpes
911 1737 1139 1790 essent.

349 1813 416 1872 In
449 1816 650 1873 locum
678 1813 759 1873 M.
788 1813 1058 1873 Marcelli
1087 1812 1151 1871 P.
1180 1811 1398 1874 Aelius
1426 1812 1649 1873 Paetus
1677 1827 1873 1888 augur
1901 1819 2142 1878 creatus

200 1905 728 1973 nauguratusquc;
775 1904 835 1957 et
856 1897 960 1957 Cn.
988 1895 1309 1958 Cornelius
1338 1895 1658 1957 Dolabella
1685 1911 1796 1955 rex
1823 1911 2140 1961 sacrorum

181 1983 576 2058 mauguratus
607 1988 706 2042 est
732 1982 792 2041 in
823 1979 1115 2042 locumM.
1133 1978 1363 2054 Marcii,
1408 1980 1512 2056 qui
1540 1979 1791 2041 biennio
1817 1987 1956 2040 ante
1984 1997 2140 2043 mor-

173 2076 315 2128 tuus
347 2072 495 2126 erat.
537 2065 656 2125 hoc
680 2065 901 2125 eodem
930 2079 1091 2125 anno
1115 2070 1176 2124 et
1202 2065 1459 2126 lustrum
1485 2065 1794 2125 conditum
1821 2071 1920 2125 est
1940 2081 1978 2124 a
2000 2081 2143 2125 cen-

172 2149 424 2212 soribus
463 2149 527 2207 P.
571 2148 937 2224 Sempronio
966 2149 1263 2209 Tuditano
1307 2155 1370 2210 et
1407 2146 1487 2208 M.
1532 2148 1813 2209 Cornelio
1855 2148 2142 2224 Cethego.

172 2247 367 2294 censa
396 2232 615 2294 civium
647 2231 849 2308 capita
877 2240 1118 2293 centum
1144 2231 1390 2306 triginta
1419 2240 1655 2306 septem
1696 2232 1861 2291 milia
1902 2241 2142 2292 centum

172 2324 335 2390 octo,
369 2317 567 2377 minor
595 2317 907 2391 aliquanto
939 2331 1225 2376 numerus
1252 2329 1436 2390 quam
1461 2316 1565 2392 qui
1597 2322 1736 2375 ante
1758 2314 1981 2374 bellum
2011 2316 2140 2376 fue-

170 2408 284 2462 rat.
351 2414 426 2460 eo
458 2415 619 2460 anno
655 2400 945 2476 primum,
992 2413 1071 2458 ex
1100 2413 1225 2474 quo
1254 2397 1558 2458 Hannibal
1586 2399 1645 2458 in
1676 2398 1909 2457 ltaliam
1939 2399 2140 2460 venis-

172 2492 286 2560 set,
333 2483 644 2546 comitium
672 2491 898 2544 tectum
932 2497 1075 2544 esse
1102 2483 1438 2542 memoriae
1467 2481 1776 2558 proditum
1804 2489 1916 2554 est,
1959 2487 2020 2540 et
2046 2483 2139 2543 lu-

170 2567 293 2630 dos
330 2568 645 2628 Romanos
688 2568 878 2627 semel
928 2567 1298 2627 instauratos
1347 2565 1430 2625 ab·
1478 2563 1779 2626 aedilibus
1827 2563 2138 2625 curulibus

170 2651 241 2728 Ω.
272 2649 516 2712 Metello
548 2658 610 2712 et
638 2651 701 2712 C.
732 2649 1014 2712 Servilio.
1060 2655 1121 2711 et
1148 2649 1408 2726 plebeiis
1437 2649 1599 2709 ludis
1628 2647 1884 2709 biduum
1911 2647 2134 2708 instau-

169 2743 367 2796 ratum
388 2751 426 2795 a
447 2736 515 2810 Ω.
532 2735 799 2795 Mamilio
831 2740 892 2795 et
918 2733 997 2794 Μ.
1017 2733 1280 2794 Caecilio
1296 2733 1539 2794 Metello
1572 2731 1874 2793 aedilibus
1903 2731 2135 2807 plebis;

172 2825 233 2880 et
260 2820 375 2879 tria
404 2820 581 2895 signa
609 2819 688 2879 ad
720 2818 960 2880 Cereris
1002 2817 1186 2878 iidem
1216 2818 1550 2884 dederunt;
1595 2821 1656 2876 et
1680 2814 1846 2875 Iovis
1890 2816 2134 2889 epulum

169 2903 283 2964 ruit
310 2902 595 2964 ludorum
626 2917 834 2964 causa.

343 2986 737 3049 Consulatum
766 2985 909 3045 inde
938 2985 1145 3045 ineunt
1168 2985 1230 3044 C.
1252 2981 1541 3045 Claudius
1555 2983 1714 3044 Nero
1743 2989 1808 3042 et
1831 2981 1912 3042 M.
1925 2979 2135 3042 Livius

168 3069 407 3132 iterum.
480 3071 584 3147 qui
628 3071 771 3147 quia
813 3069 933 3129 iam
973 3067 1273 3144 designati
1316 3066 1667 3143 provincias
1707 3066 1904 3128 sortiti
1945 3072 2135 3139 erant,

168 3162 491 3231 praetores
515 3153 717 3214 sortiri
746 3154 1075 3214 iusserunt.
1122 3151 1184 3213 C.
1208 3151 1468 3212 Hostilio
1497 3150 1734 3211 urbana
1761 3147 1992 3217 evenit;
2025 3145 2134 3206 ad-

169 3237 300 3298 dita
340 3243 401 3296 et
441 3237 794 3313 peregrina,
845 3243 915 3296 ut
952 3241 1079 3294 tres
1130 3233 1191 3294 in
1236 3235 1586 3310 provincias
1637 3233 1808 3292 exire
1857 3235 2130 3306 possent.

167 3322 245 3380 A.
275 3319 537 3382 Hostilio
566 3319 880 3394 Sardinia,
922 3319 985 3378 C.
1015 3316 1284 3377 Mamilio
1319 3315 1555 3390 Sicilia,
1597 3315 1664 3375 L.
1694 3314 1910 3375 Porcio
1941 3313 2132 3374 Gallia

169 3404 393 3464 evenit.
460 3420 698 3464 summa
739 3403 1044 3480 legionum
1076 3401 1255 3460 trium
1297 3406 1358 3460 et
1383 3399 1595 3474 viginti
1636 3399 1718 3458 ita
1746 3413 1858 3474 per
1884 3397 2105 3473 provin

169 3487 301 3550 cias
332 3487 551 3561 divisa,
594 3495 663 3548 ut
688 3486 871 3546 binae
900 3484 1219 3547 consulum
1249 3489 1476 3558 essent,
1522 3489 1810 3558 quattuor
1833 3479 2131 3556 Hispania
