2550 3959
353 218 479 283 292
673 220 904 281 mesa
924 220 1132 281 xxix.
1180 220 1993 296 CAP.12.13.[a.U.c.5481

353 388 713 451 pacemque,
742 374 799 435 si
827 380 1063 449 posset,
1084 371 1468 435 turbandam.
1504 370 1824 448 Philippus
1848 387 2033 448 agros
2055 373 2318 449 Apollo·

350 459 599 522 niatium
636 458 933 530 vastavit,
979 465 1041 519 et
1066 456 1148 518 ad
1179 456 1396 518 urbem
1423 454 1686 518 admotis
1717 454 1914 532 copiis
1942 463 2320 532 potestatem

350 558 597 619 pugnae
639 544 914 603 Romano
958 541 1131 611 fecit·
1196 556 1379 615 quem
1417 548 1749 617 postquam
1793 542 2060 616 quietum
2101 558 2318 604 muros

350 625 769 688 tantummodo
795 624 953 688 tueri
980 624 1147 699 vidit,
1178 640 1294 685 nec
1323 624 1476 685 satis
1505 624 1706 685 fidens
1727 624 1980 701 viribus,
2011 631 2079 685 ut
2097 626 2318 687 urbem

350 716 769 787 oppugnaret,
808 716 873 771 et
898 725 1043 770 cum
1065 708 1361 770 Romanis
1391 722 1662 784 quoque,
1697 708 1859 771 sicut
1885 724 2026 769 cum
2051 708 2315 784 Aetoli8,

348 794 607 870 cupiens
637 808 871 869 pacem,
904 792 959 854 si
987 799 1236 868 posset,
1267 791 1326 853 si
1352 791 1586 866 minus,
1615 791 1881 853 indutias
1911 793 2135 869 facere,
2164 792 2319 859 nihil

348 879 505 939 ultra
545 877 794 938 irritatis
837 892 1000 939 novo
1038 876 1367 939 certamine
1395 875 1600 937 odiis
1583 893 1647 937 m
1675 891 1931 951 regnum
1960 892 2031 937 sc
2056 878 2316 954 recepit.

352 977 461 1037 per
506 960 669 1022 idem
716 968 962 1038 tempus
1002 962 1207 1024 taedio
1251 960 1468 1021 diutini
1505 960 1652 1021 belli
1691 960 1980 1035 Epirotae
2020 966 2318 1037 temptata

348 1046 519 1119 prius
547 1045 964 1107 Romanorum
994 1047 1306 1107 voluntate
1335 1045 1570 1120 legatos
1601 1044 1680 1105 de
1707 1059 1864 1119 pace
1892 1045 2200 1109 communi
2227 1046 2314 1105 ad

346 1128 692 1205 Philippum
732 1130 985 1203 misere,
1029 1130 1184 1191 satis
1225 1128 1540 1190 confidere
1565 1134 2002 1189 conventuram
2029 1144 2167 1191 eam
2199 1129 2314 1189 ad·

347 1214 677 1289 firmantes,
708 1214 763 1273 si
792 1215 873 1274 ad
902 1212 1273 1289 colloquium
1299 1228 1436 1273 cum
1457 1211 1522 1271 P.
1547 1210 1914 1289 Sempronio
1939 1212 2316 1289 imperatore

347 1298 626 1359 Romano
670 1298 963 1359 venisset.
1038 1297 1217 1359 facile
1272 1296 1660 1372 impetratum
1679 1310 1989 1371 —nequc
2029 1296 2190 1357 enim
2231 1312 2314 1357 ne

348 1381 543 1457 ipsius
586 1380 836 1457 quidem
870 1380 1038 1457 regis
1082 1380 1456 1442 abhorrebat
1493 1380 1730 1441 animus
1758 1414 1830 1425 --
1857 1387 1926 1443 ut
1965 1380 2026 1441 in
2054 1380 2313 1456 Epirum

346 1464 651 1525 transiret.
717 1463 1027 1526 Phoenice
1067 1465 1215 1525 urbs
1258 1471 1355 1525 est
1379 1462 1548 1539 Epiri
1564 1486 1580 1519 a
1623 1464 1707 1525 ibi
1749 1462 1922 1539 prius
1967 1465 2311 1527 collocutus

346 1563 459 1607 rex
487 1563 624 1608 cum
653 1549 905 1624 Aeropo
936 1554 996 1607 et
1022 1548 1318 1611 Darda.et
1341 1547 1624 1623 Philippo
1647 1547 2036 1623 Epirotarum
2063 1554 2310 1624 praeto—

346 1629 536 1706 ribuS,
564 1638 788 1708 postea
814 1647 954 1692 cum
982 1631 1046 1691 P.
1078 1630 1446 1708 Sempronio
1477 1631 1890 1707 congreditur.
1960 1630 2156 1693 admit
2181 1632 2310 1695 col·

347 1715 559 1792 loquio
594 1715 998 1794 Amynander
1036 1715 1443 1778 Athamanum
1491 1731 1606 1777 rex
1654 1723 1718 1775 et
1763 1716 2158 1791 magistratus
2207 1715 2312 1779 alii

344 1799 731 1875 Epirotarum
786 1808 847 1861 et
899 1800 1310 1861 Acarnanum.
1394 1798 1628 1875 primus
1682 1797 2003 1876 Philippus
2061 1805 2314 1876 praetor

345 1883 537 1965 verba
565 1884 709 1945 fecit
736 1892 798 1945 et
825 1883 975 1959 petit
1002 1883 1183 1945 simul
1210 1884 1289 1944 ab
1317 1898 1466 1959 rege
1495 1890 1556 1944 et
1583 1882 1662 1943 ab
1691 1882 2058 1957 imperatore
2083 1884 2306 1946 Roma-

346 1983 447 2042 no,
476 1973 545 2027 ut
571 1967 757 2028 finem
776 1967 921 2028 belli
941 1968 1214 2028 facerent
1235 1967 1576 2042 darentque
1597 1981 1732 2026 eam
1753 1965 2020 2042 Epirotis
2044 1965 2309 2028 veniam.

346 2050 409 2109 P.
443 2048 846 2126 Sempronius
878 2049 1275 2112 condiciones
1308 2050 1482 2125 pacis
1513 2050 1683 2123 dixit,
1725 2056 1793 2111 ut
1818 2047 2088 2110 Parthini
2116 2058 2177 2111 et
2203 2049 2308 2110 Di—

348 2132 598 2194 mallum
648 2139 711 2195 et
744 2134 1101 2209 Bargullum
1140 2139 1201 2195 et
1236 2134 1584 2211 Eugenium
1623 2134 2038 2195 Romanorum
2069 2134 2310 2209 essent,

344 2216 672 2293 Atintania,
700 2216 757 2279 si
784 2216 991 2279 missis
1006 2218 1267 2279 Romam
1293 2216 1512 2295 legatis
1540 2217 1619 2280 ab
1649 2224 1870 2279 senatu
1895 2211 2308 2295 impetrasset,

345 2308 413 2362 ut
438 2301 838 2364 Macedoniae
886 2302 1229 2373 accederet.
1301 2302 1363 2362 in
1406 2318 1515 2363 eas
1558 2300 1956 2363 condiciones
1999 2317 2140 2363 cum
2181 2318 2307 2377 pax

346 2386 731 2461 conveniret,
775 2386 853 2447 ab
891 2401 1043 2462 rege
1080 2386 1318 2449 foederi
1357 2384 1652 2461 adscripti
1691 2384 1941 2447 Prusias
1983 2385 2312 2469 Bithyniae

343 2485 486 2544 rex,
516 2470 749 2532 Achaei
775 2471 1015 2533 Boeotii
1050 2470 1320 2533 Thessali
1342 2468 1696 2531 Acarnanes
1725 2470 2046 2545 Epirotae,
2077 2469 2156 2531 ab
2182 2469 2308 2531 Ro-

344 2552 540 2615 manis
569 2554 826 2615 Ilienses
840 2599 857 2628 ,
886 2555 1127 2615 Attalus
1155 2569 1286 2627 rex,
1315 2553 1651 2629 Pleuratus,
1679 2552 1868 2616 Nabis
1895 2552 2308 2615 Lacedaemo·

344 2638 585 2697 niorum
615 2646 937 2715 tyrannim,
963 2636 1113 2713 Elei,
1142 2637 1457 2712 Messenii,
1485 2636 1918 2699 Athenienses.
1974 2636 2132 2701 haec
2160 2652 2308 2701 con·

344 2720 577 2797 scripta
614 2721 1101 2799 consignataque
1142 2729 1316 2797 sunt,
1361 2729 1422 2783 et
1454 2722 1521 2785 in
1565 2721 1726 2783 duos
1759 2736 2009 2785 menses
2035 2719 2310 2783 indutiae

344 2805 575 2878 factae,
619 2804 823 2867 donec
862 2806 1121 2868 Romam
1160 2806 1541 2867 mitterentur
1581 2805 1795 2881 legati,
1838 2813 1904 2867 ut
1939 2806 2212 2883 populus
2239 2803 2304 2864 in

343 2888 458 2948 has
490 2887 890 2950 condiciones
920 2904 1139 2964 pacem
1164 2889 1420 2953 iuberet.
1491 2890 1930 2965 iusseruntque
1959 2904 2173 2954 omnes
2203 2888 2306 2949 tri-

345 2970 481 3045 buS,
514 2971 659 3046 quia
684 2987 868 3032 verso
899 2972 963 3033 in
983 2972 1255 3035 Atticam
1276 2973 1439 3034 bello
1466 2972 1748 3036 omnibus
1772 2972 1908 3035 aliis
1929 2972 1990 3033 in
2013 2987 2307 3049 praesen·

346 3054 429 3115 tia
468 3054 658 3117 levari
699 3055 988 3116 volebant
1028 3054 1225 3117 belliS.
1287 3056 1353 3116 P.
1389 3056 1788 3133 Sempronius
1831 3071 1990 3131 pace
2031 3058 2193 3119 sacta
2221 3055 2306 3116 ad

348 3139 735 3202 consulatum
760 3140 1017 3202 Romam
1048 3140 1338 3205 decessit.

512 3223 669 3285 xut.
712 3222 777 3283 P.
812 3221 1179 3301 Sempronio
1207 3224 1290 3285 Μ.
1322 3224 1602 3287 Cornelio
1641 3224 2000 3291 consulibus
2019 3252 2106 3265 —
2130 3223 2305 3300 quin·

344 3312 445 3367 tus
472 3305 749 3370 decimus
778 3307 834 3369 is
862 3319 1061 3372 annus
1087 3308 1234 3371 belli
1256 3308 1472 3371 Punici
1500 3315 1632 3370 erat
1651 3342 1738 3353 —-
1757 3306 2132 3383 provinciae,
2161 3306 2305 3370 Cor·

346 3386 509 3449 nelio
538 3389 781 3453 Etruria
810 3408 950 3454 cum
975 3399 1185 3455 vetere
1213 3392 1518 3467 exercitu,
1561 3390 1926 3468 Sempronio
1953 3390 2200 3467 Bruttii,
2243 3397 2307 3451 ut

348 3488 542 3535 novas
572 3475 869 3537 scriberet
888 3476 1184 3552 legiones,
1210 3477 1514 3537 decretae.
1557 3474 1948 3553 praetoribus
1966 3473 2050 3535 M.
2072 3474 2304 3535 Marcio
