2550 3959
562 278 793 339 LIBER
818 278 1031 339 XXVI.
1077 279 1245 339 cAP.
1274 288 1364 343 33.
1392 288 1481 341 34.
1527 286 1600 355 [ιι.
1631 287 1699 339 C.
1731 288 1858 355 210]
2049 281 2177 345 139

206 436 615 506 interrogatus
644 427 1003 491 sententiam
1030 430 1112 491 Μ.
1140 431 1364 493 Atilius
1391 432 1693 509 Regulus,
1738 436 1912 497 cuius
1943 452 2024 498 ex
2051 437 2168 513 his,

204 516 310 593 qui
336 514 419 577 ad
442 514 714 591 Capuam
743 514 998 589 fuerant,
1042 516 1308 576 maxima
1335 518 1666 579 auctoritas
1696 518 1842 595 erat,
1887 521 1990 595 „in
2019 537 2170 583 eon·

204 600 383 662 silio“
422 598 619 675 inquit
657 597 961 673 „arbitror
984 614 1083 659 me
1112 599 1305 659 fuisse
1334 602 1696 665 consulibus
1729 603 1939 679 Capua
1968 614 2169 681 capta,

204 700 343 747 cum
372 689 797 761 quaereretur,
843 682 1023 758 ecqui
1054 681 1501 759 Campanorum
1527 687 1686 747 bene
1714 688 1965 748 meritus
1995 691 2072 749 de
2100 704 2169 749 re

204 766 449 846 publica
479 774 692 827 nostra
718 773 902 827 esset.
974 768 1131 827 duas
1160 768 1447 829 mulieres
1477 780 1854 846 compertum
1888 778 2000 846 est,
2043 774 2166 833 Ve-

204 852 381 913 stiam
413 849 675 927 Oppiam
701 850 1044 911 Atellanam
1073 850 1321 927 Capuae
1347 852 1719 914 habitantem
1750 864 1811 915 et
1835 854 2165 917 Fauculam

205 936 497 1010 Cluviam,
528 950 689 1011 quae
718 933 1031 1011 quondam
1061 944 1384 1012 quaestum
1415 951 1676 1013 corpore
1706 940 1972 1015 fecisset,
2004 940 2167 1002 illam

205 1018 477 1096 quotidie
506 1018 898 1079 sacrificasse
919 1033 1033 1094 pro
1064 1019 1263 1079 salute
1292 1026 1352 1079 et
1378 1020 1636 1080 victoria
1655 1023 1870 1098 populi
1885 1024 2166 1101 Romani,

203 1105 361 1165 hanc
392 1102 654 1179 captivis
696 1102 1015 1178 egentibus
1055 1103 1342 1163 alimenta
1369 1106 1527 1165 clam
1556 1106 2024 1182 suppeditasse=
2066 1124 2166 1169 ee-

200 1198 467 1249 terorum
506 1186 774 1247 omnium
804 1186 1249 1264 Campanorum
1264 1188 1540 1248 eundem
1569 1204 1716 1265 erga
1743 1206 1859 1251 nos
1901 1192 2166 1253 animum

203 1288 391 1349 quem
430 1269 1017 1347 Carthaginiensium
1068 1271 1298 1343 suisse3
1363 1273 1690 1349 securique
1741 1289 2078 1349 percussos
2129 1293 2167 1337 a

199 1357 268 1433 Q.
298 1355 515 1417 Fulvio
557 1370 701 1415 esse
739 1354 936 1430 magis
980 1369 1237 1432 quorum
1280 1355 1548 1433 dignitas
1586 1358 1745 1418 inter
1781 1358 1938 1420 alios
1979 1376 2165 1434 quam

202 1456 467 1517 quorum
506 1440 689 1515 culpa
729 1438 1048 1499 eminebat.
1113 1452 1229 1515 per
1255 1447 1536 1503 senatum
1576 1442 1674 1517 agi
1711 1442 1790 1502 de
1820 1442 2164 1520 Campanis,

200 1524 305 1602 qui
336 1520 505 1584 cives
532 1522 794 1586 Romani
834 1532 1005 1595 sunt,
1050 1524 1292 1585 inlussu
1320 1524 1536 1601 populi
1564 1542 1688 1585 non
1717 1526 1902 1588 video
1932 1542 2164 1603 posse;

199 1609 394 1684 idque
410 1616 483 1669 et
520 1607 687 1684 apud
715 1607 980 1669 maiores
1012 1616 1257 1669 nostros
1288 1608 1350 1668 in
1383 1608 1716 1670 Satricanis
1745 1611 1971 1672 factum
1998 1628 2161 1686 esse,

199 1708 354 1754 cum·
371 1690 761 1766 defecissent,
798 1697 865 1752 ut
889 1690 970 1752 M.
996 1690 1298 1752 Antistius
1328 1693 1605 1754 tribunus
1635 1693 1834 1768 plebis
1865 1695 2035 1769 prius
2064 1711 2161 1754 ro·

197 1776 506 1853 gationem
534 1776 747 1848 ferret,
787 1775 1203 1852 scisceretque
1231 1776 1442 1852 plebS,
1485 1777 1573 1837 uti
1602 1776 1838 1837 senatui
1867 1778 1947 1837 de
1975 1777 2162 1839 Satri—

199 1861 374 1921 canis
415 1858 752 1921 sententiae
793 1860 1093 1920 dicendae
1135 1859 1229 1919 ius
1274 1866 1459 1920 esset.
1524 1860 1732 1936 itaque
1764 1875 1990 1921 censeo
2023 1879 2160 1923 cum

198 1943 457 2005 tribunis
496 1941 697 2021 plebis
738 1944 1045 2019 agendum
1085 1958 1258 2016 esse,
1315 1951 1384 2004 ut
1423 1958 1631 2004 eorum
1671 1961 1831 2005 unus
1873 1946 2163 2021 pluresve

198 2028 581 2104 rogationem
604 2029 802 2087 ferant
822 2028 901 2089 ad
925 2026 1185 2103 plebem,
1217 2044 1342 2103 qua
1367 2027 1545 2089 nobis
1568 2029 1872 2091 statuendi
1895 2031 1974 2098 de
1990 2030 2161 2090 Cain-

196 2112 381 2190 panis
420 2112 517 2174 ius
558 2112 724 2172 fiat“.
786 2111 852 2171 L.
884 2111 1105 2174 Atilius
1134 2112 1412 2174 tribunus
1443 2112 1642 2189 plebis
1685 2129 1763 2174 ex
1803 2114 2164 2176 auctoritate

197 2204 451 2259 senatus
480 2194 814 2272 plebem'in
842 2195 997 2257 haee
1024 2196 1218 2257 verba
1256 2198 1527 2273 rog-avite
1579 2214 1834 2273 „omnes
1869 2198 2161 2275 Campani

195 2280 461 2343 Atellani
492 2278 743 2340 Calatini
773 2278 1075 2355 Sabatini,
1123 2281 1229 2357 qui
1258 2298 1329 2341 se
1358 2281 1723 2342 dediderunt
1749 2282 1808 2341 in
1853 2281 2163 2343 arbitrium

196 2364 631 2441 dicionemque
661 2363 872 2441 populi
901 2364 1159 2425 Rotnani
1187 2364 1402 2426 Fulvio
1444 2365 1829 2441 proconsuli,
1877 2382 2162 2443 quosque

197 2465 323 2511 una
360 2465 570 2511 secum
614 2448 937 2523 dedidere,
983 2463 1266 2525 quaeque
1298 2448 1623 2525 dedidere,
1667 2466 1879 2524 agrum
1920 2450 2162 2510 urbem-

197 2552 343 2612 que,
375 2531 583 2595 divina
612 2534 1018 2608 humanaque,
1046 2531 1470 2606 utensiliaque,
1519 2531 1654 2593 sive
1683 2532 1833 2607 quid
1859 2532 2028 2592 aliud
2055 2534 2164 2593 de-

195 2618 503 2692 diderunt,
529 2618 609 2678 de
632 2617 707 2677 iis
730 2616 914 2686 rebus
932 2616 1081 2692 quid
1103 2616 1236 2677 fieri
1259 2616 1477 2692 velitiS,
1500 2632 1618 2677 vos
1641 2632 1813 2692 rogo,
1840 2615 2163 2691 Quirites.“

195 2703 401 2781 plebis
442 2702 536 2763 sic
588 2700 769 2763 iussit
818 2700 1040 2777 „quod
1080 2709 1332 2762 senatus
1374 2700 1631 2774 iuratus,
1690 2700 1956 2760 maxima
1998 2716 2162 2775 pars,

194 2794 452 2849 censeat
481 2785 587 2863 qui
615 2785 836 2859 adsint,
868 2784 931 2861 id
958 2786 1241 2846 volumus
1272 2784 1741 2860 iubemusque“.
1784 2782 2054 2861 XXXIV.
2085 2800 2165 2843 ex

192 2873 319 2933 hoc
342 2868 547 2947 plebel
577 2870 733 2931 scito
764 2871 1356 2931 senatusconsultus
1382 2867 1618 2945 Oppiae
1641 2867 2010 2943 Cluviaeque
2041 2867 2162 2943 pri-

191 2971 363 3015 mum
392 2954 555 3015 bona
582 2969 656 3013 ac
685 2954 1021 3014 libertatem
1048 2954 1341 3015 restituit:
1371 2954 1425 3015 si
1457 2969 1580 3029 qua
1607 2952 1728 3013 alia
1755 2952 2028 3028 praemia
2056 2968 2162 3029 pe·

190 3047 329 3101 tere
362 3038 438 3099 ab
469 3033 689 3099 senatu
715 3036 969 3111 vellent,
1011 3037 1219 3097 venire
1250 3053 1359 3100 eas
1385 3036 1663 3098 Romam.
1745 3036 2072 3113 Campanis
2102 3036 2162 3097 in

194 3122 461 3183 familias
494 3121 767 3196 singulas
798 3121 1047 3182 decreta
1076 3122 1253 3194 facta,
1300 3136 1460 3197 quae
1488 3137 1612 3181 non
1633 3135 1875 3196 operae
1902 3119 2164 3196 pretium

190 3214 295 3269 est
319 3204 524 3267 omnia
544 3220 921 3265 enumerare.
951 3205 1208 3265 aliorum
1224 3206 1393 3265 bona
1408 3202 1795 3280 publicanda,
1815 3203 1990 3279 ipsos
2013 3202 2162 3263 libe-

189 3304 429 3367 rosque
470 3304 683 3350 eorum
725 3295 785 3349 et
824 3288 1117 3364 coniuges
1160 3288 1523 3350 vendendas
1565 3294 1738 3348 extra
1763 3286 1954 3361 filias,
2003 3302 2164 3364 quae

190 3374 615 3449 enupsissent,
658 3372 1017 3449 priusquam
1046 3370 1106 3431 in
1140 3372 1351 3448 populi
1373 3371 1632 3433 Romani
1665 3376 2029 3447 potestatem
2057 3388 2163 3431 ve-

191 3459 429 3527 nirent;
472 3457 628 3518 alios
673 3456 731 3517 in
774 3455 1016 3519 vincula
1057 3455 1449 3531 condendos,
1506 3470 1579 3515 ac
1621 3455 1700 3515 de
1741 3455 1816 3517 iis
1855 3455 2162 3531 posterius

192 3540 677 3611 consulendum
720 3540 979 3602 aliorum
1006 3540 1454 3616 Campanorum
1484 3554 1782 3600 summam
1812 3540 1990 3599 etiam
2022 3554 2163 3601 oen·
