2550 3959
382 215 505 282 ΓΕ
672 214 907 277 LIBER
930 214 1144 275 XXVI.
1190 212 1356 275 CAP.
1385 222 1472 275 21.
1502 222 1592 285 22.
1635 220 1712 289 [ι.
1733 218 1804 275 U.
1833 235 1883 275 c.
1903 222 2029 286 541]

384 370 565 433 urbes
595 369 947 449 Syracusae
975 376 1225 429 ornatae
1252 368 1510 429 fuerant.
1571 367 1838 429 Punicae
1867 383 2118 443 quoque
2146 368 2338 430 victo-

383 455 511 515 riae
538 454 778 529 signum
822 459 961 515 octo
992 452 1156 513 ducti
1197 452 1524 527 elephanti.
1588 458 1649 511 et
1675 466 1796 513 non
1827 450 2138 511 minimum
2166 451 2338 513 ruere

382 540 797 614 spectaculum
837 554 977 598 cum
1006 536 1253 601 coronis
1293 535 1498 595 aureis
1533 534 1980 611 „praecedentes
2009 534 2189 595 Sosis
2221 535 2336 612 Sy-

382 638 721 685 racusanus
772 629 833 681 et
878 620 1189 683 Moericus
1226 619 1538 695 Hispanus
1555 666 1572 692 ,
1627 634 1886 695 quorum
1935 619 2130 679 altero
2179 620 2337 681 duce

382 713 680 768 nocturno
712 704 1057 781 Syracusas
1085 703 1392 765 introitum
1419 710 1568 778 erat,
1609 704 1761 763 alter
1786 702 2016 763 Nasum
2045 703 2340 778 quodque

380 790 464 851 ibi
493 790 787 867 praesidii
818 796 947 849 erat
972 787 1348 863 prodiderat.
1401 786 1500 849 his
1527 786 1825 847 ambobus
1857 787 2072 847 civitas
2104 786 2250 847 data
2277 796 2339 847 et

382 874 690 950 quingena
717 873 929 948 iugera
952 872 1100 947 agri,
1134 869 1341 933 Sosidi
1370 871 1432 930 in
1461 885 1612 945 agro
1641 868 2055 947 Syracusano,
2100 872 2203 947 qui
2237 879 2340 933 aut

380 958 587 1033 regius
616 964 721 1017 aut
747 956 1013 1018 hostium
1042 956 1256 1033 populi
1279 955 1538 1017 Romani
1567 954 1802 1027 fuisset,
1847 963 1909 1014 et
1935 954 2124 1017 aedes
2149 954 2337 1032 Syra·

382 1043 550 1103 cusis
573 1041 748 1103 cuius
770 1041 955 1101 vellet
977 1056 1205 1113 eorum,
1238 1040 1300 1100 in
1331 1055 1487 1115 quos
1516 1038 1658 1099 belli
1685 1032 1816 1100 iure
1843 1037 2338 1101 animadversum

382 1133 580 1197 esset;
607 1125 879 1189 Moerico
904 1125 1339 1201 Hispanisque,
1372 1122 1476 1199 qui
1504 1139 1640 1183 cum
1667 1138 1746 1183 eo
1773 1122 2154 1197 transierant,
2187 1122 2337 1185 urbs

381 1226 651 1287 agerque
690 1211 752 1270 in
783 1208 990 1270 Sicilia
1031 1226 1109 1270 ex
1138 1208 1245 1283 iiS,
1289 1208 1399 1283 qui
1423 1224 1462 1268 a
1487 1208 1720 1283 populo
1749 1207 2027 1267 Romano
2075 1205 2337 1267 defecis-

382 1301 535 1369 sent,
577 1294 750 1357 iussa
776 1294 929 1354 dari.
997 1294 1058 1353 id
1086 1293 1168 1353 M.
1200 1292 1481 1353 Cornelio
1513 1291 1862 1351 mandatum
1891 1298 1985 1367 ut,
2031 1290 2134 1350 ubi
2161 1290 2219 1351 ei
2245 1308 2326 1350 vi-

382 1380 643 1455 deretur,
670 1377 883 1439 urbem
914 1392 1251 1452 agrumque
1279 1376 1370 1435 eis
1403 1375 1773 1451 adsignaret.
1843 1376 1906 1434 in
1935 1375 2156 1435 eodem
2183 1391 2338 1451 agro

380 1463 693 1538 Belligeni,
723 1478 837 1538 per
858 1476 1041 1536 quem
1060 1460 1298 1520 illectus
1317 1459 1401 1519 ad
1422 1458 1840 1520 transitionem
1851 1458 2157 1519 Moericus
2186 1469 2338 1535 emt,

386 1546 829 1620 quadringenta
868 1545 1081 1620 iugera
1120 1544 1247 1619 agri
1279 1543 1545 1604 decreta.
1612 1543 1758 1605 Post
1786 1544 2227 1619 profectionem
2255 1560 2336 1605 ex

384 1628 595 1691 Sicilia
634 1628 906 1689 Marcelli
950 1628 1181 1689 Punica
1229 1628 1449 1689 classis
1501 1635 1640 1689 octo
1690 1627 1854 1687 milia
1902 1624 2176 1703 peditum
2221 1628 2339 1688 tria

382 1712 775 1775 Numidarum
818 1712 1088 1788 equitum
1132 1712 1438 1789 exposuit.
1515 1712 1598 1771 ad
1637 1726 1748 1771 eos
1776 1710 2118 1787 Murgantia
2157 1720 2220 1771 et
2257 1712 2289 1749 *
2305 1714 2337 1749 *

383 1797 687 1859 defecere.
750 1806 1001 1859 secutae
1043 1795 1450 1856 defectionem
1489 1811 1696 1857 earum
1733 1795 1940 1873 Hybla
1979 1803 2042 1856 et
2077 1794 2340 1855 Macella

382 1890 527 1943 sunt
562 1879 1085 1955 ignobilioresque
1126 1880 1428 1956 quaedam
1470 1880 1644 1939 aliae.
1723 1886 1786 1941 et
1821 1878 2119 1939 Numidae
2153 1894 2336 1954 prae-

382 1966 541 2025 fecto
562 1964 815 2025 Muttine
844 1965 983 2038 vagi
1011 1979 1124 2039 per
1142 1971 1332 2023 totam
1351 1962 1618 2025 Siciliam
1641 1962 1949 2024 sociorum
1975 1962 2190 2039 populi
2211 1962 2337 2023 Ro·

382 2047 545 2115 mani
572 2064 757 2122 agros
784 2046 1101 2123 urgebant.
1142 2063 1332 2123 super
1356 2047 1510 2107 haec
1539 2046 1842 2108 exercitus
1869 2046 2186 2107 Romanus
2217 2045 2338 2107 ira-

382 2138 509 2205 tuS‚
551 2130 769 2207 partim
811 2130 980 2207 quod
1007 2145 1147 2191 cum
1187 2132 1554 2207 imperatore
1593 2146 1718 2191 non
1759 2130 2057 2191 devectus
2083 2146 2166 2189 ex
2189 2145 2339 2206 pro-

380 2214 585 2277 vincia
600 2221 785 2291 esset,
816 2214 1033 2291 partim
1058 2214 1227 2289 quod
1250 2214 1312 2275 in
1335 2215 1592 2291 oppidis
1605 2214 1929 2275 hibernare
1950 2214 2116 2275 vetiti
2146 2222 2338 2289 erant,

382 2300 557 2374 segni
586 2298 989 2374 fungebantur
1008 2298 1237 2375 militia,
1262 2298 1586 2376 magisque
1615 2299 1706 2360 eis
1736 2305 1949 2359 auctor
1975 2298 2058 2358 ad
2087 2298 2338 2361 seditio·

382 2398 523 2443 nem
551 2398 735 2459 quam
774 2382 1013 2447 animus
1044 2381 1272 2444 deerat.
1337 2384 1490 2445 inter
1515 2384 1630 2443 has
1659 2382 2048 2443 difficultates
2075 2380 2158 2443 M.
2191 2382 2338 2443 Cor-

380 2466 582 2529 nelius
618 2473 867 2543 praetor
893 2474 955 2528 et
981 2466 1232 2527 militum
1272 2467 1512 2528 animos
1554 2483 1718 2528 nunc
1748 2466 2132 2528 consolando
2173 2482 2340 2527 nune

381 2552 739 2628 castigando
768 2552 1035 2628 sedavit,
1076 2559 1137 2611 et
1164 2550 1440 2613 civitates
1469 2567 1682 2611 omnes
1713 2565 1872 2626 quae
1893 2550 2249 2612 defecerant
2275 2550 2340 2611 in

382 2634 684 2697 dicionem
710 2634 975 2710 redegit;
1020 2642 1202 2709 atque
1231 2650 1311 2695 ex
1337 2636 1414 2695 iis
1437 2634 1837 2710 Murgantiam
1862 2634 2174 2711 Hispania,
2205 2634 2340 2711 qui-

378 2718 497 2779 bus
520 2718 668 2781 urbs
692 2734 962 2795 agerque
986 2717 1324 2779 debebatur
1345 2735 1424 2779 ex
1445 2726 1697 2779 senatus
1720 2718 2018 2794 consulto,
2049 2718 2340 2779 attribuit.

544 2802 728 2864 XXII.
784 2802 1083 2863 Consules
1112 2816 1250 2863 cum
1291 2800 1471 2863 ambo
1499 2802 1786 2878 Apuliam
1825 2801 2202 2877 provinciam
2229 2802 2338 2863 ha-

380 2886 611 2961 berent,
638 2885 965 2962 minusque
994 2886 1113 2946 iam
1134 2886 1386 2947 terroris
1415 2885 1686 2947 aPoenis
1711 2895 1772 2947 et
1782 2884 2122 2947 Hannibale
2149 2894 2340 2961 esset,

378 2967 583 3031 sortiri
620 2968 774 3029 iussi
812 2969 1099 3044 Apuliam
1138 2969 1686 3044 Macedoniamque
1725 2969 2124 3045 provinciam.
2201 2970 2340 3030 Sul-

378 3052 543 3130 picio
570 3051 937 3113 Macedonia
964 3053 1185 3127 evenit,
1213 3052 1394 3129 isque
1419 3053 1690 3113 Laevino
1720 3054 2040 3116 successit.
2081 3052 2339 3115 Fulvius

375 3138 636 3199 Romam
664 3136 1041 3198 comitiorum
1072 3153 1261 3198 causa
1302 3138 1638 3200 arcessitus
1669 3152 1806 3197 cum
1835 3136 2078 3197 comitia
2109 3151 2340 3199 consu-

378 3221 537 3282 libus
577 3220 871 3295 rogandis
911 3220 1194 3297 liaberet,
1254 3220 1682 3298 praerogativa
1723 3219 1977 3289 Veturia
2029 3220 2338 3285 iuniorum

376 3303 442 3364 T.
470 3304 759 3365 Manlium
787 3305 1160 3380 Torquatum
1202 3313 1263 3365 et
1287 3306 1354 3363 T.
1386 3303 1704 3367 Otacilium
1741 3306 2034 3367 absentem
2064 3309 2342 3367 consules

378 3389 551 3449 dixit.
614 3406 749 3450 cum
793 3390 881 3451 ad
916 3389 1232 3465 Manlium,
1292 3388 1396 3465 qui
1439 3404 1735 3466 praesens
1775 3396 1934 3461 erat,
1989 3387 2340 3465 gratulandi

377 3486 571 3533 causa
604 3471 783 3533 turba
822 3472 1041 3549 coiret,
1084 3488 1201 3534 nec
1242 3470 1465 3534 dubius
1507 3478 1676 3533 esset
1715 3487 2058 3535 cousensus
2099 3473 2346 3550 populi.
