2550 3959
528 188 760 248 LIBER
787 189 1027 248 XXVll.
1077 189 1482 254 CAP.19.20.
1531 197 1603 263 [a.
1636 197 1852 264 c.209]
2049 191 2170 256 185

200 341 309 414 sit,
354 341 547 400 Afros
593 340 865 400 vendere
907 345 1298 416 quaestorem
1345 339 1541 399 iussit.
1621 340 1988 401 circumfusa
2029 342 2171 404 inde

199 423 521 485 multitudo
552 423 965 500 Hispanorum
995 431 1054 483 ct
1094 430 1235 484 ante
1266 423 1611 484 deditorum
1641 431 1700 486 et
1731 424 1929 500 pridie
1960 433 2169 501 capto-

200 527 333 568 rum
367 523 577 583 regem
606 525 746 568 eum
776 507 1004 582 ingenti
1036 523 1350 568 consensu
1379 509 1729 584 appellavit.
1802 516 1930 570 turn
1961 507 2168 584 Scipio

199 593 442 657 silentio
474 608 587 668 per
614 607 981 667 praeconem
1014 593 1173 651 sacto
1206 591 1324 651 sibi
1367 592 1697 652 maximum
1728 608 1950 654 nomen
1979 593 2170 668 impe·

198 677 422 738 ratoris
454 691 599 736 esse
630 675 797 747 dixit,
832 691 952 751 quo
984 691 1054 736 sc
1084 675 1304 736 milites
1337 675 1431 735 sui
1461 677 1908 752 appellassent=
1938 677 2171 752 regium

199 777 443 832 nomen,
484 759 628 820 alibi
656 776 960 836 magnum,
1000 760 1233 821 Romae
1262 760 1643 822 intolerabile
1673 777 1834 822 esse.
1902 761 2172 836 regalem

201 843 471 906 animum
498 843 560 903 in
591 859 662 904 se
691 859 865 913 esse;
898 843 952 903 si
982 843 1045 902 id
1074 843 1135 902 in
1157 843 1424 904 hominis
1454 845 1698 919 ingenio
1729 844 2170 922 amplissimum

204 931 519 1002 ducerent,
553 928 733 988 tacite
754 928 1111 1002 iudicarent,
1142 928 1319 988 vocis
1349 929 1748 1004 usurpatione
1777 928 2172 990 abstinerent.

198 1029 457 1075 sensere
480 1013 661 1073 etiam
684 1012 927 1072 barbari
948 1011 1423 1086 magnitudinem
1448 1011 1648 1084 animi,
1683 1014 1855 1073 cuius
1879 1013 2171 1074 miraculo

201 1096 467 1161 nominis
494 1095 596 1156 alii
624 1097 912 1158 mortales
942 1103 1276 1172 stuperent,
1322 1097 1385 1156 id
1415 1112 1492 1156 ex
1521 1103 1640 1157 tam
1673 1112 1894 1172 magno
1928 1097 2169 1172 fastigio

200 1181 612 1258 asper-nanus.
646 1179 811 1241 dona
830 1181 973 1240 inde
994 1180 1221 1254 regulis
1245 1180 1748 1256 principibusque
1761 1181 2170 1256 Hispanorum

200 1265 435 1339 divisa,
479 1272 541 1326 et
580 1281 669 1324 ex·
686 1280 909 1340 magna
936 1265 1117 1340 copia
1146 1271 1462 1339 captorum
1505 1279 1798 1340 equorum
1845 1271 2167 1338 trecentOS,

202 1365 363 1425 quos
396 1349 593 1424 vellet,
625 1349 852 1424 eligere
880 1347 1217 1408 Indebilem
1245 1347 1444 1410 iussit.
1491 1364 1628 1408 cum
1657 1349 1846 1412 Afros
1879 1349 2170 1408 venderet

200 1433 379 1495 iussu
434 1431 819 1508 imperatoris
865 1438 1183 1508 quaestor,
1238 1449 1497 1508 puerum
1543 1432 1816 1494 adultum
1863 1433 2020 1492 inter
2063 1447 2172 1494 eos

202 1509 401 1578 fofma
429 1516 651 1593 insigni
683 1533 822 1580 cum
852 1517 1130 1578 audisset
1154 1517 1306 1592 regii
1337 1517 1581 1592 generis
1612 1533 1774 1588 esse,
1821 1518 1903 1577 ad
1933 1515 2171 1592 Scipio-

202 1618 345 1664 nem
368 1599 551 1662 misit.
596 1617 778 1677 qucm
806 1616 943 1660 cum
964 1608 1462 1676 percunctaretur
1485 1599 1715 1676 Scipio,
1747 1601 1885 1676 quis
1915 1607 1976 1660 et
2005 1599 2172 1660 cuias

202 1693 265 1744 et
295 1701 407 1744 cur
432 1685 497 1742 id
526 1685 741 1743 aetatis
771 1684 832 1742 in
856 1685 1081 1744 castris
1098 1684 1336 1756 fuisset,
1367 1685 1687 1744 Numidam
1713 1699 1856 1743 esse
1880 1685 1980 1758 ait,
2012 1684 2174 1743 Mas-

205 1767 406 1828 sivam
448 1768 782 1842 populares
829 1782 1072 1826 vocare.
1141 1766 1359 1826 orbum
1389 1784 1426 1826 a
1453 1775 1626 1842 patre
1653 1767 1962 1840 relictum,
2010 1767 2176 1843 apud

203 1858 541 1912 maternum
571 1849 997 1922 avum'Galam,
1030 1866 1235 1926 regem
1250 1851 1666 1924 Numidarum,
1698 1851 2005 1925 eductum,
2037 1867 2175 1911 cum

203 1934 510 1996 avunculo
524 1933 875 2008 Masinissa,
908 1935 1012 2010 qui
1040 1951 1239 2010 nuper
1267 1951 1407 1996 cum
1436 1936 1706 2012 equitatu
1737 1933 2016 1996 subsidio
2034 1935 2178 1995 Car-

202 2017 689 2094 thaginiensibus
720 2017 1009 2092 venisset,
1045 2019 1105 2079 in
1136 2019 1496 2094 Hispaniam
1525 2020 1857 2082 traiecisse.
1903 2019 2174 2096 prohibi-

204 2112 331 2166 tum
358 2109 612 2179 propter
639 2108 899 2164 aetatem
928 2119 965 2162 a
985 2102 1320 2163 Masinissa
1349 2120 1679 2180 numquam
1708 2111 1849 2166 ante
1876 2105 2178 2180 proelium

204 2187 429 2249 inisse=
476 2201 548 2246 eo
581 2187 703 2262 die,
733 2203 855 2262 quo
886 2193 1220 2262 pugnatum
1251 2203 1390 2248 cum
1423 2188 1714 2250 Romam
1753 2196 1939 2263 esset,
1980 2189 2178 2250 inscio

202 2270 541 2345 avuncu10,
588 2272 743 2330 clam
786 2270 970 2331 armis
1012 2287 1305 2347 equoque
1335 2278 1580 2347 sumpto
1610 2271 1672 2334 in
1709 2273 1904 2332 aciem
1946 2273 2176 2334 exisse.

202 2354 290 2416 ibi
322 2355 617 2430 prolapso
649 2369 808 2430 equo
855 2355 1119 2416 effusum
1145 2355 1207 2414 in
1237 2371 1544 2432 praeceps
1575 2362 1818 2432 captum
1849 2356 1926 2415 ab
1955 2357 2177 2418 Roma-

203 2439 303 2500 nis
333 2453 494 2498 esse.
561 2437 769 2514 Scipio
802 2439 940 2500 cum
972 2439 1288 2499 adservari
1316 2439 1638 2500 Numidam
1668 2440 1976 2514 iussisset,
2017 2457 2180 2514 quae

202 2538 321 2599 pro
354 2521 633 2582 tribunali
664 2522 905 2598 agenda
935 2530 1123 2597 erant,
1154 2524 1419 2598 peragit3
1462 2523 1606 2583 inde
1638 2539 1778 2584 cum
1806 2539 1877 2584 se
1907 2523 1968 2582 in
1999 2539 2176 2598 prae—

206 2605 429 2667 torium
470 2607 838 2682 recepisset,
885 2614 1173 2669 vocatum
1216 2623 1354 2668 eum
1398 2607 1759 2682 interrogat,
1805 2608 2068 2668 velletne
2097 2607 2178 2668 ad

204 2689 597 2752 Masinissam
636 2691 873 2751 reverti.
945 2709 1083 2751 cum
1128 2689 1345 2752 effusis
1376 2692 1604 2767 gaudio
1646 2691 1912 2752 lacrimis
1953 2706 2180 2768 cupere

208 2789 358 2834 vero
403 2774 661 2848 diceret,
714 2782 845 2835 tum
891 2791 1085 2850 puero
1131 2777 1378 2836 anulum
1421 2792 1702 2850 aureum,
1751 2774 2015 2836 tunicam
2056 2775 2178 2836 lato

207 2860 387 2920 clavo
432 2873 569 2918 cum
597 2857 874 2935 Hispano
920 2860 1138 2934 sagulo
1170 2867 1230 2920 et
1260 2877 1446 2921 aurea
1475 2859 1662 2921 fibula
1704 2876 2053 2936 equumque
2085 2875 2180 2920 or-

205 2948 415 3004 natum
444 2943 651 3016 donat,
683 2942 996 3022 iussisque
1023 2945 1340 3020 prosequi,
1386 2945 1595 3020 quoad
1628 2948 1827 3021 vellet,
1871 2943 2179 3016 equitibus

206 3027 458 3088 dimisit.
660 3075 667 3084 .

376 3109 505 3172 XX.
567 3111 659 3170 De
686 3110 849 3171 bello
879 3111 1025 3171 inde
1053 3112 1374 3172 consilium
1403 3113 1690 3174 habitum.
1739 3121 1797 3174 et
1827 3111 2180 3172 auctoribus

206 3194 597 3270 quibusdam,
632 3202 695 3255 ut
724 3195 1047 3256 confestim
1060 3195 1508 3256 Hasdrubalem
1542 3202 2041 3272 consequeretur,
2073 3212 2180 3254 an-

206 3294 361 3355 ceps
390 3279 455 3340 id
476 3287 671 3352 ratuS,
703 3295 781 3338 ne
795 3280 975 3355 Mago
1008 3287 1193 3354 atque
1205 3280 1557 3342 Hasdrubal
1589 3295 1724 3339 cum
1755 3295 1829 3339 eo
1860 3279 2180 3353 iungerent

206 3363 445 3440 copiaS,
476 3362 787 3438 praesidio
811 3370 1041 3426 tanturn
1068 3365 1150 3423 ad
1175 3363 1568 3424 insidendum
1581 3364 1963 3442 Pyrenaeum
1986 3362 2179 3422 misso

200 3445 347 3522 ipse
367 3445 671 3521 reliquum
702 3448 951 3508 aestatis
978 3447 1352 3523 recipiendis
1395 3447 1456 3506 in
1487 3447 1672 3506 fidem
1701 3446 2037 3523 Hispaniae
2069 3461 2175 3522 po-
