2550 3959
350 223 473 289 262
627 225 857 286 121ssssss
885 223 1151 286 xxvffl.
1198 223 1476 287 cimae.
1500 229 1589 286 37.
1634 225 1803 312 [ab.
1829 221 2030 300 aas]

349 387 584 458 partem
613 394 747 439 eam
777 379 951 454 muri,
986 394 1109 454 qua
1138 384 1318 453 capta
1340 378 1640 453 Carthago
1671 378 1748 439 ab
1767 378 2060 440 Romanis
2091 379 2314 456 fuerat,

349 464 544 539 ducit,
586 478 701 523 nec
742 462 1053 538 praesidio
1100 462 1249 523 satis
1293 462 1500 524 valido
1541 462 1754 524 urbem
1785 463 1976 523 teneri
2003 469 2205 538 ratus»,
2249 469 2314 524 et

349 548 588 624 aliquos
634 546 1085 622 oppidanorum
1124 546 1203 607 ad
1246 562 1422 622 spem
1468 547 1740 608 novandi
1781 563 1884 608 res
1915 546 2150 623 aliquid
2176 563 2312 608 mo·

346 639 537 696 turos.
584 637 850 692 ceterum
878 630 1070 691 nuntii
1100 645 1179 692 ex
1207 631 1371 706 agris
1399 630 1620 706 trepidi
1649 630 1828 692 simul
1851 631 2314 708 populationem

348 716 799 792 agrestiumque
839 715 1046 789 fugam
1088 721 1149 775 ct
1187 713 1457 776 hostium
1497 715 1830 776 adventum
1856 716 2208 791 attulerant,
2252 723 2316 776 et

348 800 485 860 visa
513 799 773 860 interdiu
804 799 1027 859 classis
1056 805 1202 874 erat,
1234 814 1350 859 nec
1379 799 1516 860 sine
1543 815 1735 860 causa
1763 800 2020 862 electam
2046 805 2188 859 ante
2209 816 2313 858 ur-

346 887 487 945 bem
516 882 841 945 stationem
868 883 1223 959 apparebat.
1260 885 1470 959 itaque
1489 883 1771 944 instructi
1793 884 2132 960 armatique
2151 882 2314 943 intra

348 974 587 1044 portam
628 966 709 1027 ad
748 971 1030 1042 stagnum
1072 982 1145 1030 ac
1172 983 1344 1026 mare
1380 983 1626 1028 versam
1656 967 2140 1029 continebantur.
2205 966 2312 1027 ubi

350 1051 531 1112 effusi
562 1051 773 1112 hostes
790 1097 806 1126 ,
838 1052 1029 1111 mixta
1054 1052 1211 1111 inter
1238 1051 1458 1114 milites
1487 1053 1722 1112 navalis
1750 1052 1958 1127 turba,
1989 1051 2071 1112 ad
2097 1067 2310 1112 muros

348 1137 606 1197 tumultu
658 1135 891 1196 maiore
947 1150 1132 1211 quam
1176 1135 1239 1194 vi
1289 1135 1635 1212 subierunt,
1691 1137 1999 1212 patefacta
2053 1141 2312 1211 repente

348 1226 526 1296 porta
548 1219 808 1280 Romani
837 1235 977 1280 cum
1005 1220 1271 1280 clamore
1295 1227 1640 1296 erumpunt,
1670 1220 2074 1296 turbatosque
2095 1218 2311 1280 hostes

350 1311 411 1364 et
450 1305 527 1364 ad
558 1304 831 1380 -primum
880 1303 1195 1365 incursum
1236 1304 1708 1380 coniectumque
1746 1302 2008 1365 telorum
2049 1318 2312 1364 aversos

348 1403 551 1464 usque
589 1388 669 1448 ad
698 1388 840 1449 litus
871 1403 1011 1448 cum
1037 1390 1225 1448 multa
1252 1387 1444 1448 caede
1472 1381 1961 1464 persequuntum
2002 1401 2146 1462 nec,
2191 1386 2314 1447 nisi

350 1488 541 1532 naves
582 1471 742 1532 litori
784 1471 1086 1548 appulsae
1115 1470 1392 1546 trepidos
1437 1471 1854 1548 accepissent,
1897 1471 2314 1546 superfuisset

351 1558 531 1630 fugae
560 1562 663 1616 aut
701 1571 947 1630 pugnae
978 1555 1324 1632 quisquam.
1393 1556 1455 1616 in
1482 1556 1636 1632 ipsis
1669 1570 1916 1632 quoque
1941 1555 2311 1630 trepidatum

352 1639 609 1700 navibus
640 1645 751 1714 est,
783 1639 958 1711 dum,
995 1654 1073 1699 ne
1102 1639 1315 1701 hostes
1347 1657 1484 1700 cum
1514 1639 1646 1702 suis
1675 1640 1855 1701 simul
1883 1639 2311 1714 irrumperent,

350 1723 591 1786 trahunt
616 1725 851 1800 scalaS,
884 1739 1153 1801 orasque
1182 1732 1243 1786 et
1268 1740 1566 1800 ancoras,
1597 1740 1677 1784 ne
1705 1725 1768 1785 in
1793 1723 2106 1785 moliendo
2136 1739 2314 1784 mora

350 1814 547 1884 essct,
600 1808 979 1884 praecidunt.
1043 1809 1340 1884 multique
1389 1809 1688 1870 adnantes
1732 1807 2022 1882 navibuS,
2073 1805 2311 1868 incerto

352 1907 500 1972 prae
528 1892 819 1968 tenebriS,
854 1892 1001 1970 quid
1032 1898 1136 1954 aut
1163 1899 1444 1969 peterent
1472 1900 1578 1955 aut
1603 1893 1880 1968 vitarent,
1911 1891 2096 1954 foede
2123 1890 2310 1951 inter·

351 1977 568 2036 ierunt.
644 1982 896 2051 postero
942 1977 1041 2036 die
1074 1992 1211 2037 cum
1243 1977 1464 2038 classis
1497 1977 1642 2038 inde
1669 1983 1835 2038 retro
1865 1976 1945 2038 ad
1977 1975 2310 2047 Oceanum,

352 2058 513 2119 unde
541 2065 820 2134 venerat,
864 2060 1151 2134 fugisset,
1182 2062 1263 2120 ad
1293 2061 1622 2136 octingenti
1651 2060 1928 2123 homines
1961 2060 2128 2121 caesi
2156 2059 2316 2120 inter

350 2159 582 2204 murum
610 2143 879 2219 litusque
909 2143 1077 2204 etad
1106 2144 1231 2205 duo
1263 2145 1428 2206 milia
1456 2161 1765 2207 armorum
1793 2146 2060 2205 inventa.

513 2227 808 2288 XXXVII.
846 2227 1029 2303 Mago
1061 2244 1199 2289 cum
1225 2228 1432 2290 Gades
1451 2230 1796 2305 repetisset,
1827 2230 2122 2292 exclusus
2145 2226 2314 2303 inde,

332 2312 427 2373 ‚ad
458 2311 724 2374 Cimbios
752 2344 839 2356 —-
864 2311 1033 2373 haud
1076 2315 1294 2388 procul
1324 2330 1363 2374 a
1391 2313 1664 2375 Gadibus
1705 2314 1761 2374 is
1803 2313 1979 2375 locus
2024 2312 2201 2374 abest
2227 2343 2315 2356 -

350 2397 552 2456 classe
580 2397 865 2472 appulsa,
898 2396 1205 2458 mittendis
1236 2397 1455 2473 legatis
1481 2397 1944 2472 querendoque,
1978 2396 2146 2473 quod
2167 2412 2314 2471 por·

348 2489 444 2540 tae
474 2478 591 2541 sibi
620 2480 793 2542 socio
824 2487 1009 2558 atque
1036 2481 1235 2542 amico
1272 2483 1522 2543 clausae
1550 2482 1766 2556 forent,
1798 2480 2204 2556 purgantibus
2233 2481 2313 2540 iis

351 2562 746 2625 multitudinis
800 2580 1106 2626 concursu
1148 2567 1374 2626 factum
1415 2566 1678 2628 infestae
1717 2565 1798 2627 ob
1839 2566 2078 2642 direpta
2121 2579 2312 2640 quae-

350 2647 489 2708 dam
530 2647 609 2707 ab
654 2649 1208 2710 conscendentibus
1238 2665 1432 2710 naves
1460 2649 1750 2711 militibus
1765 2696 1781 2724 ,
1825 2649 1908 2710 ad
1935 2648 2312 2724 colloquium

350 2731 582 2791 sufetes
616 2745 859 2806 eorum,
911 2732 1016 2808 qui
1044 2749 1322 2794 summus
1351 2733 1576 2794 Poenis
1607 2739 1705 2794 est
1729 2733 2138 2809 magistratuS,
2171 2748 2314 2794 cum

350 2822 680 2890 quaestore
728 2815 961 2892 elicuit,
1013 2818 1442 2893 laceratosque
1487 2817 1851 2880 verberibus
1905 2816 2072 2878 cruci
2123 2815 2316 2886 adfigi

350 2898 557 2968 iussit3
599 2898 745 2960 inde
784 2901 1045 2961 navibus
1096 2901 1178 2960 ad
1204 2900 1517 2980 Pityusam
1557 2901 1822 2963 insulam
1864 2907 2106 2962 centum
2147 2899 2318 2960 milia

349 2983 541 3041 ferme
568 2999 605 3042 a
636 2982 965 3045 continenti
983 3015 1071 3028 --
1090 2983 1282 3045 Poeni
1321 2992 1450 3046 tum
1491 3001 1628 3046 eam
1655 2985 2006 3048 incolebant
2023 3015 2110 3029 —-
2129 2983 2316 3044 traie—

351 3064 450 3125 cit.
495 3065 701 3142 itaque
722 3070 930 3128 classis
949 3067 1103 3128 bona
1122 3085 1430 3146 cumpace
1451 3076 1706 3146 accepta
1728 3075 1840 3144 cst,
1869 3084 1988 3129 nec
2007 3083 2316 3128 commea-

347 3157 447 3211 tus
488 3150 673 3212 modo
714 3149 979 3226 benigne
1020 3153 1311 3228 praebiti,
1353 3155 1467 3216 sed
1505 3154 2095 3232 insupplementum
2125 3151 2316 3213 classi

348 3235 631 3297 iuventus
662 3251 956 3312 armaque
985 3233 1145 3297 data.
1199 3254 1459 3314 quorum
1487 3237 1717 3300 fiducia
1742 3237 1988 3299 Poenus
2019 3236 2080 3296 in
2111 3234 2316 3296 Balia-

348 3333 450 3376 res
481 3319 715 3382 insulas
736 3353 823 3364 --
846 3319 1288 3397 quinquaginta
1312 3323 1459 3384 inde
1495 3323 1658 3383 milia
1686 3321 1912 3383 absunt
1929 3349 2016 3366 -·-
2036 3319 2322 3382 tramisit.

352 3402 515 3462 duae
540 3409 683 3464 sunt
701 3404 975 3466 Baliares
1006 3405 1275 3466 insulae=
1314 3406 1510 3467 maior
1537 3407 1730 3467 altera
1755 3413 1942 3482 atque
1962 3405 2320 3480 opulentior

353 3501 537 3546 amns
567 3486 840 3563 virisque
870 3494 931 3550 et
963 3498 1204 3564 portum
1232 3490 1436 3565 habet,
1477 3490 1584 3550 ubi
1613 3491 1936 3552 commode
1962 3489 2324 3550 hibernatu-
