2550 3959
406 219 538 286 190
724 221 951 283 LIBER
978 219 1221 280 XXVII.
1266 219 1432 279 cAP.
1461 227 1549 282 24.
1578 229 1668 282 25.
1715 225 1788 294 [a.
1811 225 1882 279 U.
1907 226 2105 294 asu]

406 375 825 448 deducendOS,
861 373 925 434 C.
947 373 1263 434 Terentius
1296 373 1492 433 Varro
1525 387 1661 431 eum
1689 372 1945 448 imperio
1974 372 2226 434 missus.
2273 375 2384 452 qui

406 466 467 518 ut
507 458 699 532 venit,
744 458 1051 533 extemplo
1094 456 1391 518 Hostilius
1432 457 1736 532 legionem
1775 473 1988 531 unam,
2037 472 2197 534 quae
2236 473 2386 518 ante

405 542 621 602 urbem
646 548 849 603 castra
871 537 1154 614 habebat,
1188 540 1368 616 signa
1395 541 1455 598 in
1477 540 1694 600 urbem
1717 541 1876 600 ferre
1899 539 2098 612 iussit,
2140 541 2382 617 praesi-

404 626 630 703 diaque
659 625 814 686 locis
843 624 1085 685 idoneis
1111 623 1452 700 disposuit;
1483 629 1609 684 tum
1639 624 1701 684 in
1732 624 1867 686 foro
1898 623 2097 686 citatis
2127 632 2382 686 senato-

402 711 571 771 ribus
615 709 867 771 obsides
898 709 1235 785 imperavit.
1305 724 1443 769 cum
1471 716 1720 770 senatus
1750 707 2003 770 biduum
2045 709 2127 770 ad
2171 710 2379 770 consi-

404 792 743 855 derandum
770 800 1012 868 tempus
1036 799 1288 870 peteret,
1321 800 1424 852 aut
1452 792 1627 868 ipsos
1657 794 1966 869 extemplo
1991 795 2141 854 dare
2171 799 2277 854 aut
2305 810 2381 854 se

403 885 653 955 postero
700 876 800 938 die
842 885 1191 938 senatorum
1232 893 1447 937 omnes
1476 876 1704 958 liberqs
1736 884 2122 954 sumpturum
2164 876 2380 938 edixit.

404 961 547 1022 inde
586 967 799 1039 portas
842 961 1155 1022 custodire
1194 961 1351 1022 iussi
1392 959 1614 1021 tribuni
1653 960 1906 1022 militum
1953 961 2378 1037 praefectique

404 1045 642 1108 socium
670 1052 730 1106 et
759 1045 1178 1122 centuriones,
1218 1061 1298 1105 ne
1327 1046 1465 1120 quis
1494 1053 1676 1105 nocte
1717 1044 1869 1106 urbe
1912 1045 2128 1106 exiret.
2185 1045 2251 1105 id
2277 1061 2379 1106 se-

403 1130 582 1206 gnius
614 1129 1162 1208 neglegentiusque
1191 1130 1434 1189 sactum.
1481 1137 1718 1208 septem
1755 1129 2067 1208 principes
2099 1136 2376 1206 senatuS,

403 1215 763 1291 priusquam
803 1213 1125 1275 custodiae
1163 1213 1225 1274 in
1267 1213 1463 1290 portis
1512 1214 1892 1290 locarentur,
1950 1219 2091 1274 ante
2132 1220 2380 1276 noctem

404 1314 542 1360 cum
580 1297 791 1359 liberis
832 1305 1179 1360 evaserunt.
1245 1303 1498 1376 postero
1531 1297 1630 1358 die
1659 1299 1798 1359 luce
1837 1297 2066 1386 prima,
2110 1313 2249 1360 cum
2277 1314 2378 1358 se·

406 1390 583 1445 natus
614 1382 674 1442 in
709 1383 907 1443 sorum
939 1382 1108 1444 citari
1139 1388 1401 1458 coeptus
1431 1389 1630 1457 esset,
1672 1381 2035 1453 desiderati,
2082 1380 2370 1458 bonaque

402 1482 618 1527 eorum
646 1466 984 1527 venierunt.
1028 1483 1067 1527 a
1095 1466 1317 1528 ceteris
1341 1467 1730 1528 senatoribus
1757 1473 1999 1526 centum
2021 1465 2235 1540 viginti
2267 1465 2379 1526 ob-

405 1539 621 1624 sides:
649 1548 825 1610 liberi
854 1550 1159 1626 ipsorum,
1208 1551 1446 1626 accepti
1475 1557 1616 1611 sunt
1644 1549 1970 1626 traditique
2001 1549 2063 1610 C.
2092 1549 2377 1610 Terentio

404 1635 661 1696 Romam
692 1631 1060 1696 deducendi.
1124 1635 1179 1695 is
1209 1635 1417 1696 omnia
1443 1635 1830 1712 suspectiora
1861 1651 2047 1710 quam
2075 1638 2218 1693 ante
2247 1633 2375 1693 lue--

402 1725 540 1778 rant
578 1715 638 1777 in
670 1726 889 1780 senatu
914 1719 1075 1780 fecit.
1140 1719 1347 1796 itaque
1387 1726 1698 1792 tamquam
1737 1717 2088 1777 imminente
2113 1717 2377 1776 Etrusco

404 1803 657 1863 tumultu
682 1801 987 1878 legionem
1014 1819 1215 1878 unam,
1250 1803 1502 1862 alteram
1526 1817 1606 1879 ex
1631 1800 1901 1875 urbanis,
1930 1799 2234 1860 Arretium
2264 1798 2378 1860 du-

358 1949 361 1952 .
406 1902 546 1947 cere
575 1885 783 1948 iussus
814 1886 951 1962 ipse
974 1887 1035 1947 C.
1052 1886 1390 1960 Terentius,
1424 1900 1682 1961 eamque
1709 1883 1937 1944 habere
1967 1883 2028 1943 in
2063 1883 2378 1960 praesidio

406 1970 603 2032 urbis=
651 1971 713 2032 C.
728 1970 1055 2031 Hostilium
1085 1987 1223 2032 cum
1253 1978 1456 2030 cetero
1488 1968 1760 2030 exercitu
1782 1969 1984 2046 placet
2011 1974 2198 2028 totam
2229 1984 2378 2044 pro-

408 2053 671 2114 vinciam
701 2069 1049 2130 peragrare,
1096 2061 1157 2114 et
1184 2069 1426 2128 cavere,
1465 2069 1544 2114 ne
1573 2069 1694 2130 qua
1723 2052 1972 2114 occasio
2002 2068 2238 2112 novare
2270 2069 2378 2112 cu-

407 2137 712 2214 pientibus
754 2154 858 2199 res
899 2137 1162 2200 daretur.
1232 2137 1296 2200 C.
1325 2137 1640 2200 Terentius
1684 2143 1751 2197 ut
1777 2136 2082 2197 Arretium
2111 2151 2252 2197 cum
2291 2137 2378 2196 le-

406 2222 589 2298 gione
616 2221 812 2297 venit,
855 2222 1063 2284 claves
1092 2228 1410 2298 portarum
1440 2237 1579 2283 cum
1612 2219 2004 2298 magistratus
2045 2221 2378 2297 poposcis-

408 2315 521 2382 set,
554 2305 918 2382 negantibus
948 2305 1027 2367 iis
1051 2320 1430 2382 comparere,
1470 2307 1687 2366 fraude
1716 2311 1952 2366 amotas
1982 2303 2178 2380 magis
2204 2310 2380 2365 ratus

410 2406 593 2467 quam
622 2389 1009 2468 neglegentia
1035 2390 1454 2468 intercidisse,
1497 2390 1636 2465 ipse
1662 2389 1816 2450 alias
1845 2390 2058 2450 claves
2093 2387 2380 2448 omnibus

408 2474 602 2552 portis
632 2474 940 2552 imposuit,
973 2473 1259 2550 cavitque
1289 2490 1429 2536 cum
1458 2490 1623 2548 cura,
1653 2481 1721 2534 ut
1748 2473 1954 2534 omnia
1981 2471 2043 2533 in
2072 2477 2382 2548 potestate

318 2565 321 2570 “
408 2575 524 2622 sua
551 2567 789 2620 essent=
817 2560 1144 2620 Hostilium
1172 2558 1462 2620 intentius
1483 2557 1736 2633 monuit,
1763 2564 1830 2619 ut
1857 2557 1918 2618 in
1946 2573 2023 2618 eo
2046 2572 2226 2632 spem
2252 2572 2380 2617 non

409 2649 683 2710 moturos
728 2641 1057 2719 quicquam
1083 2643 1380 2704 Etruscos
1426 2648 1712 2720 poneret,
1755 2641 1808 2704 si
1853 2657 1933 2702 ne
1966 2640 2114 2718 quid
2144 2641 2380 2701 moveri

408 2733 629 2803 posset
654 2725 941 2788 cavisset.

575 2811 763 2874 XXV.
818 2811 914 2872 De
938 2809 1277 2872 Tarentinis
1318 2809 1464 2870 inde
1501 2825 1726 2886 magna
1756 2807 2145 2872 contentione
2185 2809 2249 2869 in
2279 2824 2380 2869 se-

410 2902 553 2956 natu
595 2901 795 2956 actum
838 2909 1047 2956 coram
1073 2891 1298 2970 Fabio,
1343 2893 1712 2962 defendente
1753 2893 1892 2970 ipso
1925 2908 2086 2970 quos
2131 2901 2381 2970 ceperat

410 2979 611 3055 armiS‚
644 2979 779 3040 aliis
810 2977 1087 3055 infensis,
1120 2987 1180 3040 et
1206 2978 1521 3056 plerisque
1548 2977 1957 3055 aequantibus
1987 2994 2101 3040 eos
2126 2978 2383 3054 Campa-

410 3079 627 3124 norum
668 3079 871 3125 noxae
913 3079 1296 3140 poenaeque.
1357 3069 1610 3125 senatus
1641 3061 1989 3124 consultum
2031 3063 2092 3123 in
2135 3069 2382 3123 senten-

413 3149 557 3209 tiam
584 3147 683 3208 Μ’.
714 3146 894 3210 Acilii
926 3149 1151 3210 factum
1180 3155 1294 3225 est,
1333 3155 1399 3209 ut
1429 3147 1728 3224 oppidum
1759 3146 2074 3224 praesidio
2109 3145 2382 3208 eustodi-

411 3239 575 3294 retur
600 3232 1029 3309 Tarentinique
1059 3249 1272 3294 omnes
1304 3233 1462 3293 intra
1490 3231 1734 3293 moenia
1762 3231 2232 3308 continerentur,
2274 3246 2382 3290 res

413 3317 645 3392 integra
668 3326 889 3396 postea
907 3318 1252 3391 referretur,
1285 3332 1423 3378 cum
1451 3317 1868 3394 tranquilliore
1899 3321 2060 3377 statu
2080 3314 2253 3376 Italia
2281 3330 2382 3376 es-

413 3405 525 3460 set.
569 3411 631 3461 et
652 3401 731 3463 de
750 3401 833 3465 M.
856 3401 1031 3464 Livio
1056 3401 1366 3478 praefecto
1391 3401 1552 3462 arcis
1574 3401 1936 3462 Tarentinae
1956 3400 2126 3462 haud
2147 3398 2388 3462 minore

412 3485 740 3546 certamine
793 3491 993 3548 actum
1034 3493 1146 3545 est.
1212 3485 1348 3544 aliis
1404 3492 1654 3546 senatus
1698 3487 1979 3548 consulto
2034 3481 2386 3546 notantibus
