2550 3959
627 184 860 245 LIBER
887 184 1098 245 Xxlv.
1141 186 1307 247 CAP.
1334 194 1389 251 6.
1420 194 1472 250 7.
1517 194 1591 262 [a.
1624 190 1687 248 c.
1715 196 1841 263 215]
2172 184 2231 255 7·

249 338 369 399 iios
392 336 602 399 iuncta
623 337 889 399 societas
903 338 1225 399 Hannibali
1247 354 1323 399 ae
1338 336 1735 418 Syracusano
1760 348 2018 418 tyranno
2040 366 2057 412 ς
2101 358 2221 403 nec

247 421 442 482 invito
465 420 806 483 Hannibale
827 423 994 497 apud
1015 428 1339 499 tyrannum
1364 431 1732 485 manserunt.
1774 425 2015 500 Appius
2040 426 2215 489 clau·

245 506 394 566 dius
425 510 705 581 praetor,
747 506 922 567 cuius
951 504 1159 566 Sicilia
1184 506 1504 583 provincia
1532 516 1679 584 erat,
1720 507 1825 569 ubi
1856 524 1929 568 ea
1958 510 2218 587 accepit,

241 591 564 665 extemplo
594 591 830 665 legatos
861 591 940 650 ad
962 590 1405 667 Hieronymum
1434 592 1614 652 misit.
1662 592 1767 669 qui
1798 608 1935 653 cum
1963 608 2105 654 sese
2133 595 2212 655 ad

248 675 679 733 renovandam
707 673 1062 735 societatem
1092 690 1252 751 quae
1282 690 1420 737 cum
1449 690 1569 735 ato
1599 676 1819 737 fuisset
1846 676 2095 737 venisse
2122 677 2209 737 di·

243 765 479 832 cerent,
509 774 622 833 per
651 757 972 819 ludibrium
1002 759 1191 819 auditi
1221 758 1585 835 dimissique
1608 767 1749 821 sunt
1776 761 1855 821 ab
1881 768 2214 837 quaerente

247 858 368 917 per
395 841 598 903 iocum
627 842 1036 921 Hieronymo,
1085 858 1243 939 quae
1279 844 1523 904 fortuna
1552 843 1643 904 eis
1672 860 1919 920 pugnae
1946 845 2029 905 ad
2058 844 2211 905 Can·

246 942 364 986 nas
389 924 635 987 fuisset·
664 925 770 985 vix
795 925 1108 985 credibilia
1130 928 1290 986 enim
1311 928 1547 1002 legatos
1563 927 1919 988 Hannibalis
1944 944 2213 989 narrare.

247 1010 412 1069 velle
442 1010 590 1085 quid
619 1010 748 1070 veri
777 1010 857 1072 sit
884 1010 1073 1082 scire,
1117 1017 1182 1070 ut
1209 1025 1289 1070 ex
1320 1026 1425 1085 ec,
1472 1019 1664 1072 utram
1695 1028 1869 1087 spem
1900 1021 2209 1089 sequatur,

241 1070 572 1153 co‘nsilium
612 1093 832 1169 capiat.
896 1094 1184 1166 Romani,
1231 1110 1370 1154 cum
1412 1094 1574 1155 serio
1618 1096 1955 1170 legationes
1998 1096 2215 1156 audire

243 1177 582 1252 coepisset,
613 1178 921 1238 redituros
951 1193 1021 1238 se
1050 1180 1130 1237 ad
1159 1193 1301 1237 eum
1331 1178 1604 1239 dicentes
1636 1195 1797 1254 esse,
1828 1180 2055 1240 monito
2082 1196 2185 1239 ma

243 1261 344 1335 gis
369 1276 447 1321 eo
474 1277 653 1343 quam
677 1270 910 1337 rogate,
941 1277 1018 1321 ne
1043 1262 1230 1322 fidem
1252 1268 1479 1322 temere
1502 1269 1775 1336 mutaret,
1804 1264 2207 1337 proficiscun-

243 1353 363 1405 tur.
417 1344 833 1424 Hieronymus
863 1346 1099 1420 legatos
1125 1344 1547 1421 Carthaginem
1575 1346 1739 1407 misit
1766 1346 1845 1405 ad
1878 1346 2099 1408 foedus
2131 1362 2211 1405 ex

241 1428 543 1490 societate
586 1445 726 1489 cum
753 1429 1092 1489 Hannibale
1135 1430 1499 1490 faciendum.
1568 1437 1745 1506 pacto
1778 1431 2081 1502 convenit,
2126 1438 2209 1501 ut,

241 1530 388 1574 cum
419 1514 734 1574 Romanos
767 1512 977 1573 Sicilia
1005 1514 1389 1589 expulissent
1418 1548 1500 1557 —
1530 1514 1593 1573 id
1624 1522 1821 1575 autem
1853 1514 2024 1575 brevi
2056 1516 2208 1587 fore,

241 1598 296 1657 si
319 1613 518 1657 naves
541 1604 728 1673 atque
759 1598 1089 1657 exercitum
1116 1597 1429 1657 misissent
1450 1633 1551 1670 —,
1582 1598 1827 1658 Himera
1854 1600 2071 1673 amniS,
2102 1599 2209 1671 qui

241 1681 437 1740 ferme
476 1682 738 1741 insulam
779 1682 1023 1754 dividit,
1067 1681 1208 1739 finiS
1247 1682 1421 1755 regni
1464 1681 1839 1757 Syracusani
1882 1698 1955 1741 ac
1996 1681 2204 1742 Punici

241 1764 482 1841 imperIi
525 1772 711 1825 esset.
775 1766 956 1825 aliam
987 1765 1211 1824 deinde
1251 1764 1499 1825 inflatus
1542 1765 2069 1825 adsentati0nibus
2100 1782 2205 1823 eo-

237 1864 392 1922 rum,
425 1848 528 1923 qui
555 1864 696 1908 eum
723 1863 847 1908 non
874 1848 1160 1908 Hieronis
1189 1856 1421 1909 tantum
1450 1848 1563 1907 sed
1586 1848 1803 1925 Pyrrhi
1832 1848 2013 1909 etiam
2038 1849 2205 1924 regis

237 1932 498 1993 materni
537 1932 637 1991 avi
678 1932 968 1992 iubebant
1005 1931 1391 2003 meminisse,
1437 1932 1803 2007 legationem
1846 1932 2035 2007 misit,
2083 1948 2205 2008 qua

235 2032 510 2091 aequum
539 2016 832 2075 censebat
861 2014 1068 2076 Sicilia
1097 2015 1215 2075 sibi
1247 2015 1410 2076 omni
1440 2016 1607 2091 cedi,
1648 2016 1855 2077 ltaliae
1886 2016 2207 2092 imperium

237 2100 557 2175 proprium
601 2100 812 2175 quaeri
856 2099 1339 2174 Carthaginiensi
1383 2101 1633 2175 populo.
1699 2100 1858 2160 hanc
1897 2101 2203 2161 levitatem

231 2200 309 2243 ac
339 2184 728 2244 iactationem
771 2183 953 2243 animi
985 2200 1186 2259 neque
1215 2182 1589 2243 mirabantur
1613 2186 1675 2244 in
1706 2184 1927 2244 iuvene
1968 2184 2202 2244 furioso

236 2284 444 2342 neque
471 2267 836 2342 arguebant,
879 2268 1210 2327 dummodo
1239 2274 1583 2327 averterent
1612 2284 1750 2327 eum
1778 2268 1857 2327 ab
1885 2268 2203 2327 Romanis.

232 2352 367 2411 VII.
415 2351 542 2411 Sed
571 2350 776 2412 omnia
803 2351 864 2410 in
887 2366 962 2410 eo
987 2351 1347 2427 praecipitia
1375 2353 1455 2411 ad
1487 2352 1733 2412 exitium
1758 2353 2015 2413 fuerunt.
2061 2368 2223 2411 nam·

233 2452 375 2495 cum
403 2434 765 2511 praemissis
793 2434 1169 2510 Hippocrate
1213 2443 1397 2510 atque
1424 2434 1705 2511 Epicyde
1736 2452 1875 2496 cum
1904 2435 2063 2496 binis
2092 2435 2201 2495 mi-

231 2520 395 2579 libus
437 2527 807 2579 armatorum
847 2520 928 2579 ad
967 2520 1353 2617 temptandas
1394 2517 1611 2591 urbeS,
1673 2535 1831 2593 quae
1873 2518 2199 2594 praesidiis

233 2602 598 2689 tenebantur
610 2604 922 2678 Romanis,
954 2610 1014 2662 et
1040 2604 1176 2677 ipse
1205 2602 1266 2661 in
1279 2600 1612 2663 Leontinos
1640 2618 1775 2661 cum
1806 2610 2009 2662 cetero
2034 2602 2199 2661 omni

228 2677 505 2747 exercitu
525 2720 613 2733 -—
633 2694 806 2747 erant
833 2694 1035 2747 autem
1064 2687 1144 2747 ad
1169 2686 1516 2761 quindecim
1543 2686 1707 2746 milia
1727 2687 1997 2783 peditum
2027 2688 2202 2761 equi-

228 2778 485 2847 tumque
515 2804 593 2817 -—
623 2771 936 2846 proiectus
967 2778 1164 2844 esset,
1208 2770 1436 2830 liberas
1466 2770 1657 2830 aedes
1690 2770 1985 2831 coniurati
2024 2803 2111 2815 —
2138 2777 2205 2831 et

167 2915 174 2930 ,
229 2870 449 2915 omnes
479 2856 638 2915 forte
666 2854 1000 2914 militabant
1023 2886 1112 2898 -—
1139 2854 1525 2914 imminentes
1558 2854 1694 2915 viae
1723 2862 2039 2930 angustae,
2072 2872 2197 2930 qua

229 2938 616 2999 descendere
662 2939 742 2998 ad
773 2940 972 2999 forum
1001 2954 1112 2998 rex
1151 2937 1421 3010 solebat,
1468 2946 1881 3015 sumpserunt.
1944 2938 2196 2999 ibicum

227 3022 440 3083 structi
495 3024 832 3097 armatique
873 3022 1060 3082 ceteri
1101 3023 1419 3083 transitum
1469 3031 1901 3099 exspectantes
1943 3030 2197 3100 starent,

227 3106 332 3167 uni
362 3122 442 3167 ex
478 3106 570 3167 eis
595 3138 682 3151 —
705 3106 1025 3166 Dinomeni
1053 3106 1167 3167 fuit
1193 3122 1417 3167 nomen
1440 3140 1520 3152 --
1556 3106 1702 3183 quia
1728 3115 1939 3167 custos
1970 3122 2192 3182 corpo-

225 3191 312 3251 ris
336 3197 482 3262 erat,
516 3197 724 3265 partes
750 3190 929 3251 datae
952 3196 1109 3264 sunt,
1140 3199 1222 3265 ut,
1255 3206 1393 3250 cum
1422 3191 1947 3267 appropinquaret
1973 3188 2193 3249 ianuae

225 3290 368 3348 rex,
415 3289 528 3349 per
558 3290 809 3335 causam
837 3274 1106 3351 aliquam
1134 3274 1192 3333 in
1223 3274 1525 3351 angustiis
1554 3274 1883 3334 sustineret
1908 3273 2191 3347 abtergo

225 3372 467 3433 agmen.
538 3356 623 3417 ita
660 3364 730 3418 ut
756 3366 1129 3419 convenerat
1155 3358 1377 3419 factum
1420 3364 1533 3418 est.
1606 3364 1911 3433 tamquam
1954 3357 2195 3417 laxaret

223 3443 448 3503 elatum
477 3442 702 3518 pedem
745 3440 820 3501 ab
852 3440 1062 3501 stricto
1092 3443 1289 3515 nodo,
1335 3447 1605 3502 moratus
1636 3440 1871 3503 turbam
1899 3441 2189 3503 Dinome-
