2550 3959
410 253 535 320 270
734 255 966 316 LIBER
994 255 1259 317 XXVIII.
1309 255 1476 316 CAP.
1505 263 1594 317 42.
1638 261 1710 328 [a.
1737 259 1804 312 U.
1830 277 1877 312 c.
1904 261 2027 328 547]

410 423 548 470 cum
578 417 679 468 tuo
710 407 1142 481 exercitusque
1171 405 1257 466 tui
1289 405 1598 482 praesidio
1626 406 1916 472 nudatam
1939 405 2170 466 ltaliam
2200 407 2367 468 vide-

408 493 558 568 rint,
596 493 757 553 ultro
797 490 918 566 ipsi
946 505 1175 550 novum
1209 489 1543 552 exercitum
1572 491 1634 550 in
1660 490 1893 552 Italiam
1921 495 2026 552 aut
2052 503 2132 549 ex
2161 490 2372 552 Africa

408 575 709 650 miserint,
755 581 860 635 aut
889 573 1245 650 Magonem,
1293 588 1475 649 quem
1504 589 1542 634 a
1568 573 1911 634 Baliaribus
1941 575 2144 634 classe
2173 582 2370 635 trans·

408 661 599 722 missa
638 659 758 720 iam
784 662 1030 734 praeter
1058 672 1226 718 oram
1254 657 1544 733 Ligurum
1571 657 1938 734 Alpinorum
1965 659 2194 718 vectari
2225 673 2375 720 con-

408 752 546 819 stat,
575 741 901 803 Hannibali
932 755 1004 802 se
1030 740 1406 816 coniungere
1436 741 1766 802 ius-serint?
1807 757 2030 818 nempe
2057 741 2120 801 in
2151 742 2370 803 eodem

410 836 642 890 terrore
678 826 903 886 erimus
918 871 935 901 ‚
977 827 1040 886 in
1085 840 1209 902 quo
1242 841 1440 902 nuper
1467 826 1688 886 fuimus
1703 871 1719 900 ,
1765 841 1900 886 cum
1930 825 2281 886 Hasdrubal
2310 827 2371 887 in

410 912 640 973 ltaliam
672 908 1080 980 transcendiu
1126 923 1310 985 quem
1333 917 1413 985 lu,
1444 909 1550 986 qui
1574 925 1697 970 non
1723 910 1922 970 solum
1947 905 2370 984 Carthaginem

412 995 525 1056 sed
554 1009 796 1056 omnem
816 993 1085 1054 Africam
1116 993 1392 1056 exercitu
1418 999 1523 1054 tuo
1551 1009 1622 1063 es
1653 994 1996 1068 clausurus,
2029 1007 2065 1052 e
2087 993 2370 1055 manibus

412 1079 529 1139 tuis
561 1079 620 1139 in
650 1076 881 1138 Italiam
909 1075 1183 1138 emisisti.
1226 1076 1450 1138 victum
1481 1083 1604 1138 ate
1634 1076 1834 1138 dices=
1879 1092 1953 1138 eo
1985 1077 2230 1152 quidem
2261 1079 2368 1138 mi-

408 1179 525 1224 nus
566 1161 815 1237 vellem,
859 1167 919 1221 et
946 1160 1012 1220 id
1038 1166 1143 1221 tua
1170 1177 1295 1221 non
1325 1161 1416 1220 rei
1445 1161 1727 1237 publicae
1755 1162 1956 1221 solum
1987 1175 2208 1234 causa,
2252 1161 2365 1224 iter

410 1248 615 1308 datum
645 1246 807 1307 victo
836 1245 898 1304 in
927 1245 1159 1304 Italiam
1188 1257 1350 1304 esse.
1397 1249 1608 1320 patere
1635 1260 1753 1306 nos
1784 1245 2003 1318 omnia,
2035 1261 2196 1320 quae
2227 1260 2367 1321 pro·

409 1345 594 1406 spera
618 1329 725 1391 tibi
756 1345 829 1391 ac
861 1327 1073 1405 populi
1100 1329 1361 1390 Romani
1389 1329 1646 1405 imperio
1669 1343 1950 1404 evenere,
1980 1333 2083 1388 tuo
2109 1330 2368 1390 consilio

410 1414 753 1490 adsignare,
786 1412 1051 1474 adversa
1080 1411 1328 1473 casibus
1356 1411 1604 1474 incertis
1629 1412 1774 1473 belli
1801 1420 1862 1472 et
1891 1413 2170 1473 fortunae
2201 1412 2362 1473 dele-

408 1513 555 1574 gare
574 1519 691 1552 -2
737 1511 861 1572 quo
902 1494 1115 1557 melior
1144 1496 1482 1572 fortiorque
1511 1512 1610 1571 es,
1655 1511 1730 1557 eo
1759 1497 1955 1573 magis
1983 1497 2164 1557 talem
2194 1511 2367 1572 prae-

409 1581 605 1644 sidem
634 1579 751 1640 sibi
780 1580 979 1656 patria
1006 1584 1192 1656 atque
1221 1579 1514 1642 universa
1539 1579 1708 1640 Italia
1735 1580 1968 1641 retinet.
2033 1593 2156 1641 non
2187 1587 2367 1657 potes

410 1681 487 1726 ne
528 1665 666 1742 ipse
707 1663 954 1739 quidem
996 1663 1412 1738 dissimulare,
1453 1664 1558 1727 ubi
1585 1663 1884 1725 Hannibal
1915 1665 2022 1740 sit,
2065 1664 2146 1724 ibi
2183 1673 2371 1741 caput

409 1758 595 1826 atque
632 1763 840 1809 arcem
881 1747 1065 1809 huius
1103 1748 1246 1808 belli
1288 1763 1460 1822 esse,
1507 1748 1740 1824 quippe
1782 1747 1884 1824 qui
1926 1763 2076 1824 prae
2114 1755 2172 1808 te
2203 1749 2367 1809 feras

409 1850 544 1894 eam
583 1832 691 1894 tibi
738 1847 989 1894 causam
1018 1832 1337 1892 traiciendi
1365 1833 1425 1892 in
1453 1832 1724 1892 Africam
1751 1847 1928 1906 esse,
1967 1839 2034 1894 ut
2061 1832 2368 1893 Hanniba-

409 1921 525 1980 lem
556 1933 630 1980 eo
656 1917 893 1980 trahas=
938 1917 1072 1977 sive
1094 1915 1194 1976 hio
1221 1915 1406 1992 igitur
1432 1917 1565 1977 sive
1587 1915 1726 1992 illic,
1757 1929 1896 1977 cum
1917 1914 2252 1976 Hannibale
2275 1925 2372 1978 est

412 2003 515 2063 tibi
557 2003 759 2062 futura
785 2016 908 2060 res.
980 2006 1181 2060 utrum
1210 2001 1457 2061 tandem
1485 2015 1632 2075 ergo
1662 1997 1893 2061 firmior
1919 1999 2042 2060 eris
2073 1999 2134 2059 in
2161 1999 2370 2061 Africa

410 2087 613 2157 soluS,
659 2099 735 2144 an
766 2083 865 2144 hic
895 2088 999 2144 tuo
1031 2084 1432 2160 collegaeque
1464 2085 1548 2144 tui
1572 2082 1852 2144 exercitu
1879 2083 2248 2145 coniuncto?
2289 2099 2371 2144 ne

411 2167 699 2229 Claudius
730 2167 979 2243 quidem
1008 2172 1069 2227 et
1095 2167 1304 2228 Livius
1336 2169 1624 2229 consules
1653 2174 1774 2228 tam
1800 2167 2033 2228 recenti
2061 2169 2366 2243 exemp10,

410 2257 702 2330 quantum
729 2250 793 2311 id
820 2250 1073 2326 intersit,
1104 2251 1474 2314 documento
1505 2257 1690 2314 sunt?
1731 2250 1921 2327 quid?
1962 2251 2366 2312 Hannibalem

408 2346 609 2399 utrum
638 2337 885 2397 tandem
911 2342 1221 2398 extremus
1252 2338 1514 2433 ang-ulus
1544 2335 1675 2412 agri
1701 2334 1947 2408 Bruttii,
1993 2335 2263 2398 frustm·
2247 2351 2368 2396 iam

408 2422 515 2484 diu
554 2425 913 2498 poscentem
944 2420 1020 2481 ab
1064 2420 1247 2481 domo
1281 2407 1536 2497 auxilia,
1579 2435 1658 2480 an
1688 2417 2040 2518 propinqua
2067 2418 2368 2494 carthago

408 2512 469 2567 et
513 2512 643 2567 tota
690 2505 865 2566 socia
904 2503 1115 2564 Africa
1157 2505 1562 2578 potentiorem
1603 2503 1788 2563 armis
1828 2502 2103 2579 virisque
2145 2501 2369 2566 faciel?

410 2589 577 2666 quod
625 2588 790 2650 istud
829 2587 1150 2648 consilium
1190 2593 1288 2648 est
1325 2588 1410 2649 ibi
1449 2589 1630 2648 malle
1671 2588 2035 2661 decernere,
2078 2585 2185 2647 ubi
2228 2593 2369 2648 tuae

408 2672 656 2733 dimidio
707 2672 979 2732 minores
1036 2670 1256 2747 copiae
1307 2671 1454 2748 sint,
1510 2671 1778 2732 hostium
1831 2671 2019 2731 multo
2075 2669 2364 2744 maiores,

411 2771 595 2832 quam
637 2756 741 2817 ubi
774 2755 1017 2816 duobus
1047 2755 1419 2817 exercitibus
1445 2757 1749 2817 adversus
1780 2771 1965 2815 unum
1997 2759 2086 2816 tot
2113 2755 2366 2830 proeliis

407 2847 467 2901 et
494 2840 615 2900 iam
644 2840 929 2900 diuturna
958 2844 1020 2899 et
1056 2839 1230 2915 gravi
1279 2835 1488 2900 militia
1545 2839 1784 2900 fessum
1822 2837 2218 2916 pugnandum
2249 2838 2370 2899 sit?

408 2939 592 3000 quam
639 2937 892 2999 compar
939 2922 1261 2983 consilium
1314 2929 1483 2984 tuum
1526 2924 1798 3001 parentis
1839 2923 1924 2983 tui
1967 2921 2228 2984 consilio
2269 2922 2366 2996 sit,

405 3013 640 3083 reputa.
705 3006 805 3066 ille
835 3007 1052 3066 consul
1082 3007 1398 3081 profectus
1429 3008 1490 3067 in
1518 3007 1907 3084 Hispaniam,
1947 3013 2016 3068 ut
2042 3004 2366 3067 Hannibali

406 3091 482 3150 ab
512 3088 775 3166 Alpibus
806 3089 1204 3152 descendenti
1236 3097 1615 3166 occurreret,
1657 3092 1718 3151 in
1746 3089 1978 3150 ltaliam
2009 3105 2088 3150 ex
2121 3088 2362 3166 provin-

406 3176 501 3236 cia
540 3173 744 3237 rediit=
799 3179 894 3247 tu,
939 3189 1077 3235 cum
1103 3173 1408 3236 Hannibal
1435 3176 1496 3236 in
1524 3174 1693 3236 Italia
1723 3173 1829 3250 sit,
1873 3174 2222 3249 relinquere
2251 3173 2362 3234 Ita·

405 3259 547 3318 liam
586 3273 800 3335 paras,
842 3273 965 3319 non
1010 3259 1151 3334 quia
1188 3258 1280 3318 rei
1319 3259 1602 3334 publicae
1629 3259 1692 3319 id
1721 3258 1896 3332 utile,
1941 3259 2056 3320 sed
2085 3257 2231 3334 quia
2261 3255 2362 3317 tibi

406 3344 673 3418 amplum
702 3346 764 3403 et
788 3342 1126 3418 gloriosum
1156 3357 1377 3404 censes
1407 3357 1568 3418 esse,
1599 3342 1762 3404 sicut
1788 3355 1927 3403 cum
1957 3341 2278 3418 provincia
2305 3347 2365 3400 et

406 3425 679 3487 exercitu
720 3426 933 3488 relicto
974 3428 1109 3487 sine
1149 3428 1317 3503 lege,
1362 3428 1496 3488 sine
1525 3431 1775 3488 senatus
1809 3426 2090 3487 consulto
2121 3423 2361 3486 duabus

406 3510 664 3570 navibus
706 3511 921 3588 populi
948 3510 1207 3571 Romani
1248 3511 1580 3588 imperator
1620 3511 1924 3572 fortunam
1966 3509 2274 3584 publicam
2303 3515 2362 3567 el
