2550 3959
260 223 391 287 350
580 222 812 283 LIBER
838 222 1018 288 xxx.
1066 222 1230 283 cAP.
1260 231 1348 285 πε.
1377 232 1467 287 29.
1511 229 1584 299 [a.
1609 228 1678 282 υ.
1701 246 1750 281 0.
1771 228 1898 297 550]

262 375 659 437 Hannibalem
690 390 764 436 ac
791 390 995 437 rerum
1022 382 1332 451 gestarum
1366 374 1497 435 eius
1525 375 2028 451 magnitudinem,
2073 393 2220 454 pae-

260 460 507 535 nitebat,
546 461 755 536 modo,
798 475 936 521 cum
964 459 1344 536 respicerent
1369 456 1466 521 bis
1495 472 1638 521 sese
1667 458 1800 519 acie
1827 459 2026 522 victos
2039 506 2055 535 ‚
2101 460 2221 539 Sy-

258 546 522 623 phacem
552 551 813 621 captum,
855 546 1075 621 pulsos
1105 558 1177 603 se
1202 543 1516 619 Hispania,
1560 540 1778 621 pulsos
1803 542 1993 621 Italia,
2036 550 2224 621 atque

262 646 341 691 ea
384 630 588 691 omnia
627 630 807 691 unius
839 630 1057 689 virtute
1096 634 1161 688 et
1188 627 1448 689 consilio
1478 623 1787 704 Scipionis
1815 628 2006 701 facta,
2053 630 2222 690 velut

256 714 505 777 fatalem
533 726 675 774 eum
706 714 926 773 ducem
952 712 1016 771 in
1044 712 1296 773 exitium
1324 724 1502 772 suum
1534 718 1738 773 natum
1766 710 2114 773 horrebant.

425 796 636 859 XXIX.
672 798 799 857 Iam
825 797 1263 857 Hadrumetum
1294 800 1547 857 venerat
1572 792 1892 870 Hannibal,
1921 796 2106 869 unde,
2137 795 2220 856 ad

258 880 655 944 reficiendum
682 894 762 941 cx
802 880 1128 941 iactatione
1155 876 1453 941 maritima
1479 880 1724 940 militem
1751 880 1969 956 paucis
1999 878 2221 939 diebus-

256 968 545 1042 sumptis,
586 966 821 1026 excitus
850 960 1093 1040 pavidis
1122 962 1345 1023 nuntiis
1376 964 1580 1025 omnia
1607 964 1770 1025 circa
1797 962 2219 1039 carthaginem

256 1050 514 1111 obtineri
542 1049 729 1109 armis
756 1048 1174 1121 adferentium,
1202 1048 1440 1123 magnis
1468 1048 1783 1109 itineribus
1801 1046 2048 1107 Zamam
2071 1062 2218 1107 con·

254 1134 463 1195 tendit.
538 1132 725 1193 Zama
775 1132 1045 1209 quinque
1092 1132 1328 1193 dierum
1377 1132 1489 1191 iter
1535 1147 1574 1192 a
1615 1130 1976 1209 Carthagine
2023 1130 2221 1191 abest.

255 1218 401 1279 inde
422 1216 747 1295 praemissi
768 1218 1188 1293 speculatores
1218 1230 1360 1276 cum
1388 1216 1629 1293 excepti
1659 1232 1698 1277 a
1720 1214 2079 1277 custodibus
2093 1210 2218 1275 Ro·

256 1303 453 1363 manis
484 1302 728 1362 deducti
766 1300 848 1361 ad
876 1299 1231 1377 Scipionem
1261 1306 1487 1374 essent,
1529 1299 1788 1361 traditos
1819 1315 1930 1361 eos
1957 1298 2224 1359 tribunis

252 1388 503 1447 militum
546 1387 879 1460 iussosque
919 1384 1151 1446 omisso
1174 1392 1340 1446 metu
1367 1384 1570 1445 visere
1611 1384 1817 1444 omnia
1844 1398 1958 1460 per
1997 1389 2218 1454 castra,

256 1486 379 1547 qua
406 1471 630 1530 vellent
650 1469 1022 1530 circumduci
1051 1467 1262 1540 iussit;
1297 1474 1874 1545 percunctatusque,
1903 1466 2078 1527 satin’
2109 1480 2222 1543 pet

258 1554 649 1615 commodmn
690 1553 897 1615 omnia
936 1554 1400 1629 explorassent,
1445 1552 1604 1613 datis
1636 1552 1739 1627 qui
1768 1562 2219 1630 prosequeren-

256 1646 382 1713 tur,
420 1643 585 1699 retro
614 1637 697 1699 ad
722 1636 1125 1697 Hannibalem
1154 1636 1398 1697 dimisit.
1461 1636 1764 1697 Hannibal
1792 1632 1940 1697 nihil
1971 1633 2219 1711 quidem

258 1738 469 1783 eorum
499 1737 657 1797 quae
687 1721 1119 1783 nuntiabantur
1148 1750 1225 1764 —
1255 1734 1395 1780 nam
1427 1728 1488 1781 et
1511 1718 1902 1781 Masinissam
1937 1733 2075 1779 cum
2103 1732 2220 1781 sex

256 1806 501 1867 milibus
531 1806 832 1881 peditum,
880 1812 1164 1880 quattuor
1202 1806 1474 1881 equitum
1503 1805 1752 1865 venisse
1781 1818 1856 1864 eo
1890 1804 2033 1879 ipso
2063 1800 2222 1861 forte

260 1892 363 1951 dic
402 1889 826 1951 adferebant-
846 1884 1009 1946 laeto
1033 1882 1236 1944 animo
1261 1882 1450 1957 audit,
1467 1883 1730 1946 maxime
1752 1884 1954 1947 hostis
1973 1882 2223 1959 fiducia,

255 1974 418 2032 quac
438 1978 565 2024 non
600 1964 683 2027 da
721 1966 849 2029 nilo
880 1970 1167 2043 profecto
1204 1976 1510 2042 concepta
1541 1979 1693 2031 esset
1743 1976 2076 2037 percussus
2105 1966 2220 2021 est·

260 2042 469 2117 itaque
500 2058 869 2116 quamquam
898 2047 960 2102 et
986 2042 1123 2118 ipse
1152 2058 1344 2103 causa
1368 2043 1512 2103 belli
1541 2051 1688 2119 erat,
1719 2052 1780 2104 et
1806 2045 2076 2105 adventu
2102 2059 2220 2104 suo

256 2124 610 2187 turbaverat
638 2133 698 2185 et
718 2132 932 2200 pactas
946 2126 1226 2187 »indutias
1257 2134 1319 2187 et
1339 2139 1517 2203 spem
1546 2128 1881 2203 foederum,
1908 2135 2132 2199 tamen,
2163 2128 2220 2187 si

256 2210 493 2285 integer
522 2222 704 2284 quam
734 2208 789 2269 si
814 2210 1011 2270 victus
1040 2217 1276 2285 peteret
1302 2226 1518 2287 pacem
1532 2257 1549 2287 ,
1593 2212 1888 2287 aequiora
1914 2211 2221 2288 impetrari

259 2310 450 2369 posse
477 2299 661 2367 ratus,
708 2294 982 2355 nuntium
1012 2294 1091 2353 ad
1121 2294 1474 2371 Scipionem
1510 2296 1690 2370 misit,
1733 2302 1800 2357 ut
1827 2295 2222 2371 colloquendi

260 2393 469 2437 secum
499 2383 864 2454 potestatem
891 2380 1137 2439 faceret.
1183 2379 1243 2439 id
1273 2387 1474 2458 utrum
1503 2392 1618 2441 sua
1647 2386 1873 2456 sponte
1899 2378 2110 2440 fecerit
2137 2394 2217 2439 an

257 2460 507 2536 publico
540 2462 817 2536 consilio,
862 2469 1141 2523 neutrum
1171 2476 1281 2523 cur
1307 2464 1622 2524 adfirmem
1650 2463 1871 2526 habco.
1932 2462 2221 2523 Valerius

235 2544 475 2616 ,Antias
506 2544 705 2621 primo
732 2546 967 2622 proelio
998 2547 1227 2608 victum
1254 2563 1396 2608 eum
1423 2563 1464 2607 a
1491 2546 1799 2624 Scipione,
1831 2563 1954 2625 quo
1984 2546 2220 2608 duode-

258 2629 375 2691 cim
416 2628 583 2689 milia
620 2636 987 2691 armatorum
1014 2630 1078 2691 in
1118 2632 1251 2692 acie
1281 2631 1402 2691 sint
1429 2646 1644 2707 caesa,
1685 2632 1850 2692 mille
1889 2638 1951 2693 et
1989 2630 2217 2707 septin-

256 2713 421 2789 genti
444 2712 624 2789 capti,
652 2716 917 2789 legatum
941 2729 1079 2774 cum
1098 2714 1237 2775 aliis
1258 2714 1476 2775 dacem
1495 2716 1712 2791 legatis
1733 2716 1916 2777 tradit
1933 2716 1995 2776 in
2019 2720 2221 2776 castra

258 2797 341 2856 ad
382 2796 736 2872 Scipionem
776 2798 1041 2859 venisse.
1111 2805 1380 2859 ceterum
1407 2798 1618 2875 Scipio
1663 2813 1802 2861 cum
1841 2799 2220 2875 colloquium

256 2880 425 2942 haud
454 2880 787 2957 abnuisset,
816 2881 997 2942 ambo
1028 2897 1105 2941 ex
1134 2883 1478 2958 composito
1501 2884 1692 2944 duces
1721 2890 1926 2945 castra
1949 2884 2215 2959 protule-

255 2972 415 3040 runt,
457 2971 523 3024 ut
550 2966 719 3026 coire
746 2977 825 3026 ex
852 2965 1200 3042 propinquo
1230 2973 1510 3042 possent.
1576 2966 1785 3043 Scipio
1812 2966 1980 3028 haud
2001 2968 2216 3043 procul

256 3048 608 3125 Naraggara
634 3049 787 3110 urbe
818 3063 953 3110 eum
982 3050 1064 3110 ad
1094 3056 1299 3111 cetera
1325 3053 1463 3113 loco
1494 3057 1860 3128 opportuno,
1891 3057 2019 3112 tum
2047 3050 2216 3127 quod

259 3134 509 3209 aquatio
538 3134 697 3195 intra
722 3134 825 3193 teli
854 3134 1194 3195 coniectum
1219 3142 1383 3211 erat,
1427 3135 1726 3197 consedit.
1789 3134 2094 3196 Hannibal
2121 3142 2216 3195 tu-

256 3218 484 3280 mulum
507 3234 545 3278 a
566 3224 851 3295 quattuor
870 3218 1113 3280 milibus
1134 3218 1298 3295 inde,
1319 3225 1508 3281 tutum
1531 3218 2044 3293 commodumque
2065 3217 2216 3278 alio-

258 3302 392 3377 qui,
437 3300 557 3363 nisi
600 3302 766 3379 quod
804 3302 1178 3379 longinquae
1212 3302 1565 3379 aquationis
1593 3308 1752 3377 crat,
1798 3302 1978 3378 cepit.
2042 3300 2124 3361 ibi
2151 3302 2216 3361 iu

256 3385 463 3531 media)
492 3385 669 3447 locus
697 3393 1068 3463 conspectus
1096 3385 1402 3463 undique,
1444 3402 1522 3449 ne
1551 3386 1700 3463 quid
1735 3384 2088 3447 insidiarum
2117 3398 2212 3445 es-

258 3476 369 3545 set,
458 3470 709 3531 electuS.
