2550 3959
391 212 477 277 36
683 213 912 275 LIBER
940 215 1155 275 XXIV.
1201 215 1369 276 CAP.
1394 224 1485 279 34.
1513 224 1603 278 35.
1648 223 1721 290 [a.
1748 221 1816 275 U.
1848 240 1897 275 c.
1920 223 2049 290 538]

392 371 730 429 mentorum
758 364 1054 427 instructa
1080 373 1242 442 erat,
1282 365 1572 428 Hieronis
1611 364 1910 443 impensis
1939 382 2213 443 curaque
2240 384 2355 445 per

390 449 617 517 multos
658 465 887 525 annOS,
923 449 1315 511 Archimedis
1354 450 1536 511 unica
1578 456 1730 513 arte.
1790 457 2007 513 natura
2034 450 2217 512 etiam
2246 452 2355 511 ad-

390 533 640 596 iuvabat
665 532 806 609 loci,
851 533 1021 610 quod
1048 550 1286 609 saxum,
1332 534 1431 595 cui
1460 534 1751 611 imposita
1776 534 1929 595 muri
1959 534 2355 597 fundamenta

391 623 562 693 sunt,
605 633 830 693 magna
868 623 1042 693 parte
1084 616 1167 678 ita
1195 618 1473 694 proclive
1512 624 1639 693 est,
1681 623 1901 681 utnon
1930 618 2133 680 solum
2160 620 2355 681 missa

390 707 724 775 tormento,
768 701 884 762 sed
912 700 1095 762 etiam
1123 717 1287 779 quae
1316 704 1593 779 pondere
1621 718 1738 765 suo
1768 702 2097 778 provoluta
2124 710 2353 779 essent,

389 786 659 863 graviter
695 784 758 845 in
799 784 1042 847 hostem
1076 785 1433 848 inciderent.
1497 785 1717 847 eadem
1746 800 1939 849 causa
1978 786 2057 847 ad
2088 784 2353 849 subeun-

389 870 536 933 dum
563 868 823 931 arduum
849 868 1081 945 aditum
1122 869 1595 947 instabilemque
1623 870 1969 947 ingressum
1997 868 2355 947 praebebat.

385 956 472 1015 ita
497 953 757 1015 consilio
781 952 1010 1029 habito,
1043 953 1334 1031 quoniam
1362 954 1560 1017 omnis
1591 962 1848 1017 conatus
1871 952 2137 1016 ludibrio
2166 962 2354 1031 esset,

386 1038 688 1100 absistere
735 1037 1196 1116 oppugnatione
1231 1044 1418 1115 atque
1468 1035 1817 1101 obsidendo
1858 1044 2087 1099 tantum
2138 1053 2355 1099 arcere

389 1129 546 1185 terra
574 1122 853 1199 marique
881 1121 1324 1183 commeatibus
1354 1122 1594 1185 hostem
1621 1122 1871 1199 placuit.

553 1206 794 1269 XXXV.
833 1205 1078 1268 Interim
1091 1204 1423 1268 Marcellus
1447 1221 1584 1268 cum
1611 1206 1787 1267 tertia
1816 1207 1947 1267 fere
1974 1211 2148 1281 parte
2176 1221 2355 1266 excr-

389 1290 547 1353 citus
577 1290 658 1353 ad
686 1290 1080 1367 recipiendas
1105 1290 1295 1353 urbes
1319 1291 1651 1367 profectus,
1683 1306 1844 1365 quae
1872 1290 1933 1349 in
1955 1296 2119 1351 motu
2149 1304 2355 1350 rerum

386 1376 464 1435 ad
495 1374 1033 1450 Carthaginienses
1066 1374 1436 1450 defecerant,
1474 1374 1765 1434 Helorum
1799 1381 1983 1449 atque
2007 1371 2357 1435 Herbesum

387 1458 751 1519 dedentibus
781 1458 936 1535 ipsis
961 1457 1197 1534 recipit,
1225 1458 1478 1534 Megara
1504 1456 1568 1519 vi
1597 1464 1777 1534 capta
1798 1457 1983 1518 diruit
2010 1471 2082 1517 ac
2105 1455 2359 1533 diripuit

384 1541 465 1602 ad
504 1542 880 1619 reliquorum
924 1557 1000 1603 ac
1027 1542 1292 1603 maxime
1319 1540 1855 1621 Syracusanorum
1884 1547 2195 1603 terrorem.
2238 1558 2357 1617 per

383 1625 547 1686 idem
583 1626 712 1687 fere
743 1632 989 1703 tempus
1021 1632 1082 1687 et
1106 1626 1366 1689 Himilco
1383 1672 1398 1701 ,
1446 1626 1548 1703 qui
1576 1626 1659 1707 ad
1685 1624 1958 1704 Pachyni
1997 1632 2355 1702 promunto-

380 1710 538 1771 rium
579 1712 846 1771 classem
887 1709 994 1771 diu
1033 1716 1337 1783 tenuerat,
1381 1709 1459 1770 ad
1488 1710 1875 1785 Heracleam,
1914 1724 2098 1785 quam
2126 1717 2357 1770 vocant

381 1794 682 1871 Minoam,
725 1793 996 1871 quinque
1038 1801 1099 1855 et
1123 1793 1335 1869 viginti
1365 1794 1529 1855 milia
1556 1793 1861 1873 peditum,
1906 1792 2021 1854 tria
2061 1793 2350 1868 equitum,

384 1878 712 1940 duodecim
747 1876 1111 1955 elephantos
1157 1878 1479 1955 exposuit,
1523 1892 1914 1953 nequaquam
1941 1892 2079 1937 cum
2106 1877 2351 1953 quantis

384 1962 582 2039 copiis
597 1967 736 2023 ante
759 1968 1034 2024 tenuerat
1047 1961 1127 2023 ad
1138 1961 1495 2039 Pachynum
1516 1962 1799 2023 classem.
1844 1967 1907 2022 et
1926 1966 2255 2038 postquam
2270 1960 2351 2019 ab

381 2046 760 2123 Hippocrate
790 2053 1132 2122 occupatae
1157 2044 1511 2122 Syracusae
1532 2051 1723 2118 erant,
1764 2044 2079 2121 profectus
2104 2042 2351 2105 Cartha·

382 2129 616 2205 ginem,
660 2128 1032 2205 adiutusque
1072 2128 1154 2190 ibi
1184 2135 1244 2190 et
1271 2129 1352 2189 ab
1381 2129 1597 2205 legatis
1624 2127 2018 2205 Hippocratis
2048 2133 2109 2186 et
2136 2125 2351 2188 litteris

381 2211 758 2285 Hannibalis,
787 2212 893 2290 qui
911 2213 1163 2275 venisse
1179 2219 1423 2288 tempus
1446 2211 1650 2275 aiebat
1660 2212 1904 2273 Siciliae
1920 2227 2034 2289 per
2048 2226 2351 2271 summum

382 2297 575 2358 decus
602 2297 1009 2373 repetendae,
1048 2296 1274 2374 etipse
1304 2296 1470 2358 haud
1503 2312 1704 2358 vanus
1748 2311 2045 2375 praesens
2086 2295 2351 2357 monitor

385 2380 563 2442 facile
603 2382 987 2458 perpulerat,
1029 2387 1097 2442 ut
1139 2388 1403 2456 quantae
1443 2380 1747 2441 maximae
1788 2386 2049 2457 possent
2074 2380 2349 2455 peditum

382 2464 778 2542 equitumque
799 2466 1018 2542 copiae
1043 2464 1105 2525 in
1119 2464 1387 2526 Siciliam
1415 2466 1831 2526 traicerentur.
1874 2463 2209 2525 adveniens
2225 2463 2348 2523 He-

380 2551 646 2611 racleam
673 2550 832 2611 intra
860 2564 1098 2626 paucos
1127 2549 1271 2610 inde
1300 2549 1436 2609 dies
1461 2548 1859 2624 Agrigentum
1890 2546 2153 2624 recepit;
2198 2546 2349 2606 alia-

379 2649 638 2709 rumque
681 2633 1042 2709 civitatium,
1093 2649 1252 2709 quae
1294 2632 1487 2709 partis
1532 2631 2114 2708 Carthaginiensium
2152 2639 2348 2708 erant,

381 2717 541 2778 adeo
583 2732 887 2779 accensae
927 2722 1070 2776 sunt
1109 2733 1258 2792 spes
1303 2714 1382 2776 ad
1423 2715 1747 2793 pellendos
1776 2715 1985 2777 Sicilia
2011 2716 2347 2793 Romanos,

383 2808 446 2863 ut
465 2808 778 2877 postremo
805 2800 984 2861 etiam
1011 2801 1111 2875 qui
1139 2799 1922 2880 obsidebanturSyracusis
1947 2798 2185 2861 animos
2208 2816 2347 2861 sus·

379 2883 642 2945 tulerint.
724 2890 788 2944 et
824 2890 1000 2961 parte
1053 2883 1370 2960 copiarum
1408 2884 1559 2944 satis
1600 2884 1848 2945 defendi
1900 2882 2111 2943 urbem
2151 2898 2349 2961 posse

379 2966 493 3028 rati
535 2967 619 3027 ita
669 2968 826 3027 inter
864 2982 938 3028 se
977 2983 1232 3028 munera
1269 2966 1414 3029 belli
1456 2967 1655 3044 partiti
1697 2974 1867 3044 sunt,
1924 2974 1992 3029 ut
2030 2967 2347 3045 Epicydes

379 3057 704 3127 praeesset
742 3050 1065 3113 custodiae
1115 3050 1318 3127 urbiS,
1378 3050 1788 3127 Hippocrates
1830 3051 2155 3112 Himilconi
2198 3066 2346 3112 con-

381 3136 619 3198 iunctus
639 3132 867 3197 bellum
889 3136 1192 3197 adversus
1216 3136 1531 3197 consulem
1546 3137 1884 3198 Romanum
1909 3143 2166 3213 gereret.
2205 3151 2347 3197 cum

381 3218 596 3280 decem
635 3218 878 3281 milibus
917 3219 1191 3296 peditum
1211 3266 1227 3296 ,
1288 3220 1634 3297 quingentis
1675 3219 1982 3298 equitibus
2026 3227 2207 3282 nocte
2232 3236 2351 3298 per

378 3301 728 3366 intermissa
768 3303 1068 3367 custodiis
1113 3305 1251 3365 loca
1291 3305 1603 3381 profectus
1647 3313 1849 3367 castra
1890 3306 2053 3366 eirca
2079 3304 2349 3367 Acrillas

379 3384 595 3447 urbem
608 3386 898 3464 ponebat.
927 3387 1337 3451 munientibus
1359 3389 1715 3466 supervenit
1726 3389 2051 3451 Marcellus
2075 3389 2151 3450 ab
2165 3388 2319 3467 Agri
2332 3423 2351 3432 -

380 3475 565 3545 gento
605 3470 725 3533 iam
769 3478 1101 3549 occupato,
1145 3488 1284 3534 cum
1325 3474 1547 3535 frustra
1588 3488 1663 3535 eo
1693 3475 2056 3550 praevenire
2097 3472 2347 3536 hostem
