2550 3959
407 226 499 291 84
808 225 1041 288 mez
1066 225 1253 287 xxv.
1301 223 1467 285 cAP.
1495 230 1583 289 27.
1625 230 1700 298 [a.
1731 228 1803 282 n.
1832 244 1882 284 ο.
1910 227 2038 295 540]

382 428 389 433 -
414 398 552 444 rum
582 388 644 443 ct
672 380 793 442 situ
826 384 889 440 et
916 353 1302 439 munimentis
1330 382 1489 449 tuta,
1530 375 1646 435 tria
1671 374 1835 435 milia
1863 375 2122 437 alterum
2151 374 2231 435 ab
2259 374 2379 457 Sy-

412 464 676 539 racusis,
704 464 962 525 alterum
988 460 1340 537 quindecim
1369 459 1564 520 abest.
1627 474 1703 519 eo
1735 466 1796 519 et
1821 463 2200 519 commeatus
2227 474 2270 519 e
2296 461 2380 521 ci-

416 548 707 611 vitatibus
728 547 860 607 suis
883 544 1352 621 comportabant
1371 548 1434 603 et
1455 542 1681 603 auxilia
1701 540 2119 603 accersebant.
2149 543 2384 605 interea

416 633 722 694 Bomilcar
758 630 973 691 iterum
1015 644 1152 689 cum
1198 629 1400 688 classe
1441 627 1760 701 profectus
1803 624 2225 701 Carthaginem
2240 672 2256 697 ,
2301 626 2384 688 ita

420 716 705 792 exposita
752 714 998 775 fortuna
1046 711 1387 785 sociorum,
1436 712 1506 771 u-'t
1553 724 1729 785 spem
1779 710 2011 771 faceret
2059 725 2182 772 non
2223 710 2383 785 ipsis

420 799 605 861 modo
636 800 964 861 salutarem
995 811 1179 872 opem
1204 796 1352 855 ferri
1374 809 1600 871 posse,
1642 793 1758 854 sed
1785 794 2102 855 Romanos
2133 809 2386 870 quoque

418 884 480 943 in
513 889 695 959 capta
729 882 992 956 quodam
1020 880 1205 940 modo
1234 878 1390 939 urbe
1419 878 1586 953 capi,
1625 878 1924 955 perpulit,
1968 884 2037 940 ut
2068 878 2384 939 onerarias

420 980 615 1027 naves
658 982 841 1043 quam
884 965 1179 1041 plurimas
1220 963 1388 1025 omni
1429 962 1612 1038 copia
1646 976 1855 1023 rerum
1883 968 2142 1023 onustas
2169 976 2384 1025 secum

418 1050 723 1111 mitterent
762 1049 1152 1125 classemque
1192 1063 1369 1109 suam
1409 1052 1721 1122 augerent.
1788 1046 1970 1122 igitur
2010 1051 2252 1107 centum
2277 1047 2384 1107 tri-

420 1136 585 1211 ginta
636 1133 897 1194 navibus
946 1132 1150 1209 longis
1200 1130 1604 1207 septingentis
1647 1129 1948 1192 onerariis
1989 1130 2305 1205 profectus
2349 1147 2387 1191 a

420 1218 782 1294 Carthagine
812 1218 963 1279 satis
995 1231 1336 1294 prosperos
1364 1222 1582 1275 ventos
1609 1214 1691 1275 ad
1713 1214 2116 1275 traiciendum
2144 1214 2207 1273 in
2229 1212 2381 1275 Sici·

416 1303 561 1364 llam
583 1301 810 1363 habuit.
844 1303 958 1363 sed
986 1301 1170 1362 iidem
1189 1300 1356 1360 ven-ti
1378 1314 1678 1375 superare
1699 1313 1840 1358 eum
1861 1296 2218 1375 Pachynum
2239 1312 2377 1373 pro—

418 1385 727 1447 hibebant.
792 1385 1153 1446 Bomilcaris
1192 1384 1496 1444 adventus
1537 1384 1702 1443 fama
1741 1382 1937 1457 primo
1969 1381 2110 1441 dein
2139 1388 2385 1457 praeter

420 1484 596 1545 spem
644 1484 818 1529 mora
867 1484 1006 1529 cum
1052 1466 1346 1543 gaudium
1387 1473 1449 1526 et
1485 1472 1710 1527 metum
1751 1466 1812 1525 in
1851 1465 2049 1525 vicem
2087 1466 2384 1526 Romanis

420 1551 959 1630 Syracusanisque
1000 1549 1420 1627 praebuisset,
1461 1550 1780 1629 Epicydes
1819 1556 2098 1610 metuens
2114 1594 2130 1623 ,
2174 1563 2252 1609 ne
2269 1595 2286 1623 ,
2329 1551 2384 1610 si

417 1641 746 1711 pergerent
782 1635 967 1696 iidem
1008 1634 1112 1711 qui
1153 1639 1281 1695 tum
1318 1634 1608 1694 tenebant
1635 1634 1712 1694 ab
1741 1638 1880 1695 ortu
1910 1632 2060 1693 solis
2089 1632 2242 1693 flare
2272 1648 2387 1708 per

419 1718 551 1779 dies
581 1721 793 1795 plures
816 1720 1000 1795 venti,
1032 1718 1251 1779 classis
1272 1718 1504 1779 Punica
1523 1718 1794 1779 Africam
1810 1723 2132 1792 repeteret,
2159 1716 2387 1777 tradita

416 1802 769 1864 Achradina
808 1803 1370 1864 mercennariorum
1398 1802 1652 1863 militum
1679 1801 1942 1863 ducibus
1975 1801 2054 1861 ad
2079 1800 2382 1861 Bomilca-

416 1902 548 1947 rem
575 1888 839 1963 navigat.
882 1889 1149 1948 classem
1175 1888 1239 1946 in
1268 1885 1534 1947 statione
1561 1901 1748 1946 versa
1773 1885 1835 1944 in
1857 1884 2128 1945 Africam
2148 1884 2384 1945 haben-

418 1977 539 2030 tem
594 1977 781 2046 atque
835 1970 1145 2031 timentem
1193 1970 1416 2030 navale
1464 1969 1797 2043 proelium,
1858 1983 1983 2029 non
2033 1974 2158 2029 tam
2209 1969 2382 2043 quod

380 2104 389 2111 .
418 2053 613 2128 impar
652 2052 887 2113 viribus
929 2059 1033 2114 aut
1068 2066 1322 2113 numero
1356 2051 1604 2111 navium
1632 2059 1801 2111 esset
1825 2086 1912 2097 ——
1941 2052 2171 2127 quippe
2199 2051 2386 2113 etiam

415 2136 626 2212 plures
674 2135 941 2196 habebat
965 2170 1052 2183 —-
1080 2150 1265 2211 quam
1319 2134 1490 2210 quod
1535 2134 1702 2194 venti
1752 2135 2023 2209 aptiores
2063 2135 2387 2196 Romanae

418 2234 602 2295 quam
630 2235 785 2281 suae
814 2218 999 2280 classi
1028 2218 1267 2293 flarent,
1297 2218 1567 2295 perpulit
1593 2225 1814 2292 tamen,
1845 2225 1913 2278 ut
1939 2219 2243 2279 fortunam
2273 2236 2382 2280 na-

418 2303 574 2363 valis
627 2303 975 2364 certaminis
1027 2303 1296 2379 experiri
1343 2303 1544 2364 vellet.
1618 2309 1680 2363 et
1716 2302 2043 2364 Marcellus
2057 2346 2074 2377 ,
2139 2316 2280 2363 cum
2321 2311 2386 2365 et

418 2385 691 2447 Siculum
719 2388 1052 2449 exercitum
1092 2402 1173 2447 cx
1209 2394 1338 2450 tota
1360 2387 1562 2447 insula
1591 2387 1822 2448 conciri
1847 2386 2108 2461 videret,
2149 2392 2212 2446 et
2241 2402 2382 2447 cum

412 2470 645 2547 ingenti
686 2477 1029 2534 commeatu
1072 2472 1341 2533 classem
1366 2470 1659 2532 Punicam
1687 2472 2049 2545 adventare,
2091 2485 2170 2531 ne
2197 2470 2384 2531 simul

414 2561 579 2615 terra
620 2556 899 2632 marique
938 2558 1216 2618 inclusus
1258 2556 1412 2616 urbe
1451 2555 1720 2617 hostium
1759 2560 2108 2630 urgeretur,
2163 2570 2380 2630 quam-

417 2655 601 2713 quam
642 2640 841 2715 impar
866 2655 1122 2701 numero
1150 2640 1400 2700 navium
1430 2645 1588 2713 erat,
1631 2638 1962 2715 prohibere
1988 2638 2159 2700 aditu
2187 2637 2384 2717 Syra-

416 2738 705 2783 cusarum
752 2722 1157 2785 Bomilcarem
1215 2722 1543 2785 constituit.
1615 2724 1777 2785 duae
1833 2725 2068 2785 classes
2118 2723 2382 2783 infestae

414 2806 579 2867 eirca
619 2807 1103 2882 promuntorium
1128 2806 1486 2883 Pachynum
1527 2806 1800 2883 stabant,
1846 2807 1951 2868 ubi
1991 2807 2188 2883 prima
2217 2813 2380 2867 tran-

414 2888 679 2962 quillitas
728 2890 915 2951 maris
956 2890 1017 2950 in
1059 2890 1246 2949 altum
1285 2891 1626 2966 evexisset,
1678 2907 2111 2953 concursurae.
2171 2890 2384 2967 itaque

412 2971 671 3033 cadente
712 2971 835 3033 iam
856 2972 1057 3047 Euro,
1102 2974 1207 3049 qui
1246 2990 1362 3049 per
1403 2975 1536 3035 dies
1567 2975 1802 3051 aliquot
1832 2975 2164 3047 saevierat,
2210 2974 2384 3050 prior

407 3053 715 3116 Bomilcar
746 3055 953 3133 movit,
984 3056 1159 3119 cuius
1188 3058 1386 3134 prima
1416 3057 1636 3121 classis
1659 3064 1872 3135 petere
1894 3062 2080 3121 altum
2099 3058 2240 3119 visa
2259 3064 2378 3133 est,

412 3154 535 3213 quo
568 3138 805 3201 facilius
837 3148 1162 3218 superaret
1187 3142 1690 3219 promuntorium.
1750 3150 2018 3207 ceterum
2045 3148 2379 3219 postquam

410 3222 663 3285 tendere
689 3223 773 3284 ad
802 3240 873 3286 se
901 3226 1214 3287 Romanas
1242 3242 1436 3287 naves
1465 3227 1632 3302 vidit,
1675 3228 1990 3303 incertum,
2022 3243 2146 3304 qua
2173 3226 2380 3288 subita

408 3305 651 3368 territus
679 3322 764 3384 re,
786 3306 1091 3369 Bomilcar
1118 3312 1255 3371 vela
1284 3310 1347 3369 in
1373 3312 1558 3372 altum
1581 3311 1765 3385 dedit,
1795 3311 2129 3388 missisque
2151 3311 2379 3373 nuntiis

404 3388 764 3452 Heracleam
808 3393 913 3469 qui
954 3395 1268 3455 onerarias
1310 3400 1474 3456 retro
1504 3394 1648 3455 inde
1673 3394 1945 3456 Africam
1973 3400 2256 3472 repetere
2283 3395 2379 3457 iu—

404 3469 651 3550 berent,
692 3475 831 3551 ipse
861 3475 1129 3537 Siciliam
1164 3484 1626 3553 praetervectus
1651 3477 1978 3541 Tarentum
2007 3478 2174 3555 petit.
2228 3477 2376 3556 Epi—

2515 0 2542 352 l

2537 354 2541 449 l
