<?xml version="1.0" encoding="UTF-8"?>
<!DOCTYPE html PUBLIC "-//W3C//DTD XHTML 1.0 Transitional//EN"
    "http://www.w3.org/TR/xhtml1/DTD/xhtml1-transitional.dtd">
<html xmlns="http://www.w3.org/1999/xhtml" xml:lang="en" lang="en">
 <head>
  <title>
</title>
<meta http-equiv="Content-Type" content="text/html;charset=utf-8" />
  <meta name='ocr-system' content='tesseract 3.04.00' />
  <meta name='ocr-capabilities' content='ocr_page ocr_carea ocr_par ocr_line ocrx_word'/>
</head>
<body>
  <div class='ocr_page' id='page_1' title='image "./aburbeconditali13livygoog_0129.png"; bbox 0 0 2550 3959; ppageno 0'>
   <div class='ocr_carea' id='block_1_1' title="bbox 408 269 1989 346">
    <p class='ocr_par' dir='ltr' id='par_1_1' title="bbox 408 269 1989 346">
     <span class='ocr_line' id='line_1_1' title="bbox 408 269 1989 346; baseline 0 -11"><span class='ocrx_word' id='word_1_1' title='bbox 408 269 533 336; x_wconf 77' lang='lat'>102</span> <span class='ocrx_word' id='word_1_2' title='bbox 794 272 1027 334; x_wconf 76' lang='lat' dir='ltr'>LmER</span> <span class='ocrx_word' id='word_1_3' title='bbox 1053 273 1265 333; x_wconf 81' lang='lat' dir='ltr'>xxvl.</span> <span class='ocrx_word' id='word_1_4' title='bbox 1314 271 1479 334; x_wconf 81' lang='lat' dir='ltr'>CAP.</span> <span class='ocrx_word' id='word_1_5' title='bbox 1513 282 1564 333; x_wconf 88' lang='lat'>1.</span> <span class='ocrx_word' id='word_1_6' title='bbox 1600 278 1675 346; x_wconf 66' lang='lat' dir='ltr'>[a.</span> <span class='ocrx_word' id='word_1_7' title='bbox 1697 276 1768 332; x_wconf 85' lang='grc' dir='ltr'>υ.</span> <span class='ocrx_word' id='word_1_8' title='bbox 1793 294 1840 331; x_wconf 69' lang='lat'>0.</span> <span class='ocrx_word' id='word_1_9' title='bbox 1862 278 1989 345; x_wconf 72' lang='lat'>541]</span> 
     </span>
    </p>
   </div>
   <div class='ocr_carea' id='block_1_2' title="bbox 386 421 2386 1391">
    <p class='ocr_par' dir='ltr' id='par_1_2' title="bbox 386 421 2386 1391">
     <span class='ocr_line' id='line_1_2' title="bbox 514 421 2383 489; baseline -0.001 -10"><span class='ocrx_word' id='word_1_10' title='bbox 514 424 727 479; x_wconf 77' lang='lat' dir='ltr'>claudio</span> <span class='ocrx_word' id='word_1_11' title='bbox 761 422 1071 475; x_wconf 83' lang='lat' dir='ltr'>consulibus.</span> <span class='ocrx_word' id='word_1_12' title='bbox 1126 424 1386 489; x_wconf 81' lang='lat' dir='ltr'>principes</span> <span class='ocrx_word' id='word_1_13' title='bbox 1406 421 1777 489; x_wconf 71' lang='lat' dir='ltr'><strong>Campanorum</strong></span> <span class='ocrx_word' id='word_1_14' title='bbox 1800 438 1998 475; x_wconf 86' lang='lat' dir='ltr'>veneno</span> <span class='ocrx_word' id='word_1_15' title='bbox 2028 425 2132 477; x_wconf 83' lang='lat' dir='ltr'>sibi</span> <span class='ocrx_word' id='word_1_16' title='bbox 2165 432 2383 477; x_wconf 87' lang='lat' dir='ltr'>mortem</span> 
     </span>
     <span class='ocr_line' id='line_1_3' title="bbox 512 491 2382 561; baseline 0.001 -16"><span class='ocrx_word' id='word_1_17' title='bbox 512 495 883 545; x_wconf 82' lang='lat' dir='ltr'>consciverunt.</span> <span class='ocrx_word' id='word_1_18' title='bbox 930 506 1045 543; x_wconf 86' lang='lat' dir='ltr'>cum</span> <span class='ocrx_word' id='word_1_19' title='bbox 1072 499 1277 543; x_wconf 82' lang='lat' dir='ltr'>senatus</span> <span class='ocrx_word' id='word_1_20' title='bbox 1297 491 1671 559; x_wconf 80' lang='lat' dir='ltr'><strong>Campanorum</strong></span> <span class='ocrx_word' id='word_1_21' title='bbox 1691 493 1954 559; x_wconf 78' lang='lat' dir='ltr'>deligatus</span> <span class='ocrx_word' id='word_1_22' title='bbox 1971 500 2106 547; x_wconf 86' lang='lat' dir='ltr'>esset</span> <span class='ocrx_word' id='word_1_23' title='bbox 2124 494 2195 545; x_wconf 85' lang='lat' dir='ltr'>ad</span> <span class='ocrx_word' id='word_1_24' title='bbox 2211 492 2382 561; x_wconf 82' lang='lat' dir='ltr'>palos,</span> 
     </span>
     <span class='ocr_line' id='line_1_4' title="bbox 509 560 2384 627; baseline 0.001 -13"><span class='ocrx_word' id='word_1_25' title='bbox 509 572 567 614; x_wconf 88' lang='lat' dir='ltr'>ut</span> <span class='ocrx_word' id='word_1_26' title='bbox 582 560 752 614; x_wconf 88' lang='lat' dir='ltr'>securi</span> <span class='ocrx_word' id='word_1_27' title='bbox 769 560 1020 627; x_wconf 71' lang='lat' dir='ltr'>feriretur,</span> <span class='ocrx_word' id='word_1_28' title='bbox 1036 560 1233 613; x_wconf 77' lang='lat' dir='ltr'><strong>litteras</strong></span> <span class='ocrx_word' id='word_1_29' title='bbox 1252 576 1286 611; x_wconf 87' lang='lat' dir='ltr'>a</span> <span class='ocrx_word' id='word_1_30' title='bbox 1303 569 1486 611; x_wconf 85' lang='lat' dir='ltr'>senatu</span> <span class='ocrx_word' id='word_1_31' title='bbox 1502 562 1687 613; x_wconf 83' lang='lat' dir='ltr'>missas</span> <span class='ocrx_word' id='word_1_32' title='bbox 1705 561 1766 623; x_wconf 84' lang='lat' dir='ltr'>Q.</span> <span class='ocrx_word' id='word_1_33' title='bbox 1788 560 2000 613; x_wconf 74' lang='lat' dir='ltr'>Fulvius</span> <span class='ocrx_word' id='word_1_34' title='bbox 2019 562 2200 614; x_wconf 81' lang='lat' dir='ltr'>consul</span> <span class='ocrx_word' id='word_1_35' title='bbox 2214 600 2229 625; x_wconf 88' lang='lat'>,</span> <span class='ocrx_word' id='word_1_36' title='bbox 2265 565 2384 627; x_wconf 74' lang='lat' dir='ltr'>qui-⁶</span> 
     </span>
     <span class='ocr_line' id='line_1_5' title="bbox 516 630 2384 700; baseline 0.001 -17"><span class='ocrx_word' id='word_1_37' title='bbox 516 634 609 683; x_wconf 89' lang='lat' dir='ltr'>bus</span> <span class='ocrx_word' id='word_1_38' title='bbox 641 632 911 683; x_wconf 87' lang='lat' dir='ltr'>iubebatur</span> <span class='ocrx_word' id='word_1_39' title='bbox 938 644 1151 697; x_wconf 89' lang='lat' dir='ltr'>parcere</span> <span class='ocrx_word' id='word_1_40' title='bbox 1167 668 1182 691; x_wconf 90' lang='lat'>‚</span> <span class='ocrx_word' id='word_1_41' title='bbox 1217 638 1489 694; x_wconf 87' lang='lat' dir='ltr'>antequam</span> <span class='ocrx_word' id='word_1_42' title='bbox 1504 630 1726 698; x_wconf 82' lang='lat' dir='ltr'>legeret,</span> <span class='ocrx_word' id='word_1_43' title='bbox 1753 632 1812 681; x_wconf 86' lang='lat' dir='ltr'>in</span> <span class='ocrx_word' id='word_1_44' title='bbox 1829 630 1947 682; x_wconf 88' lang='lat' dir='ltr'>sinu</span> <span class='ocrx_word' id='word_1_45' title='bbox 1963 631 2164 697; x_wconf 87' lang='lat' dir='ltr'>posuit,</span> <span class='ocrx_word' id='word_1_46' title='bbox 2196 640 2246 683; x_wconf 85' lang='lat' dir='ltr'>et</span> <span class='ocrx_word' id='word_1_47' title='bbox 2263 632 2384 700; x_wconf 80' lang='lat' dir='ltr'>lege</span> 
     </span>
     <span class='ocr_line' id='line_1_6' title="bbox 513 699 2383 769; baseline 0.002 -18"><span class='ocrx_word' id='word_1_48' title='bbox 513 702 603 769; x_wconf 72' lang='lat' dir='ltr'>agi</span> <span class='ocrx_word' id='word_1_49' title='bbox 628 701 777 751; x_wconf 82' lang='lat' dir='ltr'>iussit</span> <span class='ocrx_word' id='word_1_50' title='bbox 804 706 859 750; x_wconf 82' lang='lat' dir='ltr'>et</span> <span class='ocrx_word' id='word_1_51' title='bbox 885 699 1198 766; x_wconf 85' lang='lat' dir='ltr'>supplicium</span> <span class='ocrx_word' id='word_1_52' title='bbox 1232 700 1450 766; x_wconf 77' lang='lat' dir='ltr'>peregit.</span> <span class='ocrx_word' id='word_1_53' title='bbox 1505 716 1622 751; x_wconf 86' lang='lat' dir='ltr'>cum</span> <span class='ocrx_word' id='word_1_54' title='bbox 1653 702 1708 750; x_wconf 89' lang='lat' dir='ltr'>in</span> <span class='ocrx_word' id='word_1_55' title='bbox 1733 700 1956 751; x_wconf 85' lang='lat' dir='ltr'>comitiis</span> <span class='ocrx_word' id='word_1_56' title='bbox 1971 700 2114 765; x_wconf 80' lang='lat' dir='ltr'>apud</span> <span class='ocrx_word' id='word_1_57' title='bbox 2129 702 2383 767; x_wconf 87' lang='lat' dir='ltr'>populum</span> 
     </span>
     <span class='ocr_line' id='line_1_7' title="bbox 513 768 2385 835; baseline 0.002 -15"><span class='ocrx_word' id='word_1_58' title='bbox 513 774 837 835; x_wconf 71' lang='lat' dir='ltr'><strong>quaereretur</strong></span> <span class='ocrx_word' id='word_1_59' title='bbox 848 804 864 829; x_wconf 93' lang='lat'>,</span> <span class='ocrx_word' id='word_1_60' title='bbox 893 770 977 820; x_wconf 87' lang='lat' dir='ltr'>cui</span> <span class='ocrx_word' id='word_1_61' title='bbox 996 770 1328 821; x_wconf 80' lang='lat' dir='ltr'>mandaretur</span> <span class='ocrx_word' id='word_1_62' title='bbox 1343 768 1703 834; x_wconf 70' lang='lat' dir='ltr'>Hispaniarum</span> <span class='ocrx_word' id='word_1_63' title='bbox 1728 770 1997 835; x_wconf 81' lang='lat' dir='ltr'>imperium</span> <span class='ocrx_word' id='word_1_64' title='bbox 2013 806 2030 831; x_wconf 91' lang='lat'>,</span> <span class='ocrx_word' id='word_1_65' title='bbox 2056 768 2197 821; x_wconf 89' lang='lat' dir='ltr'>nullo</span> <span class='ocrx_word' id='word_1_66' title='bbox 2215 770 2272 823; x_wconf 79' lang='lat' dir='ltr'>id</span> <span class='ocrx_word' id='word_1_67' title='bbox 2290 787 2385 823; x_wconf 81' lang='lat' dir='ltr'>vo.-</span> 
     </span>
     <span class='ocr_line' id='line_1_8' title="bbox 511 836 2384 906; baseline 0.002 -17"><span class='ocrx_word' id='word_1_68' title='bbox 511 840 648 891; x_wconf 84' lang='lat' dir='ltr'>lente</span> <span class='ocrx_word' id='word_1_69' title='bbox 674 838 937 904; x_wconf 74' lang='lat' dir='ltr'>suscipere</span> <span class='ocrx_word' id='word_1_70' title='bbox 950 839 1011 889; x_wconf 89' lang='lat' dir='ltr'>P.</span> <span class='ocrx_word' id='word_1_71' title='bbox 1033 836 1205 904; x_wconf 82' lang='lat' dir='ltr'>Scipio</span> <span class='ocrx_word' id='word_1_72' title='bbox 1219 874 1236 899; x_wconf 95' lang='lat'>,</span> <span class='ocrx_word' id='word_1_73' title='bbox 1268 838 1328 889; x_wconf 90' lang='lat' dir='ltr'>P.</span> <span class='ocrx_word' id='word_1_74' title='bbox 1347 836 1489 889; x_wconf 80' lang='lat' dir='ltr'>filins</span> <span class='ocrx_word' id='word_1_75' title='bbox 1507 838 1667 903; x_wconf 81' lang='lat' dir='ltr'>quiin</span> <span class='ocrx_word' id='word_1_76' title='bbox 1679 838 1928 905; x_wconf 77' lang='lat' dir='ltr'>Hispania</span> <span class='ocrx_word' id='word_1_77' title='bbox 1945 838 2226 900; x_wconf 84' lang='lat' dir='ltr'>ceciderat,</span> <span class='ocrx_word' id='word_1_78' title='bbox 2260 854 2384 906; x_wconf 86' lang='lat' dir='ltr'>pro·</span> 
     </span>
     <span class='ocr_line' id='line_1_9' title="bbox 514 906 2384 974; baseline 0.001 -15"><span class='ocrx_word' id='word_1_79' title='bbox 514 906 685 960; x_wconf 79' lang='lat' dir='ltr'>fessus</span> <span class='ocrx_word' id='word_1_80' title='bbox 704 915 780 959; x_wconf 84' lang='lat' dir='ltr'>est</span> <span class='ocrx_word' id='word_1_81' title='bbox 798 923 854 958; x_wconf 80' lang='lat' dir='ltr'>se</span> <span class='ocrx_word' id='word_1_82' title='bbox 872 908 1084 969; x_wconf 86' lang='lat' dir='ltr'>iturum,</span> <span class='ocrx_word' id='word_1_83' title='bbox 1115 915 1165 957; x_wconf 83' lang='lat' dir='ltr'>et</span> <span class='ocrx_word' id='word_1_84' title='bbox 1182 908 1426 974; x_wconf 73' lang='lat' dir='ltr'>suffragio</span> <span class='ocrx_word' id='word_1_85' title='bbox 1443 908 1626 973; x_wconf 88' lang='lat' dir='ltr'>populi</span> <span class='ocrx_word' id='word_1_86' title='bbox 1644 922 1996 972; x_wconf 75' lang='lat' dir='ltr'>consensuque</span> <span class='ocrx_word' id='word_1_87' title='bbox 2016 909 2238 959; x_wconf 89' lang='lat' dir='ltr'>omnium</span> <span class='ocrx_word' id='word_1_88' title='bbox 2254 910 2384 960; x_wconf 87' lang='lat' dir='ltr'>mis·</span> 
     </span>
     <span class='ocr_line' id='line_1_10' title="bbox 514 974 2385 1043; baseline 0.001 -16"><span class='ocrx_word' id='word_1_89' title='bbox 514 992 603 1028; x_wconf 82' lang='lat' dir='ltr'>sus</span> <span class='ocrx_word' id='word_1_90' title='bbox 654 974 850 1028; x_wconf 87' lang='lat' dir='ltr'>Novam</span> <span class='ocrx_word' id='word_1_91' title='bbox 890 974 1252 1043; x_wconf 68' lang='lat' dir='ltr'>Carthaginem</span> <span class='ocrx_word' id='word_1_92' title='bbox 1303 978 1621 1042; x_wconf 73' lang='lat' dir='ltr'>expugnavit</span> <span class='ocrx_word' id='word_1_93' title='bbox 1634 1013 1650 1039; x_wconf 89' lang='lat'>,</span> <span class='ocrx_word' id='word_1_94' title='bbox 1701 992 1818 1027; x_wconf 86' lang='lat' dir='ltr'>cum</span> <span class='ocrx_word' id='word_1_95' title='bbox 1863 984 2038 1043; x_wconf 83' lang='lat' dir='ltr'>ageret</span> <span class='ocrx_word' id='word_1_96' title='bbox 2082 976 2385 1029; x_wconf 82' lang='lat' dir='ltr'>vicesimum</span> 
     </span>
     <span class='ocr_line' id='line_1_11' title="bbox 510 1046 2383 1113; baseline 0.001 -16"><span class='ocrx_word' id='word_1_97' title='bbox 510 1054 743 1112; x_wconf 80' lang='lat' dir='ltr'>quartum</span> <span class='ocrx_word' id='word_1_98' title='bbox 775 1060 961 1097; x_wconf 89' lang='lat' dir='ltr'>annum</span> <span class='ocrx_word' id='word_1_99' title='bbox 974 1083 990 1108; x_wconf 94' lang='lat'>,</span> <span class='ocrx_word' id='word_1_100' title='bbox 1024 1046 1383 1109; x_wconf 80' lang='lat' dir='ltr'>videreturque</span> <span class='ocrx_word' id='word_1_101' title='bbox 1401 1046 1575 1096; x_wconf 78' lang='lat' dir='ltr'>divina</span> <span class='ocrx_word' id='word_1_102' title='bbox 1589 1047 1752 1111; x_wconf 83' lang='lat' dir='ltr'>stirpe</span> <span class='ocrx_word' id='word_1_103' title='bbox 1771 1047 1972 1113; x_wconf 70' lang='lat' dir='ltr'>genitus</span> <span class='ocrx_word' id='word_1_104' title='bbox 1984 1082 2000 1107; x_wconf 94' lang='lat'>,</span> <span class='ocrx_word' id='word_1_105' title='bbox 2031 1046 2155 1109; x_wconf 85' lang='lat' dir='ltr'>qnia</span> <span class='ocrx_word' id='word_1_106' title='bbox 2175 1054 2226 1098; x_wconf 88' lang='lat' dir='ltr'>et</span> <span class='ocrx_word' id='word_1_107' title='bbox 2243 1049 2383 1113; x_wconf 83' lang='lat' dir='ltr'>ipse,</span> 
     </span>
     <span class='ocr_line' id='line_1_12' title="bbox 439 1114 2384 1183; baseline 0.001 -17"><span class='ocrx_word' id='word_1_108' title='bbox 439 1176 453 1183; x_wconf 46' lang='grc'><strong><em>,</em></strong></span> <span class='ocrx_word' id='word_1_109' title='bbox 510 1124 782 1182; x_wconf 74' lang='lat' dir='ltr'>postquam</span> <span class='ocrx_word' id='word_1_110' title='bbox 798 1122 971 1183; x_wconf 80' lang='lat' dir='ltr'>togam</span> <span class='ocrx_word' id='word_1_111' title='bbox 988 1122 1269 1181; x_wconf 80' lang='lat' dir='ltr'>acceperat,</span> <span class='ocrx_word' id='word_1_112' title='bbox 1290 1114 1518 1178; x_wconf 88' lang='lat' dir='ltr'>quotidie</span> <span class='ocrx_word' id='word_1_113' title='bbox 1533 1116 1585 1165; x_wconf 80' lang='lat' dir='ltr'>in</span> <span class='ocrx_word' id='word_1_114' title='bbox 1599 1114 1845 1181; x_wconf 76' lang='lat' dir='ltr'>Capitolio</span> <span class='ocrx_word' id='word_1_115' title='bbox 1863 1123 1992 1177; x_wconf 70' lang='lat' dir='ltr'>erat,</span> <span class='ocrx_word' id='word_1_116' title='bbox 2005 1122 2055 1165; x_wconf 88' lang='lat' dir='ltr'>et</span> <span class='ocrx_word' id='word_1_117' title='bbox 2073 1116 2126 1165; x_wconf 87' lang='lat' dir='ltr'>in</span> <span class='ocrx_word' id='word_1_118' title='bbox 2137 1116 2384 1168; x_wconf 77' lang='lat' dir='ltr'>eubiculo</span> 
     </span>
     <span class='ocr_line' id='line_1_13' title="bbox 386 1178 2385 1253; baseline -0.001 -16"><span class='ocrx_word' id='word_1_119' title='bbox 386 1178 394 1185; x_wconf 70' lang='grc'><strong>’</strong></span> <span class='ocrx_word' id='word_1_120' title='bbox 514 1186 691 1237; x_wconf 64' lang='lat' dir='ltr'>nutris</span> <span class='ocrx_word' id='word_1_121' title='bbox 708 1186 825 1237; x_wconf 81' lang='lat' dir='ltr'>eius</span> <span class='ocrx_word' id='word_1_122' title='bbox 841 1186 1025 1253; x_wconf 76' lang='lat' dir='ltr'>anguis</span> <span class='ocrx_word' id='word_1_123' title='bbox 1040 1198 1409 1251; x_wconf 68' lang='lat' dir='ltr'>saepenumero</span> <span class='ocrx_word' id='word_1_124' title='bbox 1425 1184 1572 1236; x_wconf 79' lang='lat' dir='ltr'>visus</span> <span class='ocrx_word' id='word_1_125' title='bbox 1591 1191 1714 1235; x_wconf 81' lang='lat' dir='ltr'>erat.</span> <span class='ocrx_word' id='word_1_126' title='bbox 1751 1199 1834 1235; x_wconf 78' lang='lat' dir='ltr'>ree</span> <span class='ocrx_word' id='word_1_127' title='bbox 1851 1192 2112 1250; x_wconf 72' lang='lat' dir='ltr'>praeterea</span> <span class='ocrx_word' id='word_1_128' title='bbox 2132 1185 2185 1234; x_wconf 91' lang='lat' dir='ltr'>in</span> <span class='ocrx_word' id='word_1_129' title='bbox 2201 1183 2385 1236; x_wconf 81' lang='lat' dir='ltr'>Sicilia</span> 
     </span>
     <span class='ocr_line' id='line_1_14' title="bbox 514 1252 2386 1322; baseline 0.001 -16"><span class='ocrx_word' id='word_1_130' title='bbox 514 1261 687 1321; x_wconf 77' lang='lat' dir='ltr'>gestas</span> <span class='ocrx_word' id='word_1_131' title='bbox 720 1256 973 1315; x_wconf 85' lang='lat' dir='ltr'>continet,</span> <span class='ocrx_word' id='word_1_132' title='bbox 1006 1261 1057 1306; x_wconf 78' lang='lat' dir='ltr'>et</span> <span class='ocrx_word' id='word_1_133' title='bbox 1076 1255 1355 1305; x_wconf 81' lang='lat' dir='ltr'>amicitiam</span> <span class='ocrx_word' id='word_1_134' title='bbox 1387 1268 1504 1305; x_wconf 90' lang='lat' dir='ltr'>cum</span> <span class='ocrx_word' id='word_1_135' title='bbox 1523 1252 1721 1305; x_wconf 60' lang='lat' dir='ltr'>Aetolis</span> <span class='ocrx_word' id='word_1_136' title='bbox 1738 1254 1964 1304; x_wconf 81' lang='lat' dir='ltr'>iunctam</span> <span class='ocrx_word' id='word_1_137' title='bbox 1979 1252 2272 1318; x_wconf 84' lang='lat' dir='ltr'>bellumque</span> <span class='ocrx_word' id='word_1_138' title='bbox 2290 1270 2386 1322; x_wconf 77' lang='lat' dir='ltr'>ge-</span> 
     </span>
     <span class='ocr_line' id='line_1_15' title="bbox 512 1321 2166 1391; baseline 0 -16"><span class='ocrx_word' id='word_1_139' title='bbox 512 1333 650 1375; x_wconf 88' lang='lat' dir='ltr'>stum</span> <span class='ocrx_word' id='word_1_140' title='bbox 670 1325 916 1377; x_wconf 80' lang='lat' dir='ltr'>adversus</span> <span class='ocrx_word' id='word_1_141' title='bbox 935 1327 1231 1375; x_wconf 70' lang='lat' dir='ltr'>Acarnanes</span> <span class='ocrx_word' id='word_1_142' title='bbox 1249 1330 1300 1374; x_wconf 88' lang='lat' dir='ltr'>et</span> <span class='ocrx_word' id='word_1_143' title='bbox 1315 1321 1605 1389; x_wconf 85' lang='lat' dir='ltr'>Philippum</span> <span class='ocrx_word' id='word_1_144' title='bbox 1623 1322 1952 1374; x_wconf 75' lang='lat' dir='ltr'>Macedoniae</span> <span class='ocrx_word' id='word_1_145' title='bbox 1971 1338 2166 1391; x_wconf 75' lang='lat' dir='ltr'>regem.</span> 
     </span>
    </p>
   </div>
   <div class='ocr_carea' id='block_1_3' title="bbox 402 1422 2386 3604">
    <p class='ocr_par' dir='ltr' id='par_1_3' title="bbox 402 1422 2386 3604">
     <span class='ocr_line' id='line_1_16' title="bbox 576 1422 2355 1499; baseline 0 -16"><span class='ocrx_word' id='word_1_146' title='bbox 576 1424 624 1483; x_wconf 93' lang='lat'>1.</span> <span class='ocrx_word' id='word_1_147' title='bbox 682 1423 785 1484; x_wconf 89' lang='lat' dir='ltr'>Cn.</span> <span class='ocrx_word' id='word_1_148' title='bbox 814 1423 1069 1485; x_wconf 87' lang='lat' dir='ltr'>Fulvius</span> <span class='ocrx_word' id='word_1_149' title='bbox 1113 1424 1502 1485; x_wconf 82' lang='lat' dir='ltr'>Centumalus</span> <span class='ocrx_word' id='word_1_150' title='bbox 1542 1422 1607 1483; x_wconf 91' lang='lat' dir='ltr'>P.</span> <span class='ocrx_word' id='word_1_151' title='bbox 1642 1422 1953 1499; x_wconf 80' lang='lat' dir='ltr'>Sulpicius</span> <span class='ocrx_word' id='word_1_152' title='bbox 1991 1423 2191 1483; x_wconf 80' lang='lat' dir='ltr'>Galba</span> <span class='ocrx_word' id='word_1_153' title='bbox 2229 1438 2355 1485; x_wconf 85' lang='lat' dir='ltr'>con</span> 
     </span>
     <span class='ocr_line' id='line_1_17' title="bbox 413 1506 2385 1583; baseline -0.003 -11"><span class='ocrx_word' id='word_1_154' title='bbox 413 1511 582 1572; x_wconf 86' lang='lat' dir='ltr'>sules</span> <span class='ocrx_word' id='word_1_155' title='bbox 614 1522 756 1569; x_wconf 84' lang='lat' dir='ltr'>cum</span> <span class='ocrx_word' id='word_1_156' title='bbox 784 1506 987 1569; x_wconf 81' lang='lat' dir='ltr'>idibus</span> <span class='ocrx_word' id='word_1_157' title='bbox 1014 1506 1251 1569; x_wconf 83' lang='lat' dir='ltr'>Martiis</span> <span class='ocrx_word' id='word_1_158' title='bbox 1279 1508 1700 1583; x_wconf 83' lang='lat' dir='ltr'>magistratum</span> <span class='ocrx_word' id='word_1_159' title='bbox 1731 1508 2023 1581; x_wconf 77' lang='lat' dir='ltr'>inissent,</span> <span class='ocrx_word' id='word_1_160' title='bbox 2065 1512 2289 1569; x_wconf 75' lang='lat' dir='ltr'>senatu</span> <span class='ocrx_word' id='word_1_161' title='bbox 2318 1506 2385 1567; x_wconf 91' lang='lat' dir='ltr'>in</span> 
     </span>
     <span class='ocr_line' id='line_1_18' title="bbox 412 1589 2383 1670; baseline -0.002 -14"><span class='ocrx_word' id='word_1_162' title='bbox 412 1591 773 1670; x_wconf 77' lang='lat' dir='ltr'>Capitolium</span> <span class='ocrx_word' id='word_1_163' title='bbox 798 1598 1021 1653; x_wconf 82' lang='lat' dir='ltr'>vocato</span> <span class='ocrx_word' id='word_1_164' title='bbox 1052 1592 1133 1653; x_wconf 86' lang='lat' dir='ltr'>de</span> <span class='ocrx_word' id='word_1_165' title='bbox 1158 1606 1228 1652; x_wconf 89' lang='lat' dir='ltr'>re</span> <span class='ocrx_word' id='word_1_166' title='bbox 1254 1589 1521 1669; x_wconf 86' lang='lat' dir='ltr'>publiea,</span> <span class='ocrx_word' id='word_1_167' title='bbox 1553 1592 1634 1652; x_wconf 89' lang='lat' dir='ltr'>de</span> <span class='ocrx_word' id='word_1_168' title='bbox 1659 1590 2186 1653; x_wconf 80' lang='lat' dir='ltr'>administratione</span> <span class='ocrx_word' id='word_1_169' title='bbox 2215 1592 2383 1667; x_wconf 89' lang='lat' dir='ltr'>belli,</span> 
     </span>
     <span class='ocr_line' id='line_1_19' title="bbox 412 1673 2384 1753; baseline -0.002 -14"><span class='ocrx_word' id='word_1_170' title='bbox 412 1679 491 1739; x_wconf 91' lang='lat' dir='ltr'>de</span> <span class='ocrx_word' id='word_1_171' title='bbox 520 1675 857 1753; x_wconf 87' lang='lat' dir='ltr'>provinciis</span> <span class='ocrx_word' id='word_1_172' title='bbox 884 1676 1384 1753; x_wconf 81' lang='lat' dir='ltr'>exercitibusque</span> <span class='ocrx_word' id='word_1_173' title='bbox 1413 1682 1622 1753; x_wconf 83' lang='lat' dir='ltr'>patres</span> <span class='ocrx_word' id='word_1_174' title='bbox 1647 1677 2104 1737; x_wconf 70' lang='lat' dir='ltr'>consuluerunt„</span> <span class='ocrx_word' id='word_1_175' title='bbox 2148 1674 2218 1751; x_wconf 77' lang='grc' dir='ltr'>Ω.</span> <span class='ocrx_word' id='word_1_176' title='bbox 2239 1673 2384 1736; x_wconf 84' lang='lat' dir='ltr'>Ful-</span> 
     </span>
     <span class='ocr_line' id='line_1_20' title="bbox 412 1759 2384 1837; baseline -0.003 -14"><span class='ocrx_word' id='word_1_177' title='bbox 412 1764 513 1823; x_wconf 90' lang='lat' dir='ltr'>vio</span> <span class='ocrx_word' id='word_1_178' title='bbox 542 1763 664 1837; x_wconf 80' lang='lat' dir='ltr'>Ap.</span> <span class='ocrx_word' id='word_1_179' title='bbox 698 1760 968 1835; x_wconf 79' lang='lat' dir='ltr'>Claudio,</span> <span class='ocrx_word' id='word_1_180' title='bbox 1011 1760 1237 1837; x_wconf 85' lang='lat' dir='ltr'>prioris</span> <span class='ocrx_word' id='word_1_181' title='bbox 1266 1761 1410 1822; x_wconf 89' lang='lat' dir='ltr'>anni</span> <span class='ocrx_word' id='word_1_182' title='bbox 1440 1760 1816 1836; x_wconf 61' lang='lat' dir='ltr'>consulibua</span> <span class='ocrx_word' id='word_1_183' title='bbox 1843 1766 2244 1836; x_wconf 79' lang='lat' dir='ltr'>prorogatum</span> <span class='ocrx_word' id='word_1_184' title='bbox 2271 1759 2384 1819; x_wconf 90' lang='lat' dir='ltr'>im-</span> 
     </span>
     <span class='ocr_line' id='line_1_21' title="bbox 413 1843 2384 1922; baseline -0.002 -15"><span class='ocrx_word' id='word_1_185' title='bbox 413 1845 650 1921; x_wconf 88' lang='lat' dir='ltr'>perium</span> <span class='ocrx_word' id='word_1_186' title='bbox 678 1850 987 1922; x_wconf 79' lang='lat' dir='ltr'>astatque</span> <span class='ocrx_word' id='word_1_187' title='bbox 1016 1846 1322 1907; x_wconf 85' lang='lat' dir='ltr'>exercitus</span> <span class='ocrx_word' id='word_1_188' title='bbox 1338 1890 1354 1920; x_wconf 92' lang='lat'>,</span> <span class='ocrx_word' id='word_1_189' title='bbox 1402 1860 1561 1921; x_wconf 86' lang='lat' dir='ltr'>quos</span> <span class='ocrx_word' id='word_1_190' title='bbox 1591 1844 1898 1907; x_wconf 79' lang='lat' dir='ltr'>habebant</span> <span class='ocrx_word' id='word_1_191' title='bbox 1911 1887 1928 1918; x_wconf 91' lang='lat'>,</span> <span class='ocrx_word' id='word_1_192' title='bbox 1974 1843 2230 1917; x_wconf 81' lang='lat' dir='ltr'>decreti,</span> <span class='ocrx_word' id='word_1_193' title='bbox 2273 1843 2384 1904; x_wconf 89' lang='lat' dir='ltr'>ad-</span> 
     </span>
     <span class='ocr_line' id='line_1_22' title="bbox 412 1926 2386 2007; baseline -0.001 -17"><span class='ocrx_word' id='word_1_194' title='bbox 412 1930 791 2007; x_wconf 89' lang='lat' dir='ltr'>iectumque,</span> <span class='ocrx_word' id='word_1_195' title='bbox 834 1945 913 1989; x_wconf 89' lang='lat' dir='ltr'>ne</span> <span class='ocrx_word' id='word_1_196' title='bbox 955 1946 993 1991; x_wconf 89' lang='lat' dir='ltr'>a</span> <span class='ocrx_word' id='word_1_197' title='bbox 1020 1928 1259 2005; x_wconf 81' lang='lat' dir='ltr'>Capua,</span> <span class='ocrx_word' id='word_1_198' title='bbox 1305 1945 1488 2005; x_wconf 86' lang='lat' dir='ltr'>quam</span> <span class='ocrx_word' id='word_1_199' title='bbox 1532 1927 1928 2004; x_wconf 76' lang='lat' dir='ltr'>obsidebant,</span> <span class='ocrx_word' id='word_1_200' title='bbox 1972 1926 2386 1989; x_wconf 79' lang='lat' dir='ltr'>abscederent</span> 
     </span>
     <span class='ocr_line' id='line_1_23' title="bbox 412 2012 2383 2091; baseline -0.001 -16"><span class='ocrx_word' id='word_1_201' title='bbox 412 2015 587 2091; x_wconf 84' lang='lat' dir='ltr'>prius</span> <span class='ocrx_word' id='word_1_202' title='bbox 620 2028 802 2089; x_wconf 87' lang='lat' dir='ltr'>quam</span> <span class='ocrx_word' id='word_1_203' title='bbox 830 2020 1314 2089; x_wconf 72' lang='lat' dir='ltr'>expugnassent„</span> <span class='ocrx_word' id='word_1_204' title='bbox 1380 2028 1455 2074; x_wconf 88' lang='lat' dir='ltr'>ea</span> <span class='ocrx_word' id='word_1_205' title='bbox 1483 2019 1610 2075; x_wconf 86' lang='lat' dir='ltr'>tum</span> <span class='ocrx_word' id='word_1_206' title='bbox 1639 2028 1788 2073; x_wconf 81' lang='lat' dir='ltr'>cura</span> <span class='ocrx_word' id='word_1_207' title='bbox 1816 2012 2082 2073; x_wconf 87' lang='lat' dir='ltr'>maxime</span> <span class='ocrx_word' id='word_1_208' title='bbox 2110 2012 2383 2073; x_wconf 81' lang='lat' dir='ltr'>intentos</span> 
     </span>
     <span class='ocr_line' id='line_1_24' title="bbox 408 2096 2383 2173; baseline -0.001 -13"><span class='ocrx_word' id='word_1_209' title='bbox 408 2098 674 2160; x_wconf 88' lang='lat' dir='ltr'>habebat</span> <span class='ocrx_word' id='word_1_210' title='bbox 698 2096 1031 2173; x_wconf 79' lang='lat' dir='ltr'>RomanoS,</span> <span class='ocrx_word' id='word_1_211' title='bbox 1063 2114 1187 2159; x_wconf 89' lang='lat' dir='ltr'>non</span> <span class='ocrx_word' id='word_1_212' title='bbox 1216 2098 1295 2161; x_wconf 88' lang='lat' dir='ltr'>ab</span> <span class='ocrx_word' id='word_1_213' title='bbox 1317 2098 1409 2159; x_wconf 87' lang='lat' dir='ltr'>ira</span> <span class='ocrx_word' id='word_1_214' title='bbox 1434 2103 1686 2169; x_wconf 69' lang='lat' dir='ltr'>tantum,</span> <span class='ocrx_word' id='word_1_215' title='bbox 1725 2113 1886 2173; x_wconf 85' lang='lat' dir='ltr'>quae</span> <span class='ocrx_word' id='word_1_216' title='bbox 1913 2096 1974 2159; x_wconf 90' lang='lat' dir='ltr'>in</span> <span class='ocrx_word' id='word_1_217' title='bbox 1995 2096 2224 2157; x_wconf 84' lang='lat' dir='ltr'>nullam</span> <span class='ocrx_word' id='word_1_218' title='bbox 2247 2112 2383 2159; x_wconf 86' lang='lat' dir='ltr'>um—</span> 
     </span>
     <span class='ocr_line' id='line_1_25' title="bbox 414 2180 2383 2261; baseline -0.001 -18"><span class='ocrx_word' id='word_1_219' title='bbox 414 2196 599 2261; x_wconf 86' lang='lat' dir='ltr'>quam</span> <span class='ocrx_word' id='word_1_220' title='bbox 640 2180 944 2243; x_wconf 85' lang='lat' dir='ltr'>eivitatem</span> <span class='ocrx_word' id='word_1_221' title='bbox 972 2181 1188 2248; x_wconf 84' lang='lat' dir='ltr'>iustior</span> <span class='ocrx_word' id='word_1_222' title='bbox 1214 2184 1359 2259; x_wconf 83' lang='lat' dir='ltr'>fuit,</span> <span class='ocrx_word' id='word_1_223' title='bbox 1407 2198 1590 2259; x_wconf 84' lang='lat' dir='ltr'>quam</span> <span class='ocrx_word' id='word_1_224' title='bbox 1621 2182 1792 2257; x_wconf 87' lang='lat' dir='ltr'>quod</span> <span class='ocrx_word' id='word_1_225' title='bbox 1818 2181 1968 2243; x_wconf 89' lang='lat' dir='ltr'>urbs</span> <span class='ocrx_word' id='word_1_226' title='bbox 2003 2189 2122 2242; x_wconf 87' lang='lat' dir='ltr'>tam</span> <span class='ocrx_word' id='word_1_227' title='bbox 2155 2180 2383 2241; x_wconf 89' lang='lat' dir='ltr'>nobilis</span> 
     </span>
     <span class='ocr_line' id='line_1_26' title="bbox 414 2265 2382 2343; baseline -0.002 -15"><span class='ocrx_word' id='word_1_228' title='bbox 414 2282 487 2328; x_wconf 84' lang='lat' dir='ltr'>ac</span> <span class='ocrx_word' id='word_1_229' title='bbox 518 2272 774 2343; x_wconf 78' lang='lat' dir='ltr'>potenS,</span> <span class='ocrx_word' id='word_1_230' title='bbox 820 2266 981 2327; x_wconf 88' lang='lat' dir='ltr'>sicut</span> <span class='ocrx_word' id='word_1_231' title='bbox 1009 2266 1355 2327; x_wconf 84' lang='lat' dir='ltr'>desectione</span> <span class='ocrx_word' id='word_1_232' title='bbox 1384 2282 1498 2327; x_wconf 90' lang='lat' dir='ltr'>sua</span> <span class='ocrx_word' id='word_1_233' title='bbox 1525 2272 1798 2328; x_wconf 63' lang='lat' dir='ltr'>uenerat</span> <span class='ocrx_word' id='word_1_234' title='bbox 1826 2266 2060 2342; x_wconf 85' lang='lat' dir='ltr'>aliquot</span> <span class='ocrx_word' id='word_1_235' title='bbox 2087 2265 2382 2341; x_wconf 82' lang='lat' dir='ltr'>populos,</span> 
     </span>
     <span class='ocr_line' id='line_1_27' title="bbox 408 2348 2381 2424; baseline -0.001 -13"><span class='ocrx_word' id='word_1_236' title='bbox 408 2350 493 2412; x_wconf 92' lang='lat' dir='ltr'>ita</span> <span class='ocrx_word' id='word_1_237' title='bbox 518 2357 771 2424; x_wconf 86' lang='lat' dir='ltr'>recepta</span> <span class='ocrx_word' id='word_1_238' title='bbox 797 2349 1161 2412; x_wconf 83' lang='lat' dir='ltr'>inclinatura</span> <span class='ocrx_word' id='word_1_239' title='bbox 1185 2367 1406 2411; x_wconf 90' lang='lat' dir='ltr'>rursus</span> <span class='ocrx_word' id='word_1_240' title='bbox 1435 2351 1675 2411; x_wconf 88' lang='lat' dir='ltr'>animos</span> <span class='ocrx_word' id='word_1_241' title='bbox 1703 2350 2028 2411; x_wconf 87' lang='lat' dir='ltr'>videbatur</span> <span class='ocrx_word' id='word_1_242' title='bbox 2050 2349 2129 2409; x_wconf 87' lang='lat' dir='ltr'>ad</span> <span class='ocrx_word' id='word_1_243' title='bbox 2151 2348 2381 2409; x_wconf 88' lang='lat' dir='ltr'>veteris</span> 
     </span>
     <span class='ocr_line' id='line_1_28' title="bbox 407 2431 2382 2511; baseline -0.001 -16"><span class='ocrx_word' id='word_1_244' title='bbox 407 2433 646 2509; x_wconf 86' lang='lat' dir='ltr'>imperii</span> <span class='ocrx_word' id='word_1_245' title='bbox 685 2441 1055 2510; x_wconf 84' lang='lat' dir='ltr'>respectum.</span> <span class='ocrx_word' id='word_1_246' title='bbox 1118 2442 1180 2496; x_wconf 86' lang='lat' dir='ltr'>et</span> <span class='ocrx_word' id='word_1_247' title='bbox 1207 2434 1598 2511; x_wconf 88' lang='lat' dir='ltr'>praetoribus</span> <span class='ocrx_word' id='word_1_248' title='bbox 1629 2435 1854 2511; x_wconf 91' lang='lat' dir='ltr'>prioris</span> <span class='ocrx_word' id='word_1_249' title='bbox 1887 2433 2060 2507; x_wconf 89' lang='lat' dir='ltr'>anni,</span> <span class='ocrx_word' id='word_1_250' title='bbox 2089 2431 2170 2491; x_wconf 88' lang='grc' dir='ltr'>Μ.</span> <span class='ocrx_word' id='word_1_251' title='bbox 2202 2432 2382 2493; x_wconf 88' lang='lat' dir='ltr'>Iunio</span> 
     </span>
     <span class='ocr_line' id='line_1_29' title="bbox 405 2514 2379 2595; baseline 0 -17"><span class='ocrx_word' id='word_1_252' title='bbox 405 2519 468 2578; x_wconf 92' lang='lat' dir='ltr'>in</span> <span class='ocrx_word' id='word_1_253' title='bbox 493 2518 737 2579; x_wconf 82' lang='lat' dir='ltr'>Etruria</span> <span class='ocrx_word' id='word_1_254' title='bbox 762 2518 827 2577; x_wconf 91' lang='grc' dir='ltr'>Ρ.</span> <span class='ocrx_word' id='word_1_255' title='bbox 860 2517 1228 2595; x_wconf 89' lang='lat' dir='ltr'>Sempronio</span> <span class='ocrx_word' id='word_1_256' title='bbox 1271 2520 1334 2579; x_wconf 91' lang='lat' dir='ltr'>in</span> <span class='ocrx_word' id='word_1_257' title='bbox 1368 2518 1592 2591; x_wconf 90' lang='lat' dir='ltr'>Gallia,</span> <span class='ocrx_word' id='word_1_258' title='bbox 1638 2533 1774 2579; x_wconf 85' lang='lat' dir='ltr'>cum</span> <span class='ocrx_word' id='word_1_259' title='bbox 1817 2518 1978 2579; x_wconf 88' lang='lat' dir='ltr'>binis</span> <span class='ocrx_word' id='word_1_260' title='bbox 2005 2514 2379 2592; x_wconf 57' lang='lat' dir='ltr'>legionibus»,</span> 
     </span>
     <span class='ocr_line' id='line_1_30' title="bbox 410 2601 2382 2680; baseline -0.001 -18"><span class='ocrx_word' id='word_1_261' title='bbox 410 2618 568 2680; x_wconf 87' lang='lat' dir='ltr'>quas</span> <span class='ocrx_word' id='word_1_262' title='bbox 610 2601 984 2679; x_wconf 84' lang='lat' dir='ltr'>habuerant,</span> <span class='ocrx_word' id='word_1_263' title='bbox 1027 2609 1424 2679; x_wconf 83' lang='lat' dir='ltr'>prorogatum</span> <span class='ocrx_word' id='word_1_264' title='bbox 1453 2609 1550 2663; x_wconf 90' lang='lat' dir='ltr'>est</span> <span class='ocrx_word' id='word_1_265' title='bbox 1575 2602 1914 2677; x_wconf 87' lang='lat' dir='ltr'>imperium.</span> <span class='ocrx_word' id='word_1_266' title='bbox 1983 2606 2382 2677; x_wconf 82' lang='lat' dir='ltr'>prorogatum</span> 
     </span>
     <span class='ocr_line' id='line_1_31' title="bbox 406 2683 2382 2763; baseline -0.002 -16"><span class='ocrx_word' id='word_1_267' title='bbox 406 2693 469 2747; x_wconf 89' lang='lat' dir='ltr'>et</span> <span class='ocrx_word' id='word_1_268' title='bbox 492 2686 575 2745; x_wconf 85' lang='lat' dir='ltr'>M.</span> <span class='ocrx_word' id='word_1_269' title='bbox 604 2683 915 2761; x_wconf 87' lang='lat' dir='ltr'>Marcello,</span> <span class='ocrx_word' id='word_1_270' title='bbox 944 2694 1013 2747; x_wconf 88' lang='lat' dir='ltr'>ut</span> <span class='ocrx_word' id='word_1_271' title='bbox 1040 2703 1154 2761; x_wconf 88' lang='lat' dir='ltr'>pro</span> <span class='ocrx_word' id='word_1_272' title='bbox 1187 2687 1444 2748; x_wconf 88' lang='lat' dir='ltr'>consule</span> <span class='ocrx_word' id='word_1_273' title='bbox 1473 2687 1536 2749; x_wconf 92' lang='lat' dir='ltr'>in</span> <span class='ocrx_word' id='word_1_274' title='bbox 1569 2684 1778 2747; x_wconf 87' lang='lat' dir='ltr'>Sicilia</span> <span class='ocrx_word' id='word_1_275' title='bbox 1804 2686 2041 2763; x_wconf 87' lang='lat' dir='ltr'>reliqua</span> <span class='ocrx_word' id='word_1_276' title='bbox 2067 2684 2207 2746; x_wconf 90' lang='lat' dir='ltr'>belli</span> <span class='ocrx_word' id='word_1_277' title='bbox 2240 2700 2382 2759; x_wconf 90' lang='lat' dir='ltr'>per-</span> 
     </span>
     <span class='ocr_line' id='line_1_32' title="bbox 404 2769 2380 2846; baseline -0.001 -15"><span class='ocrx_word' id='word_1_278' title='bbox 404 2769 621 2831; x_wconf 82' lang='lat' dir='ltr'>ficeret</span> <span class='ocrx_word' id='word_1_279' title='bbox 662 2784 737 2830; x_wconf 89' lang='lat' dir='ltr'>eo</span> <span class='ocrx_word' id='word_1_280' title='bbox 782 2771 1056 2831; x_wconf 86' lang='lat' dir='ltr'>exercitu</span> <span class='ocrx_word' id='word_1_281' title='bbox 1096 2786 1283 2846; x_wconf 80' lang='lat' dir='ltr'>quem</span> <span class='ocrx_word' id='word_1_282' title='bbox 1317 2769 1607 2832; x_wconf 76' lang='lat' dir='ltr'>liaberet:</span> <span class='ocrx_word' id='word_1_283' title='bbox 1657 2770 1714 2831; x_wconf 92' lang='lat' dir='ltr'>si</span> <span class='ocrx_word' id='word_1_284' title='bbox 1755 2771 2183 2846; x_wconf 88' lang='lat' dir='ltr'>supplemento</span> <span class='ocrx_word' id='word_1_285' title='bbox 2214 2784 2380 2845; x_wconf 87' lang='lat' dir='ltr'>opus</span> 
     </span>
     <span class='ocr_line' id='line_1_33' title="bbox 406 2852 2380 2930; baseline 0.001 -16"><span class='ocrx_word' id='word_1_286' title='bbox 406 2858 607 2927; x_wconf 88' lang='lat' dir='ltr'>esset,</span> <span class='ocrx_word' id='word_1_287' title='bbox 655 2852 979 2928; x_wconf 86' lang='lat' dir='ltr'>suppleret</span> <span class='ocrx_word' id='word_1_288' title='bbox 1005 2854 1085 2914; x_wconf 93' lang='lat' dir='ltr'>de</span> <span class='ocrx_word' id='word_1_289' title='bbox 1113 2853 1492 2930; x_wconf 76' lang='lat' dir='ltr'>legionibus,</span> <span class='ocrx_word' id='word_1_290' title='bbox 1539 2854 1763 2930; x_wconf 87' lang='lat' dir='ltr'>quibus</span> <span class='ocrx_word' id='word_1_291' title='bbox 1788 2852 1852 2913; x_wconf 88' lang='lat' dir='ltr'>P.</span> <span class='ocrx_word' id='word_1_292' title='bbox 1888 2852 2204 2915; x_wconf 87' lang='lat' dir='ltr'>Cornelius</span> <span class='ocrx_word' id='word_1_293' title='bbox 2232 2868 2380 2929; x_wconf 85' lang='lat' dir='ltr'>pro-</span> 
     </span>
     <span class='ocr_line' id='line_1_34' title="bbox 402 2934 2383 3014; baseline 0.001 -18"><span class='ocrx_word' id='word_1_294' title='bbox 402 2943 656 3014; x_wconf 87' lang='lat' dir='ltr'>praetor</span> <span class='ocrx_word' id='word_1_295' title='bbox 682 2937 746 2995; x_wconf 88' lang='lat' dir='ltr'>in</span> <span class='ocrx_word' id='word_1_296' title='bbox 763 2934 971 2997; x_wconf 87' lang='lat' dir='ltr'>Sicilia</span> <span class='ocrx_word' id='word_1_297' title='bbox 1000 2943 1339 3013; x_wconf 85' lang='lat' dir='ltr'>praeesset,</span> <span class='ocrx_word' id='word_1_298' title='bbox 1377 2938 1521 2999; x_wconf 87' lang='lat' dir='ltr'>dum</span> <span class='ocrx_word' id='word_1_299' title='bbox 1552 2954 1630 2999; x_wconf 90' lang='lat' dir='ltr'>ne</span> <span class='ocrx_word' id='word_1_300' title='bbox 1661 2953 1843 3013; x_wconf 90' lang='lat' dir='ltr'>quem</span> <span class='ocrx_word' id='word_1_301' title='bbox 1871 2937 2118 2999; x_wconf 87' lang='lat' dir='ltr'>militem</span> <span class='ocrx_word' id='word_1_302' title='bbox 2147 2938 2383 3012; x_wconf 84' lang='lat' dir='ltr'>legeret</span> 
     </span>
     <span class='ocr_line' id='line_1_35' title="bbox 404 3020 2382 3097; baseline 0 -16"><span class='ocrx_word' id='word_1_303' title='bbox 404 3035 487 3081; x_wconf 88' lang='lat' dir='ltr'>ex</span> <span class='ocrx_word' id='word_1_304' title='bbox 528 3032 603 3081; x_wconf 89' lang='lat' dir='ltr'>eo</span> <span class='ocrx_word' id='word_1_305' title='bbox 634 3035 920 3095; x_wconf 89' lang='lat' dir='ltr'>numero,</span> <span class='ocrx_word' id='word_1_306' title='bbox 967 3021 1191 3097; x_wconf 88' lang='lat' dir='ltr'>quibus</span> <span class='ocrx_word' id='word_1_307' title='bbox 1234 3031 1485 3084; x_wconf 87' lang='lat' dir='ltr'>senatus</span> <span class='ocrx_word' id='word_1_308' title='bbox 1509 3022 1873 3083; x_wconf 86' lang='lat' dir='ltr'>missionem</span> <span class='ocrx_word' id='word_1_309' title='bbox 1899 3022 2287 3095; x_wconf 85' lang='lat' dir='ltr'>reditumque</span> <span class='ocrx_word' id='word_1_310' title='bbox 2317 3020 2382 3081; x_wconf 87' lang='lat' dir='ltr'>in</span> 
     </span>
     <span class='ocr_line' id='line_1_36' title="bbox 402 3102 2380 3182; baseline 0 -17"><span class='ocrx_word' id='word_1_311' title='bbox 402 3102 669 3182; x_wconf 87' lang='lat' dir='ltr'>patriam</span> <span class='ocrx_word' id='word_1_312' title='bbox 696 3112 991 3179; x_wconf 83' lang='lat' dir='ltr'>negasset</span> <span class='ocrx_word' id='word_1_313' title='bbox 1015 3115 1157 3168; x_wconf 86' lang='lat' dir='ltr'>ante</span> <span class='ocrx_word' id='word_1_314' title='bbox 1184 3108 1329 3168; x_wconf 88' lang='lat' dir='ltr'>belli</span> <span class='ocrx_word' id='word_1_315' title='bbox 1358 3106 1561 3167; x_wconf 86' lang='lat' dir='ltr'>finem.</span> <span class='ocrx_word' id='word_1_316' title='bbox 1619 3106 1680 3167; x_wconf 85' lang='lat' dir='ltr'>C.</span> <span class='ocrx_word' id='word_1_317' title='bbox 1715 3104 2008 3182; x_wconf 86' lang='lat' dir='ltr'>Sulpicio,</span> <span class='ocrx_word' id='word_1_318' title='bbox 2040 3104 2138 3165; x_wconf 89' lang='lat' dir='ltr'>eui</span> <span class='ocrx_word' id='word_1_319' title='bbox 2169 3102 2380 3165; x_wconf 85' lang='lat' dir='ltr'>Sicilia</span> 
     </span>
     <span class='ocr_line' id='line_1_37' title="bbox 404 3187 2380 3267; baseline 0 -18"><span class='ocrx_word' id='word_1_320' title='bbox 404 3195 715 3261; x_wconf 88' lang='lat' dir='ltr'>evenerat,</span> <span class='ocrx_word' id='word_1_321' title='bbox 750 3187 913 3250; x_wconf 87' lang='lat' dir='ltr'>duae</span> <span class='ocrx_word' id='word_1_322' title='bbox 940 3191 1235 3267; x_wconf 79' lang='lat' dir='ltr'>legioneS,</span> <span class='ocrx_word' id='word_1_323' title='bbox 1268 3206 1428 3267; x_wconf 88' lang='lat' dir='ltr'>quas</span> <span class='ocrx_word' id='word_1_324' title='bbox 1453 3189 1520 3250; x_wconf 90' lang='lat' dir='ltr'>P.</span> <span class='ocrx_word' id='word_1_325' title='bbox 1554 3188 1874 3251; x_wconf 84' lang='lat' dir='ltr'>cornelius</span> <span class='ocrx_word' id='word_1_326' title='bbox 1903 3189 2240 3263; x_wconf 87' lang='lat' dir='ltr'>habuisset,</span> <span class='ocrx_word' id='word_1_327' title='bbox 2269 3187 2380 3249; x_wconf 88' lang='lat' dir='ltr'>de-</span> 
     </span>
     <span class='ocr_line' id='line_1_38' title="bbox 404 3270 2383 3359; baseline -0.001 -26"><span class='ocrx_word' id='word_1_328' title='bbox 404 3276 613 3334; x_wconf 84' lang='lat' dir='ltr'>cretae</span> <span class='ocrx_word' id='word_1_329' title='bbox 642 3280 703 3335; x_wconf 91' lang='lat' dir='ltr'>et</span> <span class='ocrx_word' id='word_1_330' title='bbox 728 3275 1225 3359; x_wconf 79' lang='lat' dir='ltr'>supplementum</span> <span class='ocrx_word' id='word_1_331' title='bbox 1250 3274 1336 3335; x_wconf 80' lang='lat' dir='ltr'>de</span> <span class='ocrx_word' id='word_1_332' title='bbox 1363 3274 1639 3336; x_wconf 83' lang='lat' dir='ltr'>exercitu</span> <span class='ocrx_word' id='word_1_333' title='bbox 1669 3274 1773 3334; x_wconf 86' lang='lat' dir='ltr'>Gn.</span> <span class='ocrx_word' id='word_1_334' title='bbox 1795 3273 2008 3347; x_wconf 77' lang='lat' dir='ltr'>Fulvii,</span> <span class='ocrx_word' id='word_1_335' title='bbox 2039 3271 2144 3349; x_wconf 88' lang='lat' dir='ltr'>qui</span> <span class='ocrx_word' id='word_1_336' title='bbox 2173 3270 2383 3348; x_wconf 86' lang='lat' dir='ltr'>priore</span> 
     </span>
     <span class='ocr_line' id='line_1_39' title="bbox 403 3355 2380 3435; baseline -0.001 -18"><span class='ocrx_word' id='word_1_337' title='bbox 403 3370 567 3418; x_wconf 85' lang='lat' dir='ltr'>anno</span> <span class='ocrx_word' id='word_1_338' title='bbox 598 3357 659 3418; x_wconf 90' lang='lat' dir='ltr'>in</span> <span class='ocrx_word' id='word_1_339' title='bbox 683 3358 913 3434; x_wconf 83' lang='lat' dir='ltr'>Apulia</span> <span class='ocrx_word' id='word_1_340' title='bbox 940 3358 1125 3421; x_wconf 83' lang='lat' dir='ltr'>foede</span> <span class='ocrx_word' id='word_1_341' title='bbox 1150 3372 1376 3421; x_wconf 88' lang='lat' dir='ltr'>caesus</span> <span class='ocrx_word' id='word_1_342' title='bbox 1405 3360 1782 3435; x_wconf 77' lang='lat' dir='ltr'>fugatusque</span> <span class='ocrx_word' id='word_1_343' title='bbox 1803 3365 1952 3419; x_wconf 87' lang='lat' dir='ltr'>erat.</span> <span class='ocrx_word' id='word_1_344' title='bbox 1996 3355 2139 3418; x_wconf 89' lang='lat' dir='ltr'>huic</span> <span class='ocrx_word' id='word_1_345' title='bbox 2165 3356 2380 3432; x_wconf 73' lang='lat' dir='ltr'>generi</span> 
     </span>
     <span class='ocr_line' id='line_1_40' title="bbox 402 3440 2378 3520; baseline -0.001 -17"><span class='ocrx_word' id='word_1_346' title='bbox 402 3440 661 3503; x_wconf 87' lang='lat' dir='ltr'>militum</span> <span class='ocrx_word' id='word_1_347' title='bbox 689 3450 944 3505; x_wconf 88' lang='lat' dir='ltr'>senatus</span> <span class='ocrx_word' id='word_1_348' title='bbox 974 3444 1237 3504; x_wconf 89' lang='lat' dir='ltr'>eundem</span> <span class='ocrx_word' id='word_1_349' title='bbox 1269 3459 1453 3520; x_wconf 90' lang='lat' dir='ltr'>quem</span> <span class='ocrx_word' id='word_1_350' title='bbox 1479 3441 1902 3504; x_wconf 86' lang='lat' dir='ltr'>Cannensibus</span> <span class='ocrx_word' id='word_1_351' title='bbox 1931 3442 2116 3502; x_wconf 82' lang='lat' dir='ltr'>finem</span> <span class='ocrx_word' id='word_1_352' title='bbox 2148 3444 2378 3501; x_wconf 82' lang='lat' dir='ltr'>statue·</span> 
     </span>
     <span class='ocr_line' id='line_1_41' title="bbox 403 3524 2378 3604; baseline 0.001 -19"><span class='ocrx_word' id='word_1_353' title='bbox 403 3531 501 3587; x_wconf 86' lang='lat' dir='ltr'>rat</span> <span class='ocrx_word' id='word_1_354' title='bbox 542 3526 806 3587; x_wconf 85' lang='lat' dir='ltr'>militiae.</span> <span class='ocrx_word' id='word_1_355' title='bbox 879 3526 1154 3589; x_wconf 88' lang='lat' dir='ltr'>additum</span> <span class='ocrx_word' id='word_1_356' title='bbox 1196 3529 1378 3589; x_wconf 86' lang='lat' dir='ltr'>etiam</span> <span class='ocrx_word' id='word_1_357' title='bbox 1420 3534 1821 3604; x_wconf 87' lang='lat' dir='ltr'>utrorumque</span> <span class='ocrx_word' id='word_1_358' title='bbox 1858 3524 2232 3602; x_wconf 79' lang='lat' dir='ltr'>ignominiae</span> <span class='ocrx_word' id='word_1_359' title='bbox 2261 3531 2378 3599; x_wconf 87' lang='lat' dir='ltr'>est,</span> 
     </span>
    </p>
   </div>
   <div class='ocr_carea' id='block_1_4' title="bbox 2527 1802 2529 1956">
    <p class='ocr_par' dir='ltr' id='par_1_4' title="bbox 2527 1802 2529 1956">
     <span class='ocr_line' id='line_1_42' title="bbox 2527 1802 2529 1956; baseline 0 0"><span class='ocrx_word' id='word_1_360' title='bbox 2527 1802 2529 1956; x_wconf 54' lang='lat' dir='ltr'>l</span> 
     </span>
    </p>
   </div>
   <div class='ocr_carea' id='block_1_5' title="bbox 2509 3708 2518 3927">
    <p class='ocr_par' dir='ltr' id='par_1_5' title="bbox 2509 3708 2518 3927">
     <span class='ocr_line' id='line_1_43' title="bbox 2509 3708 2518 3927; baseline 0 0"><span class='ocrx_word' id='word_1_361' title='bbox 2509 3708 2518 3927; x_wconf 83' lang='grc' dir='ltr'>Ι</span> 
     </span>
    </p>
   </div>
  </div>
 </body>
</html>
