2550 3959
388 206 474 271 96
788 208 1015 271 ΙᾸΒΕΒ
1042 208 1229 269 XXV.
1276 207 1443 269 CAP-
1467 216 1554 271 38.
1601 214 1676 283 [a.
1702 214 1776 267 U.
1797 230 1848 265 c.
1868 211 2000 281 640]

385 363 575 425 fldem
604 362 799 424 cuivis
830 364 1036 423 facere
1064 368 1288 438 potest,
1319 360 1465 422 mihi
1492 360 1616 423 hoc
1635 358 1975 437 imperium,
2006 366 2076 423 ut
2095 363 2372 439 amplum

390 447 617 508 iudicio
658 452 898 519 vestro,
943 446 1024 506 ita
1061 461 1129 505 re
1158 446 1299 521 ipsa
1326 460 1518 521 grave
1546 460 1622 505 ac
1649 443 1976 506 sollicitum
2005 458 2173 506 esse.
2241 462 2370 523 quo

390 532 549 592 enim
582 536 890 607 tempore,
934 529 1054 592 nisi
1082 536 1284 591 metus
1313 544 1656 590 maerorem
1688 528 2217 604 obstupefaceret,
2261 531 2370 591 vix

392 616 475 676 ita
516 630 775 691 compos
813 614 933 675 mei
974 629 1211 687 essem,
1251 620 1320 676 ut
1355 613 1566 689 aliqua
1603 612 1826 675 solatia
1867 613 2142 675 invenire
2176 628 2367 691 aegro

390 700 596 761 animo
624 712 899 774 possem,
930 712 1127 773 cogor
1156 704 1429 759 vestram
1453 696 1727 760 omnium
1753 696 1972 772 vicem,
2007 698 2176 773 quod
2205 698 2369 761 diffl-

392 784 682 845 cillimum
716 783 779 843 in
808 784 973 844 luctu
1000 788 1115 857 est,
1144 798 1308 843 unus
1341 782 1684 844 consulere.
1745 786 1810 841 et
1833 787 2067 842 netum
2097 782 2370 859 quidem,

392 866 526 941 ubi,
586 882 856 942 quonam
909 867 1095 928 modo
1154 866 1267 927 has
1321 865 1616 942 reliquias
1675 865 1934 928 duorum
1987 866 2370 927 exercituum

395 951 629 1026 patriae
658 965 1032 1013 conservare
1063 966 1336 1027 possem,
1371 950 1904 1026 cogitandumest,
1935 956 2215 1011 avertere
2236 951 2369 1011 ani—

392 1051 559 1096 mum
600 1034 678 1096 ab
720 1036 985 1099 adsiduo
1014 1050 1296 1097 maerore
1325 1034 1486 1096 libet.
1547 1040 1796 1110 praesto
1826 1040 1926 1095 est
1951 1033 2114 1095 enim
2141 1034 2372 1096 acerba

392 1120 717 1193 memoria,
750 1127 813 1183 et
839 1118 1166 1197 Scipiones
1196 1134 1296 1179 mc
1324 1119 1506 1180 ambo
1537 1118 1674 1179 dies
1701 1123 2050 1194 noctesque
2079 1117 2246 1180 euris
2275 1118 2371 1179 in·

394 1202 779 1279 somniisque
807 1204 1055 1281 agitant,
1094 1210 1156 1265 et
1180 1204 1450 1265 excitant
1477 1218 1672 1279 saepe
1701 1218 1942 1276 somno,
1973 1217 2098 1264 neu
2123 1216 2214 1276 se,
2245 1203 2374 1266 neu

392 1287 655 1350 invictos
686 1303 799 1365 per
828 1296 968 1353 octo
997 1302 1199 1350 annos
1229 1288 1292 1348 in
1320 1288 1417 1349 his
1452 1288 1634 1349 terris
1661 1286 1884 1348 milites
1915 1300 2089 1363 suos,
2119 1286 2373 1348 commi-

394 1372 615 1434 litones
643 1379 910 1447 vestroS,
941 1388 1064 1434 neu
1090 1387 1221 1433 rem
1251 1372 1560 1447 publicam
1582 1370 1784 1447 patiar
1809 1370 2079 1445 inultam,
2109 1376 2172 1432 et
2193 1385 2374 1432 suam

395 1456 781 1531 disciplinam
828 1472 1071 1532 suaque
1109 1456 1384 1517 instituta
1425 1456 1605 1533 sequi
1634 1456 1872 1530 iubent,
1914 1462 1976 1517 et
2000 1461 2071 1517 ut
2095 1455 2374 1531 imperiis

395 1539 677 1600 vivorum
704 1555 885 1602 nemo
916 1540 1303 1602 obedientior
1329 1555 1429 1601 me
1452 1554 1581 1601 uno
1611 1540 1807 1616 ruerit,
1837 1540 1922 1601 ita
1949 1544 2095 1615 post
2113 1546 2375 1601 mortem

398 1638 573 1684 suam
589 1668 607 1698 ,
660 1625 830 1701 quod
871 1625 933 1685 in
978 1640 1227 1701 quaque
1266 1640 1340 1685 re
1379 1625 1652 1686 facturos
1693 1624 1832 1685 illos
1874 1624 2068 1685 ruisse
2107 1622 2377 1685 maxime

398 1722 718 1784 censeam,
760 1707 827 1769 id
856 1709 1150 1785 optimum
1179 1709 1426 1770 ducere.
1469 1724 1589 1771 vos
1621 1723 1872 1785 quoque
1897 1708 2100 1783 velim,
2129 1706 2373 1781 militeS,

398 1806 525 1852 non
550 1793 829 1855 lamentis
852 1794 1247 1869 lacrimisque
1270 1800 1581 1869 tamquam
1603 1793 1944 1854 exstinctos
1968 1790 2372 1867 prosequi—-

397 1876 613 1937 vivunt
652 1876 983 1953 vigentque
1020 1878 1185 1939 fama
1221 1894 1430 1940 rerum
1459 1884 1770 1954 gestarum
1794 1908 1884 1923 --
1913 1876 2030 1938 sed
2057 1874 2376 1953 quotiens-

400 1976 667 2035 cumque
710 1969 995 2023 occurret
1036 1961 1332 2023 memoria
1371 1963 1642 2037 illorum,
1687 1962 1853 2022 velut
1890 1960 1945 2021 si
1974 1960 2375 2022 adhortantes

400 2044 766 2121 signumque
796 2045 1013 2107 dantes
1044 2046 1307 2107 videatis
1337 2061 1468 2118 eos„
1500 2045 1583 2107 ita
1610 2044 1849 2121 proelia
1875 2044 2047 2105 inire.
2103 2058 2222 2105 nec
2251 2043 2374 2103 alia

401 2127 676 2203 profecto
700 2127 976 2204 -species
1027 2129 1319 2192 hesterno
1369 2131 1472 2191 die
1523 2130 1729 2191 oblata
1779 2129 1976 2191 oculis
2025 2127 2376 2203 animisque

401 2210 623 2273 vestris
664 2213 1063 2275 memorabile
1102 2213 1254 2274 illud
1283 2215 1475 2277 edidit
1503 2214 1836 2291 proelium,
1879 2228 2004 2289 quo
2035 2213 2374 2273 documen-

404 2302 527 2356 tum
577 2295 837 2358 dedistis
887 2296 1171 2359 hostibus
1221 2313 1348 2360 non
1389 2314 1527 2359 cum
1568 2295 1962 2373 Scipionibus
2005 2296 2374 2357 exstinctum

400 2393 545 2439 esse
572 2394 798 2441 nomen
838 2382 1212 2457 Romanum,
1262 2391 1325 2444 et
1365 2384 1540 2446 cuius
1571 2382 1786 2458 populi
1825 2381 1922 2442 vis
1957 2386 2142 2457 atque
2182 2380 2378 2441 virtus

403 2476 524 2523 non
553 2463 775 2527 obruta
814 2465 897 2527 sit
924 2466 1226 2529 Cannensi
1257 2468 1464 2543 clade,
1505 2482 1586 2528 ex
1612 2466 1780 2527 omni
1809 2466 2088 2541 profecto
2119 2463 2380 2526 saew‘tia

401 2547 683 2610 fortunae
731 2551 1109 2612 emersuram
1148 2565 1313 2613 esse.
1385 2567 1548 2613 nunc
1590 2550 1736 2626 quia
1774 2556 2005 2612 tantum
2046 2548 2184 2610 ausi
2224 2548 2378 2610 estis

402 2637 628 2709 sponte
648 2666 654 2671 -
676 2640 913 2708 vestra,
974 2634 1245 2709 experiri
1302 2636 1476 2709 libet,
1539 2642 1833 2711 quantum
1885 2633 2164 2695 audeatis
2217 2633 2381 2695 duce

402 2721 611 2777 vestro
652 2722 922 2778 auctore.
986 2733 1111 2778 non
1152 2718 1315 2779 enim
1341 2719 1631 2780 hesterno
1662 2719 1764 2779 die
1779 2764 1793 2792 ‚
1839 2734 1980 2779 cum
2008 2717 2254 2794 sig-num
2280 2732 2374 2778 re-

402 2799 609 2874 ceptui
658 2799 803 2861 dedi
850 2802 1255 2877 sequentibus
1308 2802 1508 2865 effuse
1547 2803 1726 2865 vobis
1766 2802 2074 2863 turbatum
2113 2801 2377 2877 hostem,

404 2882 687 2957 frangere
717 2883 1037 2944 audaciam
1063 2891 1333 2948 vestram
1347 2933 1364 2963 ,
1407 2887 1523 2948 sed
1553 2886 1801 2948 differre
1828 2888 1891 2947 in
1921 2887 2217 2948 maiorem
2241 2888 2378 2963 glo-

402 2965 556 3025 riam
584 2970 768 3041 atque
799 2967 1318 3042 opportunitatem
1345 2971 1531 3047 volui,
1563 2979 1632 3033 ut
1661 2972 1992 3048 postmodo
2021 2969 2381 3048 praeparati

403 3048 703 3122 incautos,
735 3052 948 3111 armati
976 3052 1238 3114 inermes
1269 3061 1457 3131 atque
1484 3055 1666 3117 etiam
1695 3055 1935 3133 sopitos
1959 3070 2074 3131 per
2095 3056 2378 3117 occasio-

406 3147 545 3192 nem
574 3133 827 3209 adgredi
852 3136 1143 3209 possetis.
1189 3153 1306 3199 nec
1327 3138 1511 3202 huius
1533 3139 1883 3202 occasionis
1907 3156 2106 3217 spem,
2134 3139 2380 3214 milites,

408 3217 563 3276 l'orte
604 3224 860 3292 temere,
902 3220 1019 3281 sed
1060 3236 1141 3281 ex
1180 3222 1419 3299 reipsa
1453 3228 1817 3300 conceptam
1843 3224 2065 3286 habeo.
2133 3240 2172 3285 a
2199 3223 2382 3285 vobis

408 3316 660 3375 quoque
700 3303 978 3377 profecto
1022 3305 1075 3367 si
1104 3307 1243 3381 quis
1288 3316 1570 3383 quaerat,
1617 3323 1886 3383 quonam
1914 3308 2100 3371 modo
2131 3308 2317 3386 pauci
2346 3325 2385 3371 a

408 3383 611 3445 multis
624 3428 641 3459 ,
694 3386 837 3449 victi
887 3404 925 3447 a
952 3388 1288 3451 victoribus
1341 3399 1542 3453 castra
1587 3393 1758 3453 tutati
1799 3392 1934 3454 sitis
1953 3438 1970 3469 ,
2023 3391 2173 3453 nihil
2213 3392 2383 3454 aliud

408 3467 859 3546 respondeatiS,
897 3488 1082 3549 quam
1110 3474 1174 3534 id
1201 3474 1407 3551 ipsum
1435 3476 1718 3539 timentes
1750 3490 1866 3539 vos
1899 3475 2110 3540 omnia
2137 3482 2200 3538 et
2227 3489 2383 3553 ope·
