2550 3959
613 245 841 304 LIBER
868 245 1111 306 XXVII.
1157 245 1558 308 CAP.16.17.
1605 251 1677 318 [a.
1711 251 1932 319 staca]
2129 245 2250 307 181

273 399 478 474 signis
517 398 745 457 vellet·
731 414 827 471 m
795 399 991 458 ⁰entis
1036 395 1468 472 magnitudinis
1505 427 1591 439 »-
1633 396 1695 456 di
1725 404 1892 472 sunt,
1938 413 2052 457 suo
2085 397 2250 472 quis-

276 498 409 557 que
431 480 682 542 habitu
666 499 730 540 m
761 482 1008 541 modum
1040 481 1436 556 pugnantium
1468 481 1708 540 formati
1736 511 1832 552 -,
1875 442 2033 541 ’deos
2062 482 2250 541 iratos

272 564 618 626 Tarentinis
648 565 908 640 relinqui
936 565 1136 626 iussit.
1176 581 1386 625 murus
1417 563 1578 638 inde,
1625 563 1728 638 qui
1757 564 1970 624 urbem
1998 564 2078 624 ab
2108 580 2251 624 arce

276 649 619 724 dirimebat,
666 649 901 711 dirutus
932 657 1029 710 est
1056 665 1129 709 ac
1158 648 1472 709 disiectus.

450 734 605 794 Dum
635 733 790 794 haec
820 742 1094 808 aguntur,
1139 733 1471 806 Hannibal,
1518 732 1592 794 iis
1625 734 1728 808 qui
1760 733 2112 794 Cauloniam
2141 733 2248 793 ob-

274 818 563 878 sidebant
590 818 651 876 in
680 818 1055 879 deditionem
1082 818 1376 892 acceptiS,
1408 816 1617 878 audita
1647 817 2110 893 oppugnatione
2137 817 2248 878 Ta·

274 903 434 961 renti
465 901 599 962 dies
630 908 971 977 noctesque
999 900 1227 962 cursim
1268 901 1510 976 agmine
1551 908 1722 973 acto,
1770 916 1910 961 cum
1952 901 2248 962 festinans

274 985 363 1046 ad
403 1001 583 1060 opem
625 986 941 1046 ferendam
984 992 1227 1060 captam
1268 984 1480 1045 urbem
1513 985 1807 1059 audisset,
1847 993 1962 1061 „et
1987 985 2247 1047 Romani

274 1086 461 1130 suum
474 1068 911 1130 Hannibalem“
938 1069 1134 1144 inquit
1160 1069 1458 1143 „habentz
1490 1068 1705 1128 eadem
1731 1085 1852 1143 qua
1883 1083 2246 1144 ceperamus

276 1161 407 1214 arte
436 1154 759 1214 Tarentum
790 1153 1165 1214 amisimus“.
1222 1167 1303 1212 ne
1333 1159 1533 1214 tamen
1564 1152 1851 1227 fugientis
1881 1153 2070 1214 modo
2101 1169 2246 1213 con-

271 1238 539 1298 vertisse
568 1252 785 1314 agmen
817 1238 1143 1309 videretur,
1186 1252 1310 1312 quo
1343 1236 1741 1297 constituerat
1769 1237 1926 1310 loca,
1973 1237 2246 1312 quinque
2281 1261 2283 1264 ⁴

270 1321 443 1381 milia
484 1322 671 1382 ferme
712 1323 791 1382 ab
833 1321 984 1381 urbe
1022 1320 1231 1397 posuit
1271 1328 1493 1381 castra.
1569 1320 1655 1379 ibi
1694 1335 1929 1396 paucos
1973 1329 2244 1380 moratus

271 1407 413 1465 dies
442 1406 863 1482 Metapontum
899 1421 1043 1465 sese
1082 1404 1336 1480 recepit.
1405 1404 1550 1464 inde
1592 1405 1750 1466 duos
1791 1403 2246 1479 Metapontinos

271 1506 413 1549 cum
445 1490 657 1550 litteris
691 1489 1031 1565 principum
1077 1489 1211 1548 eius
1241 1489 1502 1550 civitatis
1532 1488 1614 1548 ad
1639 1487 1896 1550 Fabium
1921 1490 2244 1552 Tarentum

270 1575 480 1646 mittit,
526 1573 715 1634 fidem
748 1573 825 1634 ab
871 1573 1125 1634 consule
1171 1582 1538 1648 accepturos
1580 1573 1876 1648 impunita
1918 1571 1994 1632 iis
2039 1573 2246 1648 priora

272 1660 443 1733 tore,
488 1658 541 1718 si
581 1657 999 1734 Metapontum
1043 1657 1099 1716 ei
1142 1672 1280 1718 cum
1322 1656 1630 1731 praesidio
1658 1655 1890 1717 Punico
1934 1656 2245 1731 prodidis-

268 1745 433 1799 sent.
516 1721 744 1798 Fabius
788 1755 935 1797 vera
964 1756 1123 1812 quae
1163 1740 1472 1798 adferrent
1511 1755 1656 1798 esse
1686 1746 1853 1798 ratus
1884 1740 2076 1813 diem,
2123 1756 2246 1815 qua

269 1838 647 1884 accessurus
698 1813 865 1882 esset
904 1821 1350 1895 Metapontum,
1404 1821 1714 1880 constituit
1761 1822 2114 1896 litterasque
2163 1824 2243 1883 ad

270 1922 587 1982 principes
618 1905 803 1982 dedit,
837 1921 995 1980 quae
1024 1905 1103 1964 ad
1133 1904 1531 1964 Hannibalem
1563 1904 1803 1966 delatae
1833 1914 1989 1967 sunt.
2055 1909 2243 1967 enim·

267 2003 425 2049 vero
464 1991 660 2050 laetus
714 2004 1013 2075 successu
1052 1989 1313 2058 fraudiS,
1359 1989 1414 2048 si
1456 2005 1534 2048 ne
1561 1988 1787 2050 Fabius
1821 1991 2064 2065 quidem
2096 1992 2240 2052 dolo

269 2075 537 2134 invictus
562 2074 796 2150 suisset,
820 2073 986 2134 haud
1011 2073 1223 2148 procul
1238 2073 1591 2149 Metaponto
1617 2073 1874 2134 insidias
1901 2075 2089 2150 ponit.
2127 2075 2240 2136 Fa·-

269 2159 379 2218 bio
422 2158 791 2234 auspicanti,
831 2157 1188 2234 priusquam
1234 2160 1624 2233 egrederetur
1651 2159 1728 2218 ab
1755 2161 2046 2234 Tarento,
2090 2176 2240 2222 aves

270 2243 465 2304 semel
496 2250 682 2319 atque
710 2243 924 2304 iterum
954 2257 1079 2302 non
1106 2241 1492 2302 addixerunt.
1541 2240 1744 2302 hostia
1773 2260 2024 2318 quoque
2055 2259 2240 2303 caesa

254 2328 616 2388 consulenti
642 2327 796 2388 deos
820 2327 1135 2400 haruspex
1164 2325 1508 2386 cavendum
1537 2342 1574 2385 a
1599 2326 1814 2386 fraude
1836 2327 2042 2388 hostili
2073 2335 2132 2386 et
2163 2326 2239 2387 ab

268 2411 515 2472 insidiis
539 2411 861 2497 praedixit.
925 2408 1341 2507 Metapontini,
1385 2417 1710 2484 postquam
1739 2411 1821 2468 ad
1851 2411 2240 2472 constitutum

268 2511 399 2556 non
433 2503 681 2556 venerat
710 2496 903 2569 diem,
940 2494 1187 2554 remissi
1216 2498 1282 2553 ut
1311 2500 1690 2563 cunctantem
1719 2493 1832 2550 1101
1837 2502 2118 2566 tarentui
2165 2512 2240 2554 ac

268 2588 526 2653 repente
558 2579 985 2656 comprehensi
1017 2585 1181 2639 metu
1204 2577 1518 2652 gravioris
1535 2575 1917 2652 quaestionis
1949 2579 2240 2654 detegunt

268 2663 553 2724 insidias.

440 2747 627 2806 XVII.
688 2745 964 2812 ‚Aestatis
994 2747 1125 2808 eius
1152 2745 1488 2822 principio,
1537 2761 1660 2819 qua
1688 2746 1842 2805 haec
1883 2745 2240 2820 agebantur,

267 2832 338 2890 Ι).
370 2830 579 2907 Scipio
610 2829 683 2890 »in
722 2830 1021 2905 Hispania
1062 2848 1198 2890 cum
1239 2831 1499 2890 hiemem
1541 2836 1728 2891 totam
1767 2829 2238 2890 reconciliandis

266 2915 672 2976 barbarorum
712 2913 931 2974 animis
960 2915 1175 2991 partim
1208 2915 1390 2977 donis
1420 2914 1637 2989 partim
1666 2915 2030 2976 remissione
2073 2915 2238 2975 obsi·

269 2999 418 3060 dum
450 2999 953 3075 captivorumque
981 2997 1450 3073 absumpsisset,
1487 2999 1732 3060 Edesco
1755 2999 1841 3058 ad
1873 3015 2010 3060 eum
2037 2999 2238 3062 clarus

270 3085 429 3143 inter
458 3085 649 3145 duces
678 3082 991 3157 Hispanos
1018 3083 1203 3142 venit.
1270 3090 1445 3142 erant
1477 3083 1734 3146 coniunx
1763 3083 2064 3158 liberique
2103 3083 2240 3144 eius

268 3167 443 3242 apud
461 3169 805 3238 Romanos;
854 3167 964 3228 sed
998 3173 1240 3242 praeter
1266 3183 1400 3226 eam
1434 3183 1684 3229 causam
1714 3168 1892 3229 etiam
1924 3167 2090 3226 velut
2116 3167 2238 3226 sor-

270 3251 421 3312 tuita
450 3250 760 3312 inclinatio
792 3249 1160 3324 animorum,
1205 3267 1363 3324 quae
1391 3250 1747 3326 Hispaniam
1796 3265 2034 3312 onmem
2063 3265 2236 3310 aver-

268 3342 429 3397 terat
458 3336 535 3397 ad
566 3337 909 3396 Romanum
939 3351 976 3396 a
1003 3333 1232 3395 Punico
1263 3334 1542 3408 imperio,
1585 3336 1768 3395 traxit
1799 3352 1954 3396 eum.
2022 3335 2236 3396 eadem

271 3435 468 3482 causa
506 3419 763 3480 Indebili
802 3419 1261 3492 Mandonioque
1305 3418 1442 3489 fuit,
1486 3418 1648 3479 haud
1683 3419 1866 3479 dubie
1905 3418 2106 3478 omnis
2137 3418 2239 3477 Hi-

269 3507 534 3566 maniae
567 3503 976 3579 principibus,
1025 3519 1160 3565 cum
1205 3502 1369 3564 omni
1399 3501 1786 3577 popularium
1815 3518 1994 3562 manu
2027 3503 2240 3562 relicto
