2550 3959
563 220 795 283 LIBER
821 221 1036 281 XXlV.
1081 222 1248 283 GAP.
1280 230 1369 283 34.
1412 224 1486 301 [a.
1512 230 1577 281 c.
1607 228 1733 305 214]
2056 224 2142 295 ³5

185 384 292 435 {um
307 372 864 449 oppugnandarum
875 371 1114 433 urbium
1131 374 1321 433 muris
1337 373 1758 437 admoverunt.
1786 378 2055 440 XXXIV.
2078 388 2139 442 et

181 456 489 518 habuisset
528 462 698 525 tanto
741 455 973 533 impetu
1014 456 1238 532 coepta
1271 472 1376 517 res
1418 459 1749 536 fortunam,
1816 462 1943 522 nisi
1976 476 2139 527 unus

179 540 351 602 homo
365 538 700 617 Syracusis
723 554 804 601 ea·
817 544 1182 617 tempestate
1205 540 1440 602 ruisset.
1482 542 1885 606 Archimedes
1907 546 2131 622 iserat,

181 625 387 686 unicus
431 630 752 700 spectator
785 623 946 685 caeli
977 623 1405 701 siderumque,
1454 626 1789 689 mirabilior
1812 636 2017 691 tamen
2047 632 2139 691 in·

178 715 383 770 venter
406 722 481 768 ac
503 708 882 770 machinator
892 708 1251 769 bellicorum
1272 716 1710 771 tormentorum
1736 726 2135 791 operumque,

178 792 408 869 quibus,
449 792 505 853 si
536 792 686 868 quid
713 792 932 854 hostes
957 792 1187 869 ingenti
1218 794 1380 853 mole
1408 802 1689 872 agerent,
1734 798 1871 874 ipse
1899 799 2141 875 perlevi

175 883 474 938 momento
504 876 937 938 hdistcaretur.
983 889 1198 939 murus
1224 888 1341 954 per
1367 877 1727 954 inaequales
1755 882 1978 943 ductus
2007 884 2135 945 eot—

175 962 286 1031 les;
333 961 633 1037 pleraque
673 962 797 1022 alta
833 966 897 1022 et
926 960 1199 1021 difficilia
1237 961 1441 1031 aditu;
1486 963 1799 1025 submissa
1830 966 2136 1041 quaedam

174 1053 226 1105 et
265 1060 430 1121 quae
467 1044 670 1121 planis
710 1044 978 1105 vallibus
1017 1045 1188 1105 adire
1217 1052 1497 1121 possent.
1560 1052 1628 1107 ut
1667 1048 1887 1125 cuique
1928 1058 2136 1127 aptum

173 1130 365 1189 visum
407 1135 505 1189 est
544 1130 716 1202 loco,
763 1128 848 1189 ita
875 1140 1108 1205 genere
1145 1128 1313 1189 omni
1355 1135 1798 1192 tormentorum
1830 1132 2124 1197 instruxit

171 1212 556 1273 Achradinae
597 1224 864 1289 murana,
909 1214 1046 1289 qui,
1085 1220 1158 1274 ut*
1182 1220 1323 1274 ante
1350 1211 1579 1275 dictum
1608 1222 1721 1291 est,
1760 1214 1916 1276 mari
1939 1219 2132 1279 adlui-

170 1304 275 1373 tur,
317 1296 643 1373 sexaginta
671 1296 1209 1373 quinqueremibus
1231 1296 1563 1359 Marcellus
1590 1296 2006 1375 oppugnabat.
2054 1316 2136 1361 ex

170 1380 385 1441 ceteris
427 1381 688 1442 navibus
730 1382 1026 1457 sagittarii
1067 1381 1531 1457 funditoresque
1572 1388 1637 1445 et
1672 1384 1889 1445 velites
1932 1384 2130 1459 etiam,

171 1477 432 1541 quorum
458 1467 642 1525 telum
671 1466 752 1526 ad
777 1465 1203 1526 remittendum
1231 1464 1501 1525 inhabile
1530 1465 1828 1544 impe-ritis
1856 1476 1981 1544 est,
2026 1470 2131 1530 vix

170 1563 536 1625 quemquam
579 1550 711 1609 sine
753 1550 1008 1627 vulnere
1049 1550 1391 1610 consistere
1417 1550 1479 1610 in
1506 1564 1683 1613 muro
1726 1554 2132 1629 patiebantur.

165 1632 240 1709 hi,
273 1633 426 1709 quia
453 1633 659 1709 spatio
683 1625 1018 1695 missilibus
1049 1646 1211 1710 opus
1241 1640 1354 1709 est,
1398 1637 1612 1710 procul
1641 1650 1814 1697 muro
1844 1639 2135 1699 tenebant

165 1730 380 1777 naves.
427 1716 670 1778 iunctae
699 1717 854 1778 aliae
881 1718 1064 1779 binae
1093 1717 1567 1794 quinqueremes
1592 1720 1857 1795 demptIs
1886 1720 2133 1781 interio-

162 1802 328 1861 ribus
369 1800 589 1876 remis‚
633 1808 700 1861 ut
739 1803 896 1863 latus
939 1801 1112 1863 lssateri
1153 1801 1591 1877 applicaretur,
1651 1815 1790 1864 cam
1831 1806 2135 1865 exteriore

164 1884 380 1945 ordine
405 1898 714 1945 rem-orum
740 1886 914 1945 velut·
933 1900 1060 1945 nna
1085 1884 1261 1945 navis
1294 1892 1648 1962 agerentur,
1688 1894 1891 1949 turres
1921 1896 2131 1949 conta-

161 1968 400 2029 bulatas
423 1967 1034 2045 machinamentaque
1059 1968 1179 2029 alia
1205 1968 1553 2045 quatiendis
1576 1970 1764 2031 muris
1786 1972 2133 2047 portabant.

159 2053 469 2114 adversus
517 2052 680 2113 hunc
727 2054 1010 2113 navalem
1059 2061 1424 2135 apparatum
1464 2053 1870 2117 Archimedes
1920 2057 2132 2117 variae

155 2136 600 2213 magnitudinis
639 2140 940 2199 tormenta
979 2134 1041 2197 in
1081 2136 1270 2197 muris
1314 2136 1641 2213 disposuit.
1706 2139 1773 2202 in
1814 2152 1925 2201 eas
1968 2154 2130 2216 quae

157 2222 378 2297 procul
425 2226 598 2281 erant
625 2236 817 2283 naves
849 2234 1003 2281 saxa
1031 2220 1260 2297 ingenti
1292 2221 1568 2297 pondere
1597 2222 1935 2294 emittebat3
1984 2238 2127 2301 pro-

153 2305 368 2380 piores
410 2304 746 2366 levioribus
793 2320 997 2381 eoque
1023 2305 1219 2381 magis
1251 2304 1482 2365 crebris
1526 2306 1775 2381 petebat
1802 2308 1973 2369 telis=
2015 2322 2129 2385 po-

155 2396 428 2465 stremo,
469 2396 536 2449 nt
563 2388 660 2449 sui
689 2389 947 2450 vulnere
985 2388 1192 2449 intacti
1223 2389 1345 2449 tela
1387 2389 1449 2449 in
1479 2389 1721 2450 hostem
1762 2390 2126 2467 ingererent,

152 2486 397 2533 murum
426 2472 503 2533 ab
545 2474 669 2535 imo
695 2473 777 2533 ad
805 2486 1106 2533 summam
1135 2472 1367 2533 crebris
1400 2472 1765 2534 cubitalibus
1795 2476 1924 2535 rere
1956 2476 2129 2535 cavis

152 2556 415 2633 aperuit,
445 2568 559 2633 per
581 2572 741 2632 quae
765 2570 920 2618 cava
941 2572 1086 2635 pars
1111 2555 1348 2633 sagittis
1371 2568 1519 2633 pars
1543 2556 1977 2633 scorpionibus
1999 2572 2129 2618 mo—

153 2640 313 2701 dicis
343 2656 426 2701 ex
455 2642 698 2702 occulto
729 2642 1015 2718 petebant
1033 2641 1298 2703 hostem.
1344 2653 1503 2715 quae
1530 2640 1795 2717 propius
1823 2641 2129 2719 quaedam

154 2725 451 2787 subibant
472 2740 684 2801 naves,
709 2742 832 2801 quo
855 2724 1176 2786 interiores
1201 2723 1422 2785 ictibus
1436 2730 1874 2787 tormentorum
1899 2734 2127 2803 essent,

149 2809 210 2869 in
241 2822 360 2871 eas
388 2809 702 2869 tollenone
723 2821 912 2885 super
934 2824 1167 2869 murum
1198 2808 1501 2869 eminente
1530 2808 1731 2871 ferrea
1756 2824 1993 2883 manus,
2026 2810 2129 2871 fir-

151 2906 294 2954 mae
329 2898 589 2953 catenae
617 2893 864 2969 illigata,
905 2907 1045 2953 cum
1074 2893 1296 2954 iniecta
1323 2906 1550 2970 prorae
1578 2901 1765 2968 esset,
1812 2906 2128 2971 graveque

149 2976 582 3039 libramentum
611 2977 842 3055 plumbi
870 2977 1190 3038 recelleret
1218 2978 1299 3037 ad
1329 2978 1559 3053 solum,
1604 2990 1913 3055 suspensa
1940 2992 2129 3055 prora

147 3078 376 3123 navem
405 3060 468 3121 in
497 3060 755 3138 puppim
785 3060 1105 3134 statuebat,
1153 3061 1296 3121 dein
1326 3061 1587 3122 remissa
1619 3062 1821 3124 subito
1848 3064 2020 3123 velut
2048 3077 2128 3123 ex

146 3162 328 3208 muro
358 3145 682 3207 cadentem
703 3160 924 3207 navem
954 3160 1090 3205 cum
1120 3144 1347 3221 ingenti
1375 3144 1786 3223 trepidatione
1806 3153 2125 3207 nautarum

145 3228 227 3290 ita
255 3230 471 3291 undae
497 3228 847 3306 adfligebat,
891 3236 958 3291 ut
987 3229 1226 3291 etiamsi
1251 3236 1422 3291 recta
1450 3230 1805 3302 recciderat,
1851 3228 2128 3307 aliquan-

145 3320 270 3373 tum
303 3330 510 3392 aquae
538 3314 866 3391 acciperet.
938 3314 1020 3374 ita
1049 3313 1351 3374 maritima
1393 3312 1773 3389 oppugnatio
1802 3318 1899 3373 est
1926 3314 2123 3387 elusa,

145 3396 484 3476 omnisque
525 3413 675 3475 spes
706 3398 789 3459 ad
817 3397 881 3458 id
909 3412 1121 3473 versa,
1163 3403 1230 3457 ut
1256 3397 1402 3459 totis
1446 3395 1681 3457 viribus
1708 3404 1871 3458 terra
1908 3398 2125 3473 adgre—

144 3479 462 3545 derentur.
519 3482 634 3543 sed
665 3498 741 3542 ea
771 3496 1021 3558 quoque
1049 3496 1195 3558 pars
1227 3482 1448 3543 eodem
1480 3480 1660 3625 omn}
1673 3488 1975 3607 apparatu
1998 3487 2115 3541 tor-
