2550 3959
537 215 770 276 LIBER
794 213 1034 276 XXVII.
1082 213 1249 274 CAP.
1279 223 1366 274 45.
1397 221 1484 275 46.
1531 219 1604 287 [a.
1638 219 1702 271 c.
1735 220 1862 286 207]
2053 213 2176 280 213

200 385 385 449 spem
414 373 767 442 metumque
796 366 1108 442 impellere
1137 366 1398 426 animos.
1461 365 1695 442 gloriae
1726 366 1972 443 quidem
2003 385 2081 430 ex
2109 387 2178 430 re

198 453 365 515 bene
403 457 581 528 gesta
626 457 841 526 partae
882 451 1140 511 fructum
1181 465 1382 526 prope
1423 465 1666 511 omnem
1703 449 1882 528 ipsos
1910 453 2176 514 laturosz

203 551 456 614 semper
479 535 645 610 quod
672 541 1050 611 postremum
1072 534 1378 594 adiectum
1401 533 1497 609 sit,
1528 533 1593 594 id
1619 549 1749 595 rem
1769 541 1957 596 totam
1981 537 2177 597 videri

202 620 492 682 traxisse.
560 621 812 679 cernere
847 617 1021 694 ipsos
1053 633 1177 694 quo
1208 633 1547 691 concursu,
1596 635 1718 694 qua
1757 619 2176 696 admiratione,

204 721 330 782 quo
363 705 578 764 favore
598 701 913 763 hominum
943 702 1059 762 iter
1086 718 1266 763 suum
1298 701 1655 763 celebretur.
1701 709 1764 764 et
1787 702 2038 764 hercule
2065 721 2177 781 per
2233 703 2244 714 '

203 788 501 850 instructa
531 787 737 848 omnia
783 785 1099 848 ordinibus
1128 786 1402 846 virorum
1429 785 1874 864 mulierumque
1902 789 2178 866 undique

204 888 286 932 ex
314 873 481 948 agris
524 869 893 945 effusorum,
938 870 1092 930 inter
1117 877 1263 930 vota
1293 876 1354 929 et
1383 886 1600 947 preces
1632 876 1693 930 et
1721 872 1938 933 laudes
1981 872 2176 933 ibantz

205 957 345 1017 illos
378 954 692 1032 praesidia
718 955 807 1015 rei
837 953 1148 1031 publicae,
1192 953 1472 1015 vindices
1515 953 1682 1014 urbis
1711 955 2028 1016 Romanae
2069 958 2177 1016 im-

206 1040 493 1117 periique
535 1037 957 1117 appellabant3
1007 1038 1069 1097 in
1110 1037 1353 1098 illorum
1395 1037 1580 1098 armis
1613 1038 1972 1116 dextrisque
2001 1057 2176 1102 suam
2261 1110 2268 1121 ,

206 1123 661 1198 liberorumque
712 1137 962 1184 suorum
1014 1123 1271 1183 salutem
1333 1137 1406 1182 ac
1458 1121 1794 1184 libertatem
1837 1125 2177 1201 repositam

214 1224 379 1270 esse.
446 1207 601 1268 deos
634 1221 848 1267 omnes
880 1208 1160 1282 deasque
1190 1205 1624 1283 precabantur,
1665 1213 1735 1267 ut
1763 1206 1880 1268 illis
1915 1210 2174 1270 faustum

206 1295 319 1354 iter
361 1291 633 1366 felixque
675 1306 882 1368 pugna
911 1297 971 1351 et
996 1297 1234 1351 matura
1275 1306 1356 1350 ex
1383 1289 1664 1352 hostibus
1693 1289 1951 1353 victoria
1990 1299 2176 1368 esset,

208 1378 765 1451 damnarenturque
790 1373 914 1451 ipsi
941 1382 1243 1446 votorum,
1293 1390 1451 1450 quae
1482 1390 1596 1451 pro
1627 1374 1702 1435 iis
1734 1374 2177 1452 suscepissent,

212 1467 289 1534 ut,
323 1475 506 1536 quem
534 1460 616 1519 ad
645 1458 892 1518 modum
922 1467 1084 1519 n'unc
1114 1457 1358 1519 solliciti
1382 1466 1904 1535 prosequerentur
1933 1475 2065 1536 eos,
2097 1460 2172 1520 ita

209 1559 445 1621 paucos
491 1549 639 1620 post
684 1543 818 1603 dies
863 1542 1003 1603 laeti
1046 1542 1374 1603 ovantibus
1413 1543 1671 1604 victoria
1713 1544 1959 1604 obviam
2003 1545 2176 1605 irent.

210 1628 467 1688 invitare
506 1626 652 1687 inde
682 1642 795 1704 pro
838 1642 909 1687 se
941 1627 1205 1702 quisque
1247 1633 1308 1687 et
1338 1625 1562 1687 offerre
1593 1635 1654 1688 et
1683 1628 1938 1704 fatigare
1980 1628 2172 1705 preci·

209 1711 343 1788 buS,
388 1718 469 1784 ut,
513 1727 674 1786 quae
703 1710 857 1786 ipsis
888 1710 1294 1786 iumentisque
1322 1711 1462 1771 usui
1492 1717 1732 1784 essent,
1779 1710 1854 1771 ab
1887 1727 1957 1771 se
1987 1712 2176 1788 potis-

210 1797 431 1857 simum
453 1801 763 1856 sumerent
777 1816 800 1860 ε,
822 1793 1088 1870 benigne
1111 1793 1317 1855 omnia
1339 1795 1642 1855 cumulata
1665 1794 1832 1854 dare.
1874 1796 2176 1856 modestia

210 1886 443 1941 certare
466 1879 705 1955 milites,
731 1894 808 1938 ne
836 1879 983 1954 quid
1005 1879 1163 1939 ultra
1185 1894 1367 1938 usum
1389 1879 1808 1938 necessarium
1832 1887 2174 1949 sumerent3

212 1965 357 2040 nihil
380 1963 627 2039 morari,
657 1977 773 2023 nec
802 1960 880 2022 ab
912 1962 1105 2038 signis
1137 1963 1439 2023 absistere
1469 1978 1584 2022 nec
1615 1961 1954 2024 subsistere
1976 1962 2176 2024 cibum

209 2047 554 2124 capientes3
606 2047 767 2107 diem
808 2061 883 2106 ac
912 2054 1153 2108 noctem
1198 2047 1318 2118 ire;
1360 2047 1468 2107 vix
1499 2047 1668 2123 quod
1698 2046 1848 2108 satis
1897 2048 1977 2108 ad
2004 2054 2174 2109 natu-

205 2133 336 2194 rale
367 2131 741 2192 desiderium
770 2146 1096 2207 corporum
1128 2138 1314 2206 esset,
1349 2132 1535 2208 quieti
1567 2132 1733 2191 dare.
1791 2139 1852 2192 et
1881 2133 1962 2192 ad
1993 2132 2175 2193 colle-

205 2232 349 2293 gam
377 2216 701 2292 praemissi
744 2221 916 2276 erant
948 2215 1052 2291 qui
1083 2214 1428 2276 nuntiarent
1463 2215 1789 2276 adventum
1820 2222 2169 2293 percuncta-

206 2306 561 2376 renturque,
607 2300 763 2360 clam
794 2316 870 2359 an
902 2299 1132 2376 palam,
1177 2298 1442 2360 interdiu
1471 2315 1549 2358 an
1579 2305 1764 2360 noctu
1790 2299 2004 2360 venire
2033 2315 2176 2360 sese

204 2385 407 2457 vellet,
440 2384 637 2444 isdem
668 2399 745 2443 an
775 2383 911 2444 aliis
936 2383 1262 2444 considere
1286 2381 1522 2443 castris.
1565 2389 1746 2444 nocte
1770 2383 1924 2443 clam
1955 2382 2175 2444 intrare

205 2468 428 2529 melius
456 2467 659 2528 visum
691 2474 803 2528 est.

377 2551 585 2612 XLVI.
628 2551 892 2612 Tessera
916 2567 1027 2628 per
1049 2556 1251 2611 castra
1280 2549 1358 2610 ab
1378 2549 1552 2610 Livio
1577 2549 1834 2609 consule
1856 2549 1999 2610 data
2029 2557 2174 2625 erat,

205 2641 279 2697 ut
307 2635 581 2697 tribunus
612 2635 935 2710 tribunum,
978 2635 1252 2696 centurio
1285 2633 1732 2707 centurionem,
1781 2648 1974 2708 eques
2005 2635 2173 2710 equi—

204 2727 347 2793 tem,
381 2721 573 2795 pedes
605 2720 874 2796 peditem
902 2719 1240 2796 acciperet=
1287 2735 1489 2794 neque
1519 2718 1678 2795 enim
1708 2717 1944 2777 dilatari
1975 2724 2176 2778 castra

204 2818 369 2878 opus
400 2818 561 2878 esse,
606 2819 685 2863 ne
712 2803 911 2864 hostis
942 2801 1272 2864 adventum
1303 2803 1552 2863 alterius
1584 2800 1858 2862 consulis
1891 2802 2170 2872 sentiret3

203 2893 271 2946 et
298 2887 589 2948 coartatio
625 2887 884 2963 plurium
926 2887 985 2946 in
1018 2893 1277 2962 angusto
1309 2886 1681 2967 tendentium
1713 2884 1949 2945 facilior
1979 2887 2176 2946 futura

204 2977 368 3045 erat,
420 2973 587 3048 quod
618 2971 987 3032 Claudianus
1032 2970 1338 3031 exercitus
1381 2969 1530 3031 nihil
1557 2972 1684 3030 fere
1723 2976 1965 3046 praeter
2007 2986 2174 3030 arma

202 3068 418 3115 secum
460 3053 521 3115 in
566 3055 1023 3131 expeditionem
1068 3056 1301 3114 tulerat.
1367 3060 1636 3116 ceterum
1676 3054 1737 3113 in
1779 3054 1916 3130 ipso
1961 3053 2174 3114 itinere

201 3145 454 3200 auctum
483 3138 843 3200 voluntariis
876 3153 1093 3215 agmen
1124 3144 1282 3214 erat,
1329 3136 1726 3200 offerentibus
1755 3139 1914 3199 ultro
1945 3153 2086 3197 sese
2116 3145 2173 3198 et

202 3221 521 3283 veteribus
570 3223 861 3285 militibus
914 3222 1247 3299 perfunctis
1297 3221 1419 3282 iam
1466 3221 1678 3283 militia
1719 3228 1779 3282 et
1828 3220 2170 3295 iuvenibu8‚

206 3322 369 3380 quos
400 3305 672 3367 certatim
701 3307 951 3368 nomina
981 3306 1216 3378 danteS,
1250 3306 1305 3366 si
1330 3321 1587 3380 quorum
1616 3307 1896 3381 corporis
1927 3305 2172 3382 species

198 3388 517 3465 roburque
545 3389 763 3452 virium
793 3397 1002 3469 aptum
1032 3389 1279 3450 militiae
1313 3388 1653 3464 videbatur,
1697 3389 2170 3466 conscripserat.

202 3472 288 3532 ad
330 3471 555 3534 Senam
598 3481 801 3536 castra
842 3475 1086 3536 alterius
1132 3472 1408 3533 consulis
1451 3478 1650 3546 erant,
1703 3478 1763 3532 et
1806 3471 2169 3549 quingentos
