2550 3959
369 224 495 288 308
678 224 905 285 LIBER
937 224 1147 287 XXIX..
1190 224 1356 283 CAP.
1387 233 1476 287 26.
1507 232 1593 285 27.
1641 231 1713 298 [a.
1742 228 1808 281 U.
1834 248 1881 282 c.
1906 231 2030 296 548]

371 380 760 454 traiecerant,
808 386 869 439 et
908 394 1107 454 prope
1147 377 1401 437 totidem
1439 384 1743 438 rostratae
1786 376 1847 436 in
1886 377 2005 437 illis
2036 377 2340 439 classibus

370 466 624 537 luera-nt,
658 469 807 540 quot
834 461 1132 523 onerariis
1164 460 1374 537 Sprio
1401 467 1531 521 tum
1558 459 1902 521 traiciebat=
1931 476 2071 521 nam
2099 468 2344 537 praeter

372 547 777 623 quadraginta
817 548 1036 622 longas
1078 562 1271 607 naves
1319 544 1782 621 quadringentis
1814 545 2003 605 ferme
2041 546 2341 607 onerariis

368 632 704 693 exercitum
741 631 1022 691 travexit.
1089 630 1202 690 sed
1247 636 1309 691 et
1334 629 1561 690 bellum
1588 629 1750 689 bello
1782 630 2120 691 secundum
2138 628 2345 705 priore

367 724 434 777 ut
462 716 731 779 atrocius
762 715 1055 775 Romanis
1090 713 1426 789 videretur,
1473 730 1610 775 cum
1639 713 1814 790 quod
1849 713 1912 773 in
1939 712 2110 774 Italia
2152 712 2340 777 bella—

368 800 575 874 batur,
620 807 745 859 tum
788 798 1067 874 ingentes
1098 804 1341 874 strages
1369 803 1460 858 tot
1500 798 1873 859 exercituum
1917 798 2096 859 simul
2137 799 2339 860 caesis

370 884 633 945 ducibus
678 882 1045 955 effecerant;
1090 892 1152 944 et
1192 882 1402 959 Scipio
1447 883 1573 943 dux
1615 882 1833 958 partim
1865 882 2040 944 factis
2083 882 2340 945 fortibus

369 968 589 1043 partim
620 973 843 1044 suapte
873 968 1113 1027 sortuna
1146 968 1414 1043 quadam
1441 967 1670 1042 ingenti
1700 966 1782 1027 ad
1809 966 2182 1028 incrementa
2208 969 2340 1043 glo-

366 1052 495 1113 riae
537 1050 882 1113 celebratus
925 1058 1311 1113 converterat
1351 1051 1621 1113 animose
1670 1050 1849 1111 simul
1891 1058 1953 1113 et
1989 1067 2162 1112 mens
2203 1052 2342 1128 ipsa

371 1136 688 1197 traiciendi
724 1136 873 1197 nulli
898 1143 1037 1196 ante
1060 1150 1139 1195 eo
1160 1133 1325 1195 bello
1350 1134 1493 1195 duci
1515 1141 1811 1213 temptata,
1835 1135 1924 1196 ad
1940 1136 2343 1197 Hannibalem

368 1219 731 1282 trahendum
780 1236 860 1279 ex
900 1220 1077 1289 ltalia
1118 1220 1736 1295 transferendumque
1783 1226 1846 1280 et
1889 1219 2229 1281 finiendum
2277 1220 2341 1279 in

369 1303 580 1365 Africa
620 1304 848 1363 bellum
891 1319 962 1363 se
1001 1303 1262 1363 transire
1272 1340 1294 1381 ,-
1335 1304 1582 1379 vulgata
1621 1310 1768 1364 erat.
1827 1311 2222 1365 concurrerat
2260 1304 2342 1363 ad

371 1388 787 1463 spectaculum
809 1388 869 1447 in
892 1394 1133 1463 portum
1164 1384 1362 1449 ominis
1387 1387 1563 1449 turba
1591 1404 1714 1448 non
1733 1386 2131 1449 habitantium
2151 1386 2342 1449 modo

369 1470 662 1548 Lilybaei,
695 1471 805 1531 scd
838 1470 1210 1547 legationum
1240 1472 1513 1533 omnium
1541 1486 1617 1533 ex
1638 1470 1864 1547 Sicilia,
1897 1488 2058 1548 quae
2087 1472 2167 1533 ad
2197 1488 2312 1549 pro

370 1555 756 1632 sequendum
788 1553 1140 1631 Scipionem
1186 1556 1376 1617 officii
1408 1572 1597 1617 causa
1629 1564 2047 1618 convenerant
2075 1563 2136 1618 et
2162 1572 2342 1632 prae-

369 1648 564 1699 torem
593 1639 951 1715 provinciae
978 1640 1059 1701 M.
1089 1640 1494 1717 Pomponium
1526 1648 1778 1701 secutae
1807 1641 2064 1702 fuerant.
2110 1640 2190 1701 ad
2221 1642 2343 1701 hoc

369 1723 680 1799 legioneS,
728 1739 886 1799 quae
919 1724 982 1784 in
1012 1724 1223 1787 Sicilia
1260 1724 1790 1800 relinquebantur,
1837 1726 1919 1786 ad
1959 1740 2344 1801 prosequen—

370 1808 488 1869 dos
532 1807 975 1869 commilitones
1020 1816 1488 1885 processerant;
1549 1826 1663 1869 nec
1703 1810 1924 1870 classis
1968 1810 2155 1871 modo
2198 1824 2343 1886 pro-

372 1891 793 1967 spectantibus
824 1908 859 1953 e
885 1899 1068 1967 terra,
1112 1894 1228 1954 sed
1256 1893 1336 1953 de
1365 1893 1517 1953 mari
1545 1900 1710 1953 terra
1737 1893 1918 1953 etiam
1948 1892 2147 1954 omnis
2179 1894 2346 1953 circa

369 1976 593 2037 referta
620 1975 800 2035 turba
830 1978 1188 2053 spectaculo
1218 1987 1370 2039 erat.
1457 1976 1696 2037 xxvn.
1735 1984 1856 2039 tum
1884 1978 2086 2054 Scipio
2111 1980 2345 2039 silentio

370 2075 483 2133 per
509 2074 881 2136 praeconem
913 2059 1106 2134 facto,
1149 2060 1317 2135 „divi
1347 2062 1693 2137 divaeque“
1733 2061 1950 2137 inquit'
1970 2063 2120 2135 „qui
2149 2060 2346 2119 maria

368 2152 689 2218 terrasque
720 2142 938 2217 colitis,
983 2158 1102 2205 vos
1131 2160 1356 2222 precor
1384 2161 1746 2222 quaesoque
1773 2146 1877 2221 uti,
1921 2161 2083 2221 quae
2112 2145 2173 2205 in
2199 2158 2338 2203 mec

369 2226 627 2301 imperio
651 2233 828 2303 gesta
851 2235 993 2290 sunt
1020 2235 1331 2305 geruntur,
1365 2246 1440 2289 ea
1468 2229 1612 2289 mihi
1642 2231 1876 2306 populo
1909 2228 2201 2306 plebique
2215 2228 2342 2287 Ro-

370 2326 589 2370 manae
612 2311 801 2373 sociis
822 2314 1179 2390 nominique
1191 2313 1424 2388 Latino,
1457 2313 1562 2389 qui
1591 2315 1806 2390 populi
1819 2313 2080 2374 Romani
2111 2312 2345 2389 quique

368 2408 568 2453 meam
613 2402 843 2457 sectam
886 2398 1209 2474 imperium
1255 2397 1726 2474 auspiciumque
1766 2406 1928 2457 terra
1953 2398 2106 2457 mari
2148 2396 2342 2457 amni-

365 2478 611 2555 busque
655 2487 1023 2557 sequuntur,
1081 2481 1239 2541 bene
1276 2490 1672 2554 verruncent,
1733 2498 1931 2557 eaque
1974 2497 2091 2541 vos
2135 2480 2344 2541 omnia

366 2561 526 2623 bene
554 2563 794 2640 iuvetis,
821 2563 1006 2626 bonis
1036 2565 1315 2626 auctibus
1347 2566 1600 2637 auxitis3
1637 2567 1848 2627 salvos
1869 2566 2344 2639 incolumesque

366 2647 545 2707 victis
595 2649 1013 2724 perduellibus
1062 2651 1362 2725 victoreS,
1429 2650 1646 2727 spollis
1691 2651 2048 2725 decoratoS‚
2105 2649 2344 2727 praeda

369 2736 629 2793 onustos
658 2732 1229 2809 triumphantesque
1256 2749 1497 2796 mecum
1526 2736 1748 2797 domos
1778 2736 2041 2797 reduces
2071 2734 2338 2805 sistati83

366 2814 751 2877 inimicorum
800 2816 1191 2894 hostiumque
1252 2820 1752 2882 ulciscendorum
1801 2821 2044 2897 copiam
2096 2820 2336 2889 faxitis3

369 2914 653 2974 quaeque
681 2902 949 2976 populus
980 2901 1498 2978 Carthaginiensis
1527 2906 1586 2965 in
1618 2905 1923 2966 civitatem
1948 2910 2220 2966 nostram
2249 2904 2336 2963 fa-

368 2996 509 3041 cere
539 2983 783 3045 molitus
813 2991 924 3060 est,
966 3001 1043 3045 ea
1068 2993 1134 3046 ut
1160 2986 1308 3047 mihi
1334 2989 1697 3066 populoque
1721 2989 2002 3051 Romano
2033 2989 2094 3049 in
2127 2986 2332 3048 civita·

367 3070 488 3124 tem
518 3065 1106 3142 Carthaginiensium
1147 3073 1434 3149 exempla
1472 3072 1697 3133 edendi
1739 3072 2086 3135 facultatem
2115 3071 2336 3134 detis“.

368 3149 706 3210 secundum
729 3150 843 3213 has
874 3168 1094 3228 preces
1127 3155 1320 3217 cruda
1349 3163 1490 3217 exta
1517 3157 1818 3233 victimae,
1847 3158 1932 3219 uti
1961 3172 2098 3217 mos
2127 3164 2240 3227 est,
2274 3155 2336 3214 in

367 3249 535 3295 mare
562 3235 825 3309 proiecit
850 3237 1123 3315 tubaque
1148 3238 1397 3314 signum
1426 3241 1596 3304 dedit
1634 3241 2092 3317 proficiscendi.
2153 3246 2338 3299 vento

367 3318 643 3379 secundo
691 3320 1035 3383 vehementi
1077 3323 1227 3383 satis
1268 3326 1544 3400 provecti
1599 3326 1879 3389 celeriter
1918 3342 1954 3386 e
1997 3331 2340 3402 conspectu

366 3406 563 3461 terrae
592 3404 776 3464 ablati
806 3412 981 3477 sunt;
1027 3414 1086 3467 et
1116 3423 1154 3467 a
1181 3409 1439 3470 meridie
1465 3409 1692 3472 nebula
1723 3410 1964 3487 occepit
1992 3410 2092 3481 ita,
2138 3409 2244 3469 vix
2271 3416 2342 3469 ut

367 3499 707 3548 concursus
740 3490 984 3551 navium
1026 3490 1182 3551 inter
1210 3508 1282 3552 se
1311 3494 1600 3555 vitarent=
1643 3496 1842 3555 lenior
1869 3502 2091 3555 ventus
2121 3494 2183 3555 in
2214 3495 2342 3554 alto
