2550 3959
152 248 161 258 “
230 259 232 265 ’
329 255 455 322 228
623 257 853 318 LIBER
880 257 1147 317 XXVIII.
1186 255 1351 318 CAP.
1385 265 1436 320 7.
1458 265 1539 318 8.·
1557 265 1632 331 [a.
1659 263 1726 315 υ.
1753 280 1801 314 0.
1825 263 1952 331 545]

326 409 731 472 voluntariam
775 409 1143 470 deditionem
1178 407 1656 468 concessissent.
1731 408 2094 483 compositis
2128 410 2298 470 circa

330 491 629 572 Opuntem
658 494 846 553 rebus
875 491 1203 553 Thronium
1234 495 1331 552 est
1356 493 1695 567 profectus,
1741 497 1803 551 et
1822 493 2062 552 Attalus
2093 493 2295 567 primo

330 575 552 638 Oreum
596 585 691 637 est
731 577 1075 651 profectus=
1112 575 1274 648 inde,
1322 591 1457 634 cum
1489 575 1650 635 fama
1678 575 2009 636 accidisset
2035 575 2294 637 Prusian

328 661 652 740 Bithyniae
680 675 887 734 regem
915 661 977 718 in
1006 660 1163 718 fines
1192 660 1366 733 regni
1397 660 1494 732 sui
1523 665 1998 734 transgressum,
2043 660 2295 720 omissis

328 745 516 806 rebus
548 751 734 820 atque
759 743 1039 804 Aetolico
1067 741 1229 803 bello
1261 742 1323 802 in
1351 743 1563 803 Asiam
1591 743 1848 807 traiecit.
1893 749 1953 803 et
1981 741 2296 818 Sulpicius

328 830 630 904 Aeginam
661 827 1204 902 classemreoepit,
1234 827 1400 886 unde
1421 827 1591 888 initio
1617 826 1780 888 veris
1806 829 2122 901 profectus
2145 833 2297 888 erat.

328 912 767 972 haudmaiore
810 911 1167 984 certamine,
1213 926 1396 985 quam
1429 909 1731 985 Opuntem
1760 912 2000 972 Attalus
2025 917 2298 988 ceperat,

329 995 645 1072 Philippus
674 995 1005 1054 Thronium
1034 994 1214 1069 cepit.
1264 993 1617 1055 incolebant
1641 994 1855 1054 urbem
1889 1010 2024 1054 eam
2053 994 2298 1070 profugi

332 1079 408 1139 ab
436 1078 659 1138 Thebis
688 1077 1073 1139 Phthioticis=
1116 1076 1269 1137 urbe
1311 1093 1428 1138 sua
1470 1085 1650 1154 capta
1680 1095 1716 1137 a
1749 1077 2027 1153 Philippo
2066 1085 2208 1138 cum
2236 1078 2298 1138 in

331 1163 515 1222 fidem
546 1165 905 1223 Aetolorum
948 1161 1398 1236 perfugissent,
1442 1161 1658 1222 sedem
1687 1161 1763 1222 iis
1791 1161 1993 1222 Aetoli
2023 1175 2161 1222 eam
2190 1163 2299 1221 de-

332 1246 747 1308 deranturbis
775 1251 1053 1306 vastatae
1084 1261 1156 1305 ac
1187 1245 1471 1305 desertae
1500 1247 1706 1320 priore
1737 1245 2016 1307 eiusdem
2035 1244 2301 1321 Philippi

329 1329 513 1392 bello.
556 1337 684 1391 tum
714 1331 791 1390 ab
813 1329 1097 1403 Thronio,
1131 1329 1291 1389 sicut
1319 1334 1458 1388 ante
1479 1329 1715 1390 dictum
1745 1335 1856 1404 est,
1885 1335 2138 1404 recepta
2153 1345 2302 1404 pro-

332 1416 532 1477 fectus
560 1413 889 1474 Tithronon
934 1421 995 1474 et
1022 1415 1338 1492 DrymiaS‚
1380 1413 1631 1473 Doridis
1673 1429 1870 1488 parva
1909 1420 2096 1488 atque
2125 1413 2300 1488 igno-

330 1498 478 1558 bilia
518 1497 777 1572 oppida‚
825 1498 1004 1572 cepit.
1079 1497 1223 1556 inde
1252 1497 1538 1572 Elatiam,
1578 1497 1770 1557 iussis
1807 1495 1889 1556 ibi
1921 1513 1993 1556 se
2028 1497 2304 1572 opperiri

332 1581 661 1642 Ptolemaei
717 1580 1226 1656 Rhodiorumque
1281 1581 1529 1656 legatis,
1589 1581 1776 1640 venit.
1861 1580 1967 1640 ubi
2024 1597 2165 1642 cum
2222 1583 2304 1641 de

334 1665 603 1726 finiendo
632 1665 911 1728 Aetolico
955 1665 1117 1726 bello
1150 1671 1434 1738 ageretur
1469 1699 1542 1710 -—-
1577 1665 1902 1726 adfuerant
1930 1664 2092 1724 enim
2119 1665 2305 1740 legati

258 1767 263 1772 ·
337 1765 536 1824 nuper
557 1749 896 1810 Heracleae
937 1749 1200 1810 concilio
1228 1749 1644 1810 Romanorum
1671 1749 2158 1824 Aetolorumque
2183 1781 2302 1822 --,

335 1834 583 1894 nuntius
626 1834 901 1894 adfertur
936 1832 1364 1894 Machanidam
1409 1829 1832 1912 Olympiorum
1859 1834 2172 1892 sollemne
2213 1833 2306 1893 lu-

336 1917 569 1978 dicrum
599 1924 887 1992 parantes
914 1917 1101 1978 Eleos
1131 1917 1387 1991 adgredi
1420 1917 1733 1978 statuisse.
1791 1917 2303 1992 praevertendum

336 1999 397 2059 id
419 2007 593 2060 'ratus
623 2002 839 2075 legatis
873 2017 1009 2060 cum
1040 2001 1306 2074 benigno
1334 2017 1646 2076 responso
1679 2000 1970 2075 dimissiS,
2003 2016 2074 2061 se
2103 2015 2306 2076 neque

337 2083 761 2144 causam-eius
804 2083 945 2144 belli
992 2085 1380 2158 fuisse,‘.nec
1408 2098 1673 2160 moram,
1717 2085 1771 2148 si
1801 2085 1986 2146 modo
2017 2099 2220 2160 aequa
2249 2089 2311 2144 et

336 2166 599 2228 honesta
641 2167 1006 2228 condicione
1030 2167 1253 2240 liceat,
1299 2169 1443 2243 paci
1468 2169 1802 2244 facturum,
1849 2183 1988 2229 cum
2016 2169 2308 2244 expedito

338 2249 578 2326 agmine
608 2253 922 2328 profectus
952 2267 1066 2327 per
1090 2251 1408 2312 Boeotiam
1435 2251 1686 2327 Megara
1716 2259 1902 2328 atque
1928 2251 2074 2312 inde
2095 2252 2310 2314 Corin-

336 2333 503 2394 thum
535 2335 872 2410 descendit,
902 2337 1071 2397 unde
1101 2336 1545 2397 commeatibus
1570 2337 1833 2412 sumptis
1855 2335 2134 2397 Phliunta
2155 2333 2309 2395 Phe-

338 2432 646 2494 neumque
695 2419 865 2497 petit.
936 2426 995 2481 et
1045 2420 1165 2479 iam
1217 2435 1357 2480 cum
1393 2419 1696 2481 Heraeam·
1746 2421 2046 2494 venisset,
2098 2419 2309 2480 audito

336 2501 764 2564 Machanidam
804 2505 965 2565 fama
1008 2504 1311 2565 adventus
1355 2505 1454 2564 sui
1482 2505 1754 2566 territum
1782 2504 2090 2578 refugisse
2115 2503 2310 2564 Lace·

338 2586 733 2662 daemonem,
736 2589 1036 2664 Aegium
1064 2604 1138 2649 se
1166 2589 1246 2648 ad
1279 2588 1602 2651 concilium
1629 2588 2023 2650 Achaeorum
2053 2588 2310 2663 recepit,

338 2669 519 2732 simul
562 2634 827 2732 classem
866 2673 1184 2747 Punicam,
1225 2679 1295 2733 ut
1328 2671 1478 2732 mari
1523 2687 1774 2748 quoque
1814 2671 2046 2748 aliquid
2087 2670 2310 2747 possit,

338 2753 595 2813 accitam
625 2753 709 2815 ibi
737 2763 907 2816 ratus
940 2772 1011 2818 se
1037 2755 1444 2816 inventurum.
1491 2756 1707 2831 paucis
1746 2765 1888 2816 ante
1917 2754 2137 2816 dlebus
2166 2755 2314 2816 inde

341 2833 553 2898 Oxeas·
584 2839 951 2902 traiecerant
976 2839 1197 2913 Poeni,
1241 2839 1386 2900 inde
1427 2847 1644 2915 portus
1685 2840 2083 2900 Acarnanum·
2116 2839 2310 2916 petie-

339 2926 505 2994 rant,
551 2937 692 2982 cum
732 2923 814 2982 ab
842 2922 1002 2984 Oreo
1044 2923 1390 2999 profectum
1419 2924 1689 2984 Attalum
1715 2925 2160 3000 Romanosque
2200 2939 2310 2984 au-

342 3003 607 3076 dissent,
650 3005 826 3066 veriti
864 3021 945 3066 ne
992 3007 1070 3066 ad
1112 3023 1183 3067 se
1222 3007 1413 3068 iretur
1455 3014 1516 3068 et
1543 3008 1703 3068 intra
1731 3007 1953 3069 Rhium
1981 3037 2067 3052 -
2093 3007 2310 3068 fauces

342 3101 458 3146 eae
484 3093 627 3148 sunt
646 3087 946 3150 Corinthii
977 3092 1152 3152 sinus
1180 3125 1266 3136 —-
1296 3091 1803 3168 opprimerentur.

510 3169 668 3233 vm.
716 3171 1039 3250 Philippus
1069 3176 1383 3236 maerebat
1399 3175 1660 3252 quidem
1693 3182 1754 3236 et
1780 3174 2139 3251 angebatur,
2173 3189 2312 3234 cum

346 3255 427 3314 ad
464 3257 671 3317 omnia
699 3256 850 3333 ipse
865 3259 1086 3335 raptim
1114 3261 1286 3334 isset,
1317 3259 1474 3320 nulli
1493 3266 1696 3319 tamen
1722 3274 1792 3320 se
1818 3260 1907 3320 rei
1937 3259 2000 3318 in
2027 3265 2313 3334 tempore

348 3341 727 3416 occurrisse,
770 3349 832 3402 et
860 3343 1199 3419 rapientem
1220 3344 1434 3405 omnia
1463 3359 1540 3402 ex
1555 3333 1770 3404 oculis
1796 3342 2069 3403 elusisse
2096 3342 2313 3402 celeri

346 3427 527 3483 tatem
551 3441 725 3485 suam
749 3425 1071 3488 fortunam.
1101 3427 1162 3486 in
1180 3427 1441 3489 concilio
1471 3434 1672 3488 autem
1697 3427 2094 3488 dissimulans
2115 3424 2313 3502 aegri-

349 3505 622 3570 tudinem
650 3509 809 3571 elato
840 3511 1041 3572 animo
1072 3511 1392 3586 disseruit,
1430 3518 1689 3572 testatus
1722 3511 1878 3572 deos
1907 3509 2315 3586 hominesque
