2550 3959
632 159 863 225 LIBER
890 162 1102 225 XXVI.
1150 162 1433 227 cAP.51.
1477 170 1552 238 [a.
1583 170 1652 223 e.
1676 170 1806 239 κιο]
2062 162 2186 231 159

227 316 391 395 capti
425 322 613 394 erant,
643 315 705 377 in
735 331 955 377 navem
984 315 1286 393 impositis
1318 316 1590 378 nuntium
1616 316 1910 378 victoriae
1931 316 2187 378 Romam

226 400 421 463 mittit.
486 398 623 478 ipse
662 415 899 477 paucos
938 400 1106 474 dies,
1149 398 1371 477 quibus
1409 398 1636 463 morari
1662 400 2022 476 Carthagine
2063 408 2186 463 sta-

226 490 455 558 tuerat,
514 483 877 545 exercendis
922 481 1241 544 navalibus
1285 480 1800 561 pedestribusque
1841 485 2037 561 copiis
2080 485 2185 545 ab·

226 568 508 646 sumpsit.
594 566 790 643 primo
834 566 937 628 die
978 566 1253 642 legiones
1295 566 1358 627 in
1411 568 1594 629 arnus
1641 574 1924 645 quattuor
1959 568 2184 628 milium

226 653 433 730 spatio
476 650 899 721 decurrerunt;
943 650 1218 712 secundo
1262 650 1364 711 die
1401 668 1572 712 arma
1613 668 1828 713 curare
1863 657 1923 712 et
1949 658 2186 727 tergere

227 743 369 798 ante
396 735 658 797 tentoria
694 733 881 805 iussi;
920 732 1097 795 tert10
1128 734 1229 795 die
1254 734 1512 796 rudibus
1554 734 1710 797 inter
1739 750 1810 797 se
1848 736 1911 796 in
1938 736 2183 797 modum

225 822 427 883 iustae
469 833 714 896 pugnae
744 824 1177 879 concurrerunt
1217 818 1698 896 praepilatisque
1736 819 2069 881 missilibus
2100 821 2184 880 ia·

226 904 413 966 culati
432 909 607 973 sunt;
640 908 853 979 quarto
886 901 985 961 die
1015 901 1189 977 quies
1220 903 1394 972 data;
1430 903 1637 978 quinto
1665 904 1880 965 iterum
1909 904 1972 965 in
2003 903 2186 967 armis

226 991 558 1050 decursum
598 992 711 1047 est.
776 985 938 1047 hunc
980 985 1255 1061 ordinem
1296 984 1524 1047 laboris
1559 985 1934 1065 quietisque,
1981 989 2183 1064 quoad

226 1071 591 1147 Carthagine
618 1070 835 1131 morati
864 1075 1034 1147 sunt,
1078 1075 1417 1135 servarunt.
1435 1064 1452 1081 ’
1473 1070 1790 1146 remigium
1819 1071 2187 1150 classicique

224 1156 450 1217 milites
480 1154 802 1231 tranquillo
831 1153 895 1217 in
924 1154 1109 1217 altum
1138 1153 1335 1215 evecti
1363 1153 1692 1229 agilitatem
1710 1156 1956 1217 navium
2003 1157 2186 1232 simu·

223 1238 411 1303 lactis
432 1238 670 1299 navalis
711 1252 960 1315 pugnae
1000 1237 1490 1315 experiebantur.
1563 1238 1716 1315 haec
1759 1244 1934 1298 extra
1973 1238 2184 1300 urbem

223 1330 391 1385 terra
418 1322 693 1399 marique
723 1336 987 1399 corpora
1014 1322 1195 1382 simul
1235 1321 1600 1399 animosque
1629 1323 1710 1384 ad
1737 1321 1964 1385 bellum
2007 1338 2183 1383 acue-

226 1409 411 1469 bant=
456 1407 604 1469 urbs
646 1406 786 1483 ipsa
822 1406 1135 1481 strepebat
1174 1412 1476 1483 apparatu
1502 1404 1648 1467 belli
1691 1404 1880 1467 fabris
1918 1406 2184 1470 omnium

222 1507 520 1569 generum
541 1491 603 1551 in
620 1490 873 1567 publica
901 1488 1149 1561 officina
1175 1489 1451 1561 inclusis.
1497 1490 1625 1553 dux
1647 1496 1865 1551 cuncta
1885 1492 2020 1568 pari
2043 1506 2186 1553 cura

226 1576 467 1640 obibatz
507 1590 668 1637 nunc
694 1578 759 1637 in
777 1578 969 1637 classe
990 1576 1233 1651 acieque
1252 1577 1461 1635 navali
1476 1582 1626 1649 erat,
1661 1592 1822 1635 nunc
1839 1592 1975 1637 cum
1993 1578 2184 1651 189ἰο-

224 1662 401 1722 nae'bus
420 1659 790 1734 decurrebat,
824 1675 985 1721 nunc
1005 1657 1296 1735 operibus
1319 1658 1693 1738 aspiciendis
1717 1665 1955 1737 tempus
1985 1657 2186 1731 dabat,

227 1758 515 1821 quaeque
544 1742 606 1804 in
648 1742 911 1807 officinis
943 1757 1229 1821 quaeque
1258 1742 1320 1803 in
1361 1742 1950 1819 armamentarioque
1979 1757 2053 1803 ac
2082 1758 2187 1802 na-

224 1826 470 1891 valibus
500 1826 809 1889 fabrorum
838 1826 1155 1891 multitudo
1183 1824 1444 1903 plurima
1485 1825 1546 1887 iu
1575 1826 1850 1902 singulos
1881 1824 2016 1895 dies
2059 1841 2186 1886 cer-

228 1911 455 1979 tamine
482 1910 709 1987 ingenti
739 1910 1017 1975 faciebat.
1080 1908 1179 1977 his
1208 1910 1292 1977 ita
1319 1910 1638 1985 inchoatis
1667 1910 2038 1985 refectisque
2067 1924 2191 1985 qua

229 1995 508 2073 quassati
549 2000 721 2056 erant
760 1996 980 2069 muris,
1025 1992 1470 2070 dispositisque
1508 1994 1835 2071 praesidiis
1877 1994 1958 2055 ad
1987 2000 2190 2055 custo-

228 2080 395 2141 diam
419 2078 591 2141 urbis
617 2078 1023 2147 Tarraconem
1063 2085 1159 2139 est
1185 2080 1498 2155 profectus
1515 2124 1530 2152 ,
1575 2095 1614 2139 a
1641 2078 1844 2140 multis
1873 2077 2188 2155 legationi-

230 2162 347 2224 bus
378 2163 655 2240 protinus
685 2163 748 2223 in
780 2164 879 2223 via
906 2162 1127 2238 aditam,
1172 2179 1327 2238 quas
1357 2162 1574 2239 partim
1604 2164 1748 2226 dato
1775 2178 2080 2239 responso
2111 2177 2190 2221 ex

229 2246 445 2309 itinere
476 2246 720 2322 dimisit,
767 2246 985 2325 partim
1016 2247 1248 2309 distulit
1272 2246 1708 2321 Tarraconem,
1751 2262 1874 2323 quo
1907 2246 2189 2308 omnibus

228 2328 413 2391 novis
443 2329 881 2406 veteribusque
908 2331 1099 2391 sociis
1142 2330 1420 2391 edixerat
1459 2337 1841 2390 conventum.
1906 2336 1968 2390 et
1993 2329 2191 2389 cuncti

230 2415 363 2474 fere
393 2415 496 2491 qui
529 2414 619 2474 eis
650 2413 941 2475 Hiberum
969 2414 1239 2474 incolunt
1267 2412 1498 2491 populi,
1541 2414 1709 2473 multi
1739 2413 1918 2473 etiam
1944 2414 2190 2474 ulterio-

226 2498 315 2559 ris
342 2497 698 2575 provinciae
720 2503 1153 2564 convenerunt.
1184 2496 1766 2573 Carthaginienslum
1791 2497 1982 2557 duces
1999 2496 2192 2572 primo
2223 2502 2240 2517 ·

230 2597 314 2645 ex
356 2580 659 2645 industria
698 2583 921 2643 ramam
976 2588 1192 2658 captae
1234 2580 1611 2657 Carthaginis
1665 2584 2191 2657 compresserunt;

232 2662 490 2744 deinde,
534 2672 599 2727 ut
640 2664 863 2726 clarior
902 2680 1005 2725 res
1046 2670 1205 2740 erat,
1252 2682 1434 2741 quam
1479 2671 1543 2727 ut
1570 2665 1691 2740 tegi
1721 2680 1795 2725 ac
1825 2662 2196 2729 dissimulari

232 2755 482 2827 posset,
526 2748 853 2811 elevabant
892 2748 1128 2809 verbiss
1172 2748 1540 2825 necopinato
1583 2749 1852 2809 adventu
1890 2764 1964 2809 ac
1999 2762 2196 2824 prope

230 2834 394 2895 furto
418 2833 599 2897 unius
622 2832 747 2896 diei
770 2832 981 2895 urbem
1007 2831 1538 2908 unamfflspaniae
1565 2833 1988 2908 interceptum
2021 2832 2195 2893 cuius

230 2916 325 2978 rei
347 2923 467 2977 tam
490 2932 721 2995 parvae
740 2916 1015 2994 praemio
1038 2917 1261 2977 elatum
1288 2916 1651 2977 insolentem
1673 2916 1956 2977 iuvenem
1980 2916 2194 2977 immo·

234 2999 379 3063 dico
404 3002 631 3077 gaudio
662 3000 936 3079 speciem
962 3015 1223 3075 magnae
1244 2999 1538 3061 victoriae
1565 3000 1957 3076 imposuisse.
2002 3008 2064 3061 at
2091 2998 2197 3061 ubi

232 3082 743 3161 appropinquare
762 3090 889 3145 tres
912 3084 1123 3159 duces,
1152 3090 1279 3147 tres
1309 3083 1575 3145 victores
1597 3082 1866 3145 hostium
1893 3083 2197 3145 exereitus

234 3167 535 3245 audisset,
569 3183 962 3230 occursuram
992 3166 1049 3228 ei
1078 3168 1385 3243 extemplo
1419 3166 1891 3232 domesticorum
1922 3167 2198 3229 funerum

232 3251 609 3313 memoriam.
658 3252 813 3313 haec
849 3251 907 3313 in
947 3252 1166 3328 vulgus
1202 3250 1528 3329 iactabant,
1563 3249 2037 3328 haudquaquam
2077 3250 2197 3327 ipsi

232 3332 463 3412 ignari,
510 3342 799 3411 quantum
826 3334 945 3397 sibi
975 3337 1056 3398 ad
1094 3334 1302 3397 omnia
1330 3335 1545 3399 virium
1575 3333 1934 3411 Carthagine
1975 3336 2198 3396 amissa

233 3417 637 3481 decessisset.
