2550 3959
560 203 792 263 LIBER
819 202 1089 264 XXVIII.
1136 202 1303 262 CAP.
1335 213 1419 265 15.
1445 211 1529 266 16.
1577 210 1649 278 [a.
1677 209 1742 264 C.
1763 211 1890 277 206]
2067 204 2193 268 239

230 353 459 414 munita
484 351 717 427 oppida
740 367 875 411 cum
900 351 1226 426 praesidiis
1248 353 1468 414 tradita
1488 369 1526 412 a
1547 355 1874 430 praefectis
1889 357 2188 418 Romano.

230 445 289 498 et
316 453 395 498 ne
423 435 604 495 latius
632 435 935 494 inclinatis
968 437 1158 496 semel
1188 437 1267 495 ad
1298 437 1700 498 desectionem
1730 439 1947 500 animis
1979 457 2188 517 serpe-

231 529 323 583 ret
346 537 469 592 reS,
504 520 745 580 silentio
776 519 1095 594 proximae
1123 521 1322 580 noetis
1351 521 1700 582 Hasdrubal
1736 529 1938 583 castra
1965 533 2187 586 movet.

396 601 556 664 XVI.
605 601 954 678 Scipifflt
994 603 1191 678 prima
1232 604 1372 664 luce
1403 606 1503 678 qui
1534 607 1595 664 in
1625 606 1988 668 stationibus
2018 615 2191 668 erant

228 689 587 749 rettulerunt
634 688 948 763 profectos
986 687 1241 763 hostes,
1293 689 1637 763 praemisso
1689 691 1962 766 equitatu
2012 695 2190 767 signa

227 773 372 840 ferri
410 771 607 833 iubet=
664 771 945 846 adeoque
986 771 1165 832 citato
1210 772 1451 846 agmine
1493 773 1657 834 ducti
1692 780 1869 846 sunt,
1915 783 1978 836 ut
2008 776 2060 835 si
2089 775 2188 836 via

224 863 395 917 reeta
440 854 701 929 vestigia
750 862 1085 930 sequentes
1124 854 1350 929 issent,
1401 855 1566 917 haud
1610 858 1794 918 dubie
1839 859 2186 920 adsecuturi

226 941 469 1001 suerint.
536 938 797 998 ducibus
827 945 925 1000 est
951 939 1276 1014 creditum,
1319 938 1568 1001 brevius
1597 941 1763 1001 aliud
1797 958 1940 1002 esse
1967 942 2082 1003 iter
2109 944 2184 1006 ad

220 1024 459 1085 Baetim
489 1021 759 1095 fluvium,
792 1028 857 1083 ut
882 1028 1268 1084 transeuntes
1299 1023 1796 1098 adgrederentur.
1841 1026 2190 1088 Hasdrubal

224 1110 442 1168 clauso
485 1105 743 1168 transitu
784 1103 1053 1168 fluminis
1097 1107 1176 1167 ad
1208 1105 1515 1167 Oceanum
1547 1108 1764 1183 flectit,
1810 1115 1870 1168 et
1896 1111 2014 1169 iam
2045 1111 2189 1170 inde

221 1192 587 1266 fugientium
614 1191 801 1251 modo
834 1190 1015 1250 effusi
1045 1190 1310 1251 abibant.
1353 1192 1564 1266 itaque
1591 1193 1668 1252 ab
1700 1192 2042 1266 legionibus
2063 1195 2186 1254 Ro-

220 1275 423 1336 manis
454 1275 829 1358 aliquantum
854 1275 1151 1335 intervalli
1182 1275 1320 1336 fuit:
1353 1290 1548 1350 eques
1577 1277 1856 1351 levisque
1885 1283 2186 1338 armatura

220 1375 391 1420 nune
440 1359 517 1418 ab
559 1364 733 1433 tergo
786 1375 951 1420 nunc
1003 1359 1077 1418 ab
1120 1358 1409 1420 lateribus
1467 1361 1848 1422 occurrendo
1901 1360 2186 1436 fatigabat

219 1442 719 1518 morabaturque.
792 1444 906 1503 sed
951 1458 1087 1503 cum
1122 1443 1200 1502 ad
1231 1443 1484 1505 crebros
1513 1445 1802 1505 tumultus
1835 1444 2012 1520 signa
2042 1460 2186 1506 con-

221 1529 543 1599 sisterent,
589 1534 649 1586 et
686 1543 850 1586 nunc
892 1527 1205 1602 equestria
1244 1543 1406 1588 nunc
1436 1544 1572 1589 cum
1601 1528 1888 1590 velitibus
1917 1529 2188 1589 auxiliis-

222 1627 347 1689 que
378 1610 651 1687 peditum
674 1611 911 1685 proelia
933 1618 1348 1686 consererent,
1381 1619 1869 1688 supervenerunt
1889 1612 2186 1687 legiones.

223 1695 369 1758 inde
409 1710 532 1756 non
576 1695 695 1754 iam
738 1709 947 1769 pugna
988 1694 1101 1754 sed
1140 1695 1462 1756 trucidatio
1505 1697 1672 1756 velut
1713 1711 2005 1770 pecorum
2035 1697 2184 1771 fieri,

221 1783 428 1841 donee
468 1778 605 1853 ipse
636 1779 762 1838 dux
792 1779 973 1852 fugae
1002 1785 1213 1838 auctor
1240 1779 1301 1836 in
1333 1779 1650 1854 proximos
1682 1780 1872 1839 eolles
1905 1795 2042 1839 eum
2072 1795 2184 1840 sex

219 1863 467 1923 milibus
511 1863 701 1922 ferme
743 1863 1130 1922 semermium
1174 1863 1402 1923 evasitz
1451 1861 1636 1922 ceteri
1682 1863 1847 1922 eaesi
1879 1863 2184 1938 captique.

222 1954 427 2009 eastra
469 1945 855 2007 tumultuaria
894 1945 1112 2019 raptim
1139 1945 1328 2007 Poeni
1369 1949 1600 2007 tumulo
1643 1946 1979 2008 editissimo
2024 1963 2174 2008 eom·

222 2029 643 2102 muniverunt,
698 2036 883 2106 atque
922 2029 1097 2104 inde,
1144 2046 1281 2092 cum
1321 2030 1520 2092 hostis
1561 2030 1935 2108 nequiquam
1979 2031 2188 2092 subire

218 2116 437 2190 iniquo
466 2129 733 2174 ascensu
764 2118 1019 2174 conatus
1050 2121 1245 2188 esset,
1295 2115 1462 2176 haud
1493 2114 1816 2175 difficulter
1844 2129 1988 2176 sese
2017 2117 2187 2176 tutati

220 2205 387 2261 sunt.
436 2198 547 2258 sed
580 2197 822 2259 obsidio
854 2198 913 2257 in
944 2199 1083 2258 loeo
1113 2199 1281 2258 nudo
1313 2204 1498 2274 atque
1525 2199 1698 2274 inopi
1723 2199 1830 2258 vix
1857 2199 1919 2259 in
1949 2215 2186 2273 paucos

221 2283 360 2345 dies
388 2281 722 2343 tolerabilis
746 2287 893 2354 erat,
925 2281 1131 2356 itaque
1152 2282 1554 2346 transitiones,
1571 2283 1648 2342 ad
1673 2282 1915 2343 hostem
1940 2283 2186 2344 fiebant.

220 2375 538 2444 postremo
581 2367 706 2427 dux
750 2366 889 2440 ipse
928 2365 1191 2426 navibus
1237 2365 1756 2442 acceptis-nec
1799 2368 2012 2441 procul
2045 2367 2188 2427 inde

224 2453 437 2512 aberat
490 2465 659 2510 mare
684 2455 981 2510 —-·noete
1032 2449 1243 2510 relicto
1303 2449 1575 2510 exercitu
1640 2450 1844 2510 Gades
1904 2451 2185 2524 perfugit.

223 2535 437 2611 Scipio
488 2535 633 2610 suga
683 2534 859 2594 ducis
900 2533 1165 2594 hostium
1206 2533 1414 2594 audita
1457 2533 1668 2593 decern
1711 2533 1876 2592 milia
1915 2534 2186 2608 peditum

222 2619 389 2679 mille
428 2619 664 2694 equites
705 2617 991 2694 relinquit
1018 2616 1229 2679 Silano
1274 2618 1354 2677 ad
1397 2622 1737 2678 castrorum
1768 2617 2184 2690 obsidionem;

220 2704 363 2779 ipse
414 2719 553 2763 cum
606 2701 825 2763 ceteris
876 2702 1073 2778 copiis
1125 2701 1600 2777 septuagesimis
1645 2700 1862 2762 castris
1907 2701 2186 2776 protinus

224 2787 433 2848 causis
460 2787 813 2860 regulorum
846 2785 1303 2862 civitatiumque
1325 2785 1797 2860 cognoscendis,
1826 2791 1893 2846 ut
1914 2780 2188 2860 praemia

222 2871 306 2932 ad
333 2886 545 2931 veram
574 2871 927 2931 meritorum
958 2869 1441 2931 aestimationem
1465 2869 1646 2930 tribui
1669 2875 1944 2945 possent,
1973 2868 2185 2928 Tarra-

228 2970 446 3018 conem
477 2954 676 3016 rediit.
748 2961 895 3030 post
924 2954 1368 3028 prosectionem
1397 2953 1532 3014 eius
1562 2952 1896 3014 Masinissa
1925 2969 2062 3014 cum
2093 2951 2186 3013 Si·

220 3044 364 3104 lano
396 3043 550 3102 clam
584 3053 976 3114 congressuS,
1006 3043 1071 3097 ut
1101 3039 1181 3098 ad
1207 3055 1372 3102 nova
1394 3038 1650 3100 consilia
1671 3045 1915 3115 gentem
1939 3052 2188 3114 quoque

222 3143 401 3187 suam
452 3122 843 3186 obedientem
887 3121 1169 3196 haberet,
1223 3138 1364 3184 eum
1415 3122 1629 3198 paucis
1682 3121 2083 3198 popularibus
2125 3120 2184 3179 in

222 3209 492 3270 Africam
549 3206 813 3282 traiecit,
864 3221 988 3266 non
1036 3213 1155 3266 tam
1208 3205 1474 3268 evidenti
1515 3222 1590 3266 eo
1631 3211 1909 3281 tempore
1950 3203 2188 3264 subitae

222 3293 574 3356 mutationis
618 3307 838 3366 causa,
884 3306 1065 3366 quam
1108 3290 1470 3352 documento
1506 3294 1651 3364 post
1677 3289 1742 3349 id
1766 3296 2010 3362 tempus
2041 3302 2185 3348 eon·

222 3378 638 3440 stantissimae
678 3376 759 3437 ad
800 3373 1069 3436 ultimam
1109 3380 1418 3435 senectam
1461 3372 1636 3447 fidei,
1663 3385 1756 3434 ‘ne
1781 3378 1908 3433 tum
1941 3369 2186 3447 quidem

222 3477 365 3523 eum
393 3461 529 3524 sine
560 3458 861 3534 probabili
894 3475 1083 3520 causa
1113 3458 1358 3518 recisse.
1416 3456 1598 3534 Mago
1627 3455 1770 3518 inde
1797 3454 2074 3516 remissis
2104 3454 2181 3514 ab
