2550 3959
584 218 818 281 LIBER
840 219 1049 288 XXIX.
1096 219 1482 283 CAP.11.12.
1525 230 1594 297 [a.
1623 228 1835 296 0.·2ο5]
2088 223 2208 287 291

248 372 335 437 M.
364 374 653 436 Valerius
682 373 852 435 Falto
883 374 1178 435 nuntiavit
1206 375 1384 435 deam
1415 376 1758 451 apportari:
1801 378 2220 451 quaerendum

246 460 451 519 virum
484 458 777 534 optimum
805 458 866 518 in
900 458 1139 519 civitate
1168 474 1332 535 esse,
1377 461 1480 535 qui
1510 476 1646 520 eam
1674 460 1787 520 rite
1817 459 2086 537 hospitio
2119 477 2216 522 ac-

248 542 503 618 ciperet.

420 624 488 700 Q.
522 624 821 686 Caecilius
852 625 1134 687 Metellus
1178 626 1441 687 dictator
1479 628 1559 688 ab
1590 628 1848 687 consule
1877 627 1938 686 in
1965 628 2218 688 Bruttiis

248 708 635 772 comitiorum
663 724 855 770 causa
883 710 1102 785 dictus,
1132 709 1570 787 exercitusque
1595 710 1728 771 eius
1753 709 2064 784 dimissum
2093 728 2219 771 ma·

246 795 441 871 gister
468 792 742 869 equitum
761 792 828 853 L.
846 794 1138 855 Veturius
1161 792 1355 856 Philo.
1401 794 1648 855 comitia
1671 794 1878 855 habita
1898 810 2010 871 per
2031 794 2217 856 dicta-

246 886 463 940 torem.
524 877 815 937 consules
857 877 999 938 facti
1028 876 1107 937 M.
1140 876 1459 939 Cornelius
1505 876 1806 954 Cethegus
1833 877 1900 940 P.
1932 878 2216 954 Sempro-

247 961 389 1023 nius
402 960 741 1021 Tuditanus
764 960 1011 1034 absens,
1038 976 1176 1021 cum
1202 961 1580 1037 provinciam
1608 961 1925 1022 Graeciam
1947 962 2217 1023 haberet.

247 1050 569 1122 praetores
598 1044 743 1105 inde
774 1044 961 1115 creati
989 1044 1118 1105 Tib.
1146 1044 1436 1106 Claudius
1457 1046 1618 1105 Nero
1641 1044 1722 1103 Μ.
1747 1043 2014 1107 Marcius
2045 1047 2220 1107 Ralla

245 1130 313 1189 L.
331 1126 691 1189 Scribonius
714 1127 867 1189 Libo
889 1127 970 1188 M.
992 1126 1370 1205 Pomponius
1391 1129 1618 1190 Matho.
1667 1128 1926 1190 comitiis
1951 1131 2216 1205 peractis

246 1213 511 1273 dictator
539 1226 682 1271 sese
710 1211 1071 1287 magistratu
1101 1212 1427 1274 abdicavit.

416 1296 571 1357 Ludi
597 1296 856 1358 Romani
884 1302 993 1371 ter,
1024 1296 1251 1372 plebeii
1283 1298 1559 1373 septiens
1589 1296 1925 1358 instaurati.
1971 1299 2214 1357 curules

246 1385 421 1441 erant
447 1379 680 1441 aediles
712 1379 816 1440 Cn.
844 1385 907 1441 et
931 1379 997 1441 L.
1025 1379 1287 1442 Cornelii
1315 1380 1571 1443 Lentuli.
1609 1380 1835 1446 Lucius
1855 1380 2212 1459 Hispaniam

246 1462 630 1539 provinciam
670 1464 966 1526 habebat=
1010 1464 1240 1526 absens
1284 1471 1526 1527 creatus
1571 1466 1798 1527 absens
1841 1480 1980 1525 eum
2019 1463 2214 1526 hono·

245 1562 375 1607 rem
423 1547 637 1623 gessit.
705 1547 833 1609 Tib.
882 1548 1169 1610 Claudius
1208 1550 1459 1611 Asellus
1503 1557 1564 1611 et
1601 1550 1681 1609 M.
1713 1549 1924 1611 Iunius
1965 1548 2210 1609 Pennus

245 1630 470 1706 plebeii
498 1630 731 1692 aediles
762 1632 1021 1694 ruerunt.
1068 1633 1288 1693 aedem
1310 1632 1565 1695 Virtutis
1585 1649 1661 1695 eo
1687 1650 1849 1695 anno
1873 1633 1953 1693 ad
1973 1638 2209 1707 portam

247 1714 555 1789 Capenam
594 1714 675 1773 Μ.
707 1714 1035 1777 Marcellus
1090 1716 1397 1776 dedicavit
1437 1718 1700 1793 septimo
1745 1716 1984 1779 decimo
2028 1732 2208 1791 anno,

245 1804 575 1875 postquam
605 1815 643 1859 a
677 1805 853 1875 patre
895 1798 1030 1860 eius
1060 1798 1257 1875 primo
1292 1802 1618 1863 consulatu
1647 1808 1791 1861 vota
1817 1799 1876 1860 in
1910 1799 2100 1861 Gallia
2135 1800 2210 1862 ad

247 1882 601 1943 Clastidium
630 1883 843 1945 suerat.
890 1888 950 1943 et
972 1881 1195 1943 flamen
1217 1884 1512 1947 Martialis
1535 1901 1611 1947 eo
1635 1899 1796 1945 anno
1822 1891 1917 1945 est
1936 1890 2208 1946 mortuus

242 1966 323 2025 M.
356 1966 650 2027 Aemilius
686 1968 981 2042 Regillus.

409 2049 537 2109 XH.
576 2050 903 2125 Neglectae
946 2066 1021 2113 eo
1051 2050 1298 2114 biennio
1328 2050 1522 2113 resin
1555 2051 1812 2114 Graecia
1841 2060 2032 2114 erant.
2098 2051 2204 2113 ita·

247 2148 368 2211 que
393 2132 713 2210 Philippus
744 2134 997 2196 Aetolos
1041 2136 1326 2197 desertos
1355 2136 1434 2196 ab
1463 2136 1762 2210 Romano,
1797 2136 1894 2197 cui
1923 2136 2029 2198 uni
2059 2134 2207 2197 fide·

246 2219 388 2279 bant
414 2218 675 2291 auxilio,
710 2218 933 2294 quibus
964 2218 1157 2280 voluit
1185 2218 1652 2281 condicionibus
1682 2220 1764 2279 ad
1793 2221 2120 2295 petendam
2150 2227 2210 2279 et

246 2301 681 2377 paciscendam
710 2302 954 2377 subegit
984 2318 1218 2378 pacem.
1279 2302 1449 2379 quod
1475 2302 1594 2364 nisi
1626 2303 1790 2364 omni
1816 2302 1878 2363 vi
1907 2303 2208 2379 perficere

245 2392 637 2460 maturasset,
686 2386 1013 2447 bellantem
1054 2402 1193 2449 eum
1239 2403 1379 2447 cum
1419 2386 1656 2448 Aetolis
1697 2386 1762 2446 Ρ.
1806 2385 2207 2462 Sempronius

244 2472 596 2546 proconsul,
628 2485 963 2531 successor
989 2469 1226 2546 imperii
1255 2470 1486 2531 missus
1518 2469 1791 2546 Sulpicio
1823 2486 1963 2531 cum
1992 2471 2206 2529 decem

244 2552 483 2614 milibus
540 2553 812 2629 peditum
855 2560 915 2614 et
954 2554 1118 2615 mille
1167 2554 1476 2631 equitibus
1529 2559 1592 2615 et
1637 2553 1882 2629 triginta
1933 2553 2208 2629 quinque

241 2636 523 2698 rostratis
567 2638 858 2713 navibuS,
903 2638 1071 2699 haud
1114 2654 1372 2714 parvum
1399 2643 1772 2699 momentum
1801 2638 1882 2697 ad
1909 2651 2092 2713 opem
2122 2637 2206 2696 fe·

244 2721 493 2781 rendam
526 2721 729 2797 sociiS,
776 2723 1217 2797 oppressisset.
1293 2722 1548 2783 vixdum
1576 2736 1734 2798 pace
1767 2722 1930 2782 facta
1955 2721 2204 2782 nuntius

244 2804 369 2880 regi
398 2805 565 2867 venit
589 2806 903 2868 Romanos
933 2806 1339 2885 Dyrrachium
1366 2806 1634 2879 venisse,
1665 2803 2114 2881 Parthinosque
2145 2811 2206 2864 et

244 2888 624 2965 propinquas
654 2889 807 2950 alias
836 2896 1053 2965 gentes
1082 2897 1282 2953 motas
1315 2905 1459 2952 esse
1480 2891 1559 2950 ad
1590 2904 1766 2965 spem
1787 2888 2057 2949 novandi
2085 2903 2204 2961 reS,

244 2972 684 3050 Dimallumque
716 2974 1079 3049 oppugnari.
1146 2990 1221 3035 eo
1252 2989 1325 3035 se
1353 2980 1661 3035 verterant
1686 2972 1950 3034 Romam·
1972 2973 2049 3033 ab
2079 2970 2168 3033 Ae

244 3057 502 3131 totorum,
546 3074 660 3133 quo
686 3061 853 3119 messi
872 3065 1074 3132 erant,
1114 3059 1361 3132 auxilio,
1394 3058 1545 3132 irati,
1581 3058 1750 3134 quod
1778 3056 1912 3117 sine
1943 3058 2206 3117 auctori-

246 3144 365 3199 tate
406 3154 521 3199 sua
560 3140 862 3203 adversus
901 3141 1123 3203 foedus
1170 3158 1311 3205 cum
1349 3157 1498 3217 rege
1528 3156 1746 3217 pacem
1776 3140 2086 3201 fecissent.
2132 3155 2207 3198 ea

246 3236 383 3283 cum
424 3223 702 3286 audisset
726 3224 1073 3302 Philippus,
1117 3242 1197 3287 ne
1240 3226 1345 3303 qui
1386 3232 1586 3287 motus
1617 3222 1814 3285 maior
1841 3230 2117 3284 oreretur
2143 3222 2206 3281 in

246 3306 511 3368 finitimis
551 3310 869 3385 gentibus,
910 3309 1304 3386 Apolloniam
1346 3309 1686 3381 contendit,
1751 3323 1874 3383 quo
1918 3306 2204 3381 Sempro·

152 3387 161 3394 '
244 3392 379 3452 nius
411 3407 483 3453 se
509 3400 845 3469 receperat,
874 3393 1067 3455 misso
1090 3393 1374 3455 Laetorio
1404 3392 1604 3468 legato
1638 3407 1777 3452 cum
1801 3398 1975 3467 parte
1997 3390 2200 3465 copia-

246 3492 377 3537 rum
420 3483 482 3539 et
524 3477 872 3553 quindecim
920 3478 1181 3539 navibus
1226 3477 1288 3537 in
1317 3476 1619 3538 Aetoliam
1661 3475 1742 3535 ad
1765 3475 2073 3598 ¹“visendas
2102 3489 2204 3535 res

1683 3566 1751 3617 10
