2550 3959
371 255 448 321 16
657 210 889 318 LII-31:11
917 254 1120 317 xxiv.
1167 256 1336 317 CAP.
1370 264 1451 317 ιε».
1485 262 1571 318 16.
1618 260 1691 328 [a.
1723 258 1792 312 υ.
1826 276 1880 358 ⁰⁶.
1899 260 2025 321 538]

365 412 592 472 claram
633 407 785 471 satis
813 413 877 469 et
912 408 1214 483 insignem
1243 407 1526 468 virtutem
1555 422 1699 469 esse
1724 421 1840 468 nec
1870 408 2117 469 dubiam
2148 406 2325 468 liber-

365 501 549 555 tatem
575 494 837 553 futuram
867 492 1132 551 strenuis
1162 491 1332 551 viris.
1384 498 1513 551 tum
1540 492 1952 567 redintegrata
1979 507 2188 567 pugna
2212 498 2328 568 est,

365 586 428 640 et
467 592 660 653 eques
704 576 884 635 etiam
922 574 984 634 in
1024 574 1237 635 hostes
1282 575 1567 636 emissus.
1638 576 1859 652 quibus
1890 589 2026 636 cum
2070 575 2330 652 impigre

369 662 664 724 Numidae
693 658 1175 732 concurrissent,
1219 672 1335 719 nec
1363 660 1614 734 segnior
1640 660 1910 735 equitum
1943 676 2124 734 quam
2153 660 2329 736 pedi-

368 754 491 807 tum
534 759 740 821 pugna
777 750 975 815 esset,
1035 743 1251 805 rerum
1294 743 1357 803 fn
1398 741 1646 805 dubium
1691 742 1963 804 adducta
2000 758 2135 818 res,
2192 758 2330 803 cum

371 829 676 903 utrimque
705 827 897 888 duces
913 872 928 898 ‚
972 827 1289 888 Romanus
1317 826 1615 888 Bruttium
1643 826 2079 902 nucanumquo
2104 827 2330 888 totiens

381 930 418 975 a
446 910 782 973 maioribus
822 910 952 971 suis
993 909 1195 971 victos
1237 910 1685 988 subactosque,
1736 910 1981 971 Poenus
2024 911 2330 987 mancipia

370 998 647 1057 Romana
686 1001 750 1055 et
791 1010 868 1054 ex
913 996 1224 1070 ergastulo
1268 994 1517 1055 militem
1560 993 1766 1056 verbis
1809 994 2132 1056 obtereret.
2217 1011 2330 1071 po·

299 1127 308 1132 .
369 1086 596 1141 stremo
638 1079 986 1155 pronuntiat
1015 1078 1329 1139 Gracchus
1367 1094 1512 1139 esse
1551 1079 1697 1140 nihil
1740 1080 1908 1154 quod
1938 1080 2016 1139 de
2053 1078 2331 1139 libertate

371 1170 706 1241 sperarent,
729 1162 848 1223 nisi
871 1176 948 1223 eo
967 1162 1068 1223 die
1089 1163 1210 1225 fusi
1231 1164 1545 1239 fugatique
1563 1164 1776 1224 hostes
1799 1171 2026 1223 essent.
2067 1162 2227 1223 xvl.
2254 1176 2333 1223 ea

371 1250 614 1309 demum
657 1262 782 1308 vox
822 1248 904 1308 ita
953 1248 1190 1309 animos
1242 1248 1549 1323 accendit,
1598 1253 1666 1308 ut
1702 1252 1997 1309 renovato
2046 1248 2332 1323 clamore,

373 1334 537 1393 velut
563 1331 666 1391 alii
695 1337 948 1407 repente
975 1333 1139 1407 facti,
1167 1339 1335 1391 tanta
1362 1332 1424 1390 vi
1454 1346 1525 1392 se
1553 1331 1613 1392 in
1644 1331 1882 1392 hostem
1914 1331 2239 1405 intulerint,
2268 1338 2334 1391 ut

372 1415 659 1477 sustineri
686 1416 845 1477 ultra
873 1431 992 1475 non
1026 1422 1301 1490 possent.
1355 1416 1553 1491 primo
1584 1416 1963 1491 antesignani
1990 1415 2336 1477 Poenorum

373 1501 514 1562 dein
543 1500 723 1575 signa
750 1499 1118 1575 perturbata,
1159 1506 1475 1575 postremo
1504 1506 1629 1561 tota
1656 1499 1920 1576 impulsa
1947 1499 2148 1571 acies;
2192 1499 2338 1560 inde

374 1584 539 1645 haud
568 1583 754 1643 dubie
781 1590 955 1659 terga
983 1583 1142 1658 data,
1185 1590 1491 1660 ruuntque
1521 1584 1823 1659 fugientes
1854 1584 1914 1643 in
1946 1590 2147 1645 castra
2176 1584 2337 1646 adeo

376 1668 588 1744 pavidi
616 1667 994 1743 trepidique,
1041 1673 1107 1728 ut
1137 1682 1213 1727 ne
1243 1667 1303 1727 in
1338 1668 1532 1743 portis
1564 1668 1809 1744 quidem
1840 1673 1947 1728 aut
1974 1668 2135 1728 vallo
2168 1668 2337 1744 quis—

375 1768 560 1829 quam
589 1752 890 1823 restiterit,
936 1767 1011 1811 ac
1041 1767 1236 1828 prope
1264 1751 1592 1813 continenti
1623 1751 1862 1826 agmine
1892 1752 2148 1812 Romani
2177 1752 2339 1811 inse-

375 1836 496 1897 cuti
523 1852 753 1895 novum
785 1835 864 1895 de
892 1835 1128 1911 integro
1155 1836 1449 1912 proelium
1480 1836 1696 1896 inclusi
1725 1834 1993 1913 hostium
2018 1837 2179 1897 vallo
2210 1835 2341 1895 edi-

377 1920 592 1981 derint.
634 1918 717 1977 ibi
741 1920 896 1979 sicut
919 1934 1127 1995 pugna
1147 1920 1559 1997 inexpeditior
1579 1919 1641 1979 in
1664 1919 1983 1994 angustiiS,
2005 1921 2089 1979 ita
2113 1920 2340 1980 caedes

375 2004 641 2065 atrocior
662 2003 793 2063 fuit.
837 2009 898 2061 et
921 2004 1212 2063 adiuvere
1233 2004 1476 2079 captivi,
1512 2004 1614 2078 qui
1642 2009 1818 2079 rapto
1849 2003 2005 2064 inter
2023 2005 2341 2065 tumultum

381 2090 542 2149 {erro
587 2085 937 2161 conglobati
981 2093 1040 2146 et
1079 2087 1156 2147 ab
1185 2093 1357 2163 tergo
1390 2087 1741 2147 ceciderunt
1765 2086 2008 2147 Poenos
2047 2095 2107 2147 et
2137 2088 2342 2163 sugam

379 2170 800 2247 impedierunt.
865 2170 1071 2245 itaque
1110 2170 1309 2231 minus
1352 2172 1476 2232 duo
1506 2172 1672 2232 milia
1698 2170 2013 2231 hominum
2052 2186 2131 2231 ex
2174 2179 2342 2231 tanto

379 2256 650 2317 exercitu
691 2259 752 2314 et
778 2268 854 2313 ea
879 2255 1075 2315 maior
1103 2270 1246 2331 pars
1277 2256 1545 2329 equiturn
1576 2271 1710 2315 cum
1740 2255 1881 2329 ipso
1916 2255 2075 2315 duce
2111 2254 2341 2329 effuge-

378 2345 548 2409 runt3
598 2338 699 2397 alii
741 2352 957 2398 omnes
999 2339 1166 2399 caesi
1195 2345 1300 2399 aut
1328 2339 1509 2413 capti.
1574 2345 1755 2413 capta
1798 2346 1861 2398 et
1890 2339 2067 2415 signa
2110 2338 2340 2399 duode-

383 2421 806 2499 quadraginta.
894 2439 972 2482 ex
1019 2423 1357 2483 victoribus
1408 2423 1531 2483 duo
1582 2422 1749 2482 milia
1797 2423 1987 2482 ferme
2040 2423 2343 2482 cecidere.

384 2506 617 2584 praeda
646 2506 844 2566 omnis
868 2515 1298 2583 praeterquam
1321 2506 1633 2567 hominum
1662 2513 1975 2582 captorum
2000 2504 2166 2564 militi
2198 2522 2345 2566 con-

383 2606 566 2653 cessa
593 2596 722 2660 est;
755 2597 818 2650 et
844 2606 1034 2665 pecus
1065 2598 1391 2667 exceptum
1418 2598 1530 2665 est,
1564 2590 1730 2665 quod
1760 2590 1913 2650 intra
1942 2590 2074 2649 dies
2103 2588 2348 2665 triginta

382 2674 610 2736 domini
640 2674 1096 2748 cognovissent.

549 2758 700 2819 Cum
724 2758 956 2833 praeda
977 2757 1179 2818 onusti
1203 2758 1264 2817 in
1288 2764 1492 2819 castra
1518 2758 1843 2834 redissent,
1877 2764 2163 2834 quattuor
2184 2758 2348 2818 milia

384 2843 575 2902 ferme
615 2842 903 2901 volonum
945 2841 1227 2917 militum,
1273 2858 1436 2917 quae
1476 2848 1900 2919 pugnaverant
1940 2842 2194 2917 segnius
2235 2858 2350 2902 nec

383 2926 443 2985 in
475 2932 678 2985 castra
703 2924 1049 3000 irruperant
1069 2925 1266 2997 simul,
1300 2932 1459 2987 metu
1492 2942 1734 3005 poenae
1764 2927 1983 2987 collem
2010 2926 2175 2987 haud
2210 2942 2347 3001 pro-

387 3009 484 3069 cul
527 3008 746 3069 castris
789 3016 1103 3085 ceperunt.
1180 3017 1433 3085 postero
1476 3009 1577 3071 die
1621 3026 1735 3086 per
1774 3011 2052 3071 tribunos
2095 3010 2346 3069 miiitum

386 3092 532 3153 inde
560 3091 805 3153 deducti
833 3093 1120 3155 contione
1146 3093 1398 3154 militum
1426 3095 1731 3156 advocata
1759 3110 1796 3154 a
1826 3094 2103 3155 Graccho
2136 3110 2349 3171 super-

385 3178 656 3238 veniunt.
697 3176 801 3239 ubi
825 3190 962 3239 cum
986 3180 1324 3253 proconsul
1345 3185 1589 3238 veteres
1614 3178 1833 3238 milites
1860 3180 2137 3253 primuni,
2173 3184 2349 3254 prout

390 3260 692 3337 cuiusque
719 3261 913 3322 virtus
944 3270 1128 3339 atque
1158 3278 1352 3339 opera
1379 3262 1437 3321 in
1472 3277 1547 3323 ea
1576 3278 1784 3339 pugna
1814 3263 2037 3336 fuerat,
2080 3262 2340 3322 militari-

387 3344 506 3405 bus
522 3344 706 3406 donis
723 3344 1035 3422 donasset,
1059 3354 1223 3421 tunc,
1249 3347 1420 3421 quod
1443 3347 1523 3406 ad
1538 3348 1799 3407 volones
1818 3346 2109 3419 attineret,
2134 3362 2349 3407 omnes

390 3428 476 3489 ait
500 3429 684 3490 malle
711 3430 990 3493 laudatos
1021 3448 1058 3493 a
1087 3446 1160 3493 se
1187 3431 1409 3509 dignos
1438 3431 1879 3508 indignosque,
1928 3446 2111 3506 quam
2142 3444 2352 3505 quem-

395 3530 577 3587 quam
607 3529 684 3575 eo
715 3514 816 3576 die
845 3510 1203 3591 castigatum
1233 3532 1397 3578 csse.
1444 3516 1612 3591 quod
1632 3515 1863 3577 bonum
1885 3516 2149 3577 faustum
2178 3515 2352 3576 felix-
