<?xml version="1.0" encoding="UTF-8"?>
<!DOCTYPE html PUBLIC "-//W3C//DTD XHTML 1.0 Transitional//EN"
    "http://www.w3.org/TR/xhtml1/DTD/xhtml1-transitional.dtd">
<html xmlns="http://www.w3.org/1999/xhtml" xml:lang="en" lang="en">
 <head>
  <title>
</title>
<meta http-equiv="Content-Type" content="text/html;charset=utf-8" />
  <meta name='ocr-system' content='tesseract 3.04.00' />
  <meta name='ocr-capabilities' content='ocr_page ocr_carea ocr_par ocr_line ocrx_word'/>
</head>
<body>
  <div class='ocr_page' id='page_1' title='image "./aburbeconditali13livygoog_0256.png"; bbox 0 0 2550 3959; ppageno 0'>
   <div class='ocr_carea' id='block_1_1' title="bbox 702 195 2306 330">
    <p class='ocr_par' dir='ltr' id='par_1_1' title="bbox 702 195 2306 330">
     <span class='ocr_line' id='line_1_1' title="bbox 702 195 2306 330; baseline 0.004 -22"><span class='ocrx_word' id='word_1_1' title='bbox 702 249 933 312; x_wconf 84' lang='lat' dir='ltr'><strong>LIBER</strong></span> <span class='ocrx_word' id='word_1_2' title='bbox 960 251 1228 312; x_wconf 82' lang='lat' dir='ltr'><strong>xxvffl.</strong></span> <span class='ocrx_word' id='word_1_3' title='bbox 1274 250 1514 314; x_wconf 80' lang='lat' dir='ltr'><strong>cAP.s.</strong></span> <span class='ocrx_word' id='word_1_4' title='bbox 1548 258 1622 325; x_wconf 72' lang='lat' dir='ltr'><strong>[a.</strong></span> <span class='ocrx_word' id='word_1_5' title='bbox 1650 257 1714 310; x_wconf 87' lang='lat' dir='ltr'><strong>c.</strong></span> <span class='ocrx_word' id='word_1_6' title='bbox 1738 257 1864 324; x_wconf 80' lang='lat'>207]</span> <span class='ocrx_word' id='word_1_7' title='bbox 2118 250 2246 330; x_wconf 77' lang='lat'><strong>229</strong></span> <span class='ocrx_word' id='word_1_8' title='bbox 2289 195 2306 210; x_wconf 50' lang='grc'><strong>’</strong></span> 
     </span>
    </p>
   </div>
   <div class='ocr_carea' id='block_1_2' title="bbox 286 387 2358 478">
    <p class='ocr_par' dir='ltr' id='par_1_2' title="bbox 286 387 2358 478">
     <span class='ocr_line' id='line_1_2' title="bbox 286 387 2358 478; baseline 0.003 -16"><span class='ocrx_word' id='word_1_9' title='bbox 286 417 359 462; x_wconf 89' lang='lat' dir='ltr'><strong>se</strong></span> <span class='ocrx_word' id='word_1_10' title='bbox 400 402 567 462; x_wconf 90' lang='lat' dir='ltr'><strong>nullo</strong></span> <span class='ocrx_word' id='word_1_11' title='bbox 610 403 748 464; x_wconf 89' lang='lat' dir='ltr'><strong>loco</strong></span> <span class='ocrx_word' id='word_1_12' title='bbox 790 418 905 464; x_wconf 90' lang='lat' dir='ltr'><strong>nec</strong></span> <span class='ocrx_word' id='word_1_13' title='bbox 945 403 1207 478; x_wconf 82' lang='lat' dir='ltr'><strong>tempori</strong></span> <span class='ocrx_word' id='word_1_14' title='bbox 1246 402 1550 477; x_wconf 82' lang='lat' dir='ltr'><strong>defuisse,</strong></span> <span class='ocrx_word' id='word_1_15' title='bbox 1605 402 1780 478; x_wconf 89' lang='lat' dir='ltr'><strong>quin,</strong></span> <span class='ocrx_word' id='word_1_16' title='bbox 1833 403 1938 464; x_wconf 89' lang='lat' dir='ltr'><strong>ubi</strong></span> <span class='ocrx_word' id='word_1_17' title='bbox 1975 403 2246 468; x_wconf 85' lang='lat' dir='ltr'><strong>hostium</strong></span> <span class='ocrx_word' id='word_1_18' title='bbox 2351 387 2358 393; x_wconf 59' lang='grc'><strong><em>’</em></strong></span> 
     </span>
    </p>
   </div>
   <div class='ocr_carea' id='block_1_3' title="bbox 228 486 2336 3575">
    <p class='ocr_par' dir='ltr' id='par_1_3' title="bbox 228 486 2336 3575">
     <span class='ocr_line' id='line_1_3' title="bbox 286 486 2247 562; baseline 0.002 -16"><span class='ocrx_word' id='word_1_19' title='bbox 286 501 458 546; x_wconf 83' lang='lat' dir='ltr'><strong>arma</strong></span> <span class='ocrx_word' id='word_1_20' title='bbox 485 486 1007 561; x_wconf 78' lang='lat' dir='ltr'><strong>concrepuissent,</strong></span> <span class='ocrx_word' id='word_1_21' title='bbox 1036 503 1113 547; x_wconf 91' lang='lat' dir='ltr'><strong>eo</strong></span> <span class='ocrx_word' id='word_1_22' title='bbox 1150 492 1378 562; x_wconf 85' lang='lat' dir='ltr'><strong>quanta</strong></span> <span class='ocrx_word' id='word_1_23' title='bbox 1403 487 1668 548; x_wconf 85' lang='lat' dir='ltr'><strong>maxima</strong></span> <span class='ocrx_word' id='word_1_24' title='bbox 1694 494 1912 562; x_wconf 89' lang='lat' dir='ltr'><strong>posset</strong></span> <span class='ocrx_word' id='word_1_25' title='bbox 1940 488 2247 550; x_wconf 86' lang='lat' dir='ltr'><strong>celeritate</strong></span> 
     </span>
     <span class='ocr_line' id='line_1_4' title="bbox 286 569 2246 646; baseline 0.003 -18"><span class='ocrx_word' id='word_1_26' title='bbox 286 569 579 630; x_wconf 76' lang='lat' dir='ltr'><strong>tenderet.</strong></span> <span class='ocrx_word' id='word_1_27' title='bbox 652 571 769 628; x_wconf 91' lang='lat' dir='ltr'><strong>sed</strong></span> <span class='ocrx_word' id='word_1_28' title='bbox 796 571 903 631; x_wconf 84' lang='lat' dir='ltr'><strong>vix</strong></span> <span class='ocrx_word' id='word_1_29' title='bbox 932 570 1229 631; x_wconf 83' lang='lat' dir='ltr'><strong>rationem</strong></span> <span class='ocrx_word' id='word_1_30' title='bbox 1257 571 1391 632; x_wconf 87' lang='lat' dir='ltr'><strong>iniri</strong></span> <span class='ocrx_word' id='word_1_31' title='bbox 1423 586 1645 646; x_wconf 75' lang='lat' dir='ltr'><strong>posse,</strong></span> <span class='ocrx_word' id='word_1_32' title='bbox 1663 577 1862 631; x_wconf 84' lang='lat' dir='ltr'><strong>utrum</strong></span> <span class='ocrx_word' id='word_1_33' title='bbox 1891 587 1930 631; x_wconf 94' lang='lat' dir='ltr'><strong>a</strong></span> <span class='ocrx_word' id='word_1_34' title='bbox 1958 587 2027 632; x_wconf 87' lang='lat' dir='ltr'><strong>se</strong></span> <span class='ocrx_word' id='word_1_35' title='bbox 2053 573 2246 634; x_wconf 86' lang='lat' dir='ltr'><strong>auda·</strong></span> 
     </span>
     <span class='ocr_line' id='line_1_5' title="bbox 286 651 2241 729; baseline 0.002 -17"><span class='ocrx_word' id='word_1_36' title='bbox 286 651 417 712; x_wconf 86' lang='lat' dir='ltr'><strong>eius</strong></span> <span class='ocrx_word' id='word_1_37' title='bbox 475 668 554 712; x_wconf 88' lang='lat' dir='ltr'><strong>an</strong></span> <span class='ocrx_word' id='word_1_38' title='bbox 607 653 884 728; x_wconf 77' lang='lat' dir='ltr'><strong>fugacius</strong></span> <span class='ocrx_word' id='word_1_39' title='bbox 934 653 1013 714; x_wconf 89' lang='lat' dir='ltr'><strong>ab</strong></span> <span class='ocrx_word' id='word_1_40' title='bbox 1058 653 1342 716; x_wconf 85' lang='lat' dir='ltr'>hostibus</span> <span class='ocrx_word' id='word_1_41' title='bbox 1399 661 1648 729; x_wconf 81' lang='lat' dir='ltr'><strong>geratur</strong></span> <span class='ocrx_word' id='word_1_42' title='bbox 1700 653 1947 715; x_wconf 90' lang='lat' dir='ltr'><strong>bellum.</strong></span> <span class='ocrx_word' id='word_1_43' title='bbox 2021 655 2114 716; x_wconf 89' lang='lat' dir='ltr'><strong>sie</strong></span> <span class='ocrx_word' id='word_1_44' title='bbox 2164 656 2241 716; x_wconf 89' lang='lat' dir='ltr'><strong>ab</strong></span> 
     </span>
     <span class='ocr_line' id='line_1_6' title="bbox 288 734 2244 816; baseline 0.002 -20"><span class='ocrx_word' id='word_1_45' title='bbox 288 734 529 811; x_wconf 87' lang='lat' dir='ltr'><strong>Opunte</strong></span> <span class='ocrx_word' id='word_1_46' title='bbox 557 737 854 811; x_wconf 87' lang='lat' dir='ltr'><strong>Attalum,</strong></span> <span class='ocrx_word' id='word_1_47' title='bbox 897 739 987 798; x_wconf 89' lang='lat' dir='ltr'><strong>sie</strong></span> <span class='ocrx_word' id='word_1_48' title='bbox 1018 737 1354 813; x_wconf 89' lang='lat' dir='ltr'><strong>Sulpicium</strong></span> <span class='ocrx_word' id='word_1_49' title='bbox 1384 737 1462 798; x_wconf 89' lang='lat' dir='ltr'><strong>ab</strong></span> <span class='ocrx_word' id='word_1_50' title='bbox 1493 738 1810 814; x_wconf 81' lang='lat' dir='ltr'><strong>Chalcide,</strong></span> <span class='ocrx_word' id='word_1_51' title='bbox 1851 739 1941 800; x_wconf 86' lang='lat' dir='ltr'><strong>sie</strong></span> <span class='ocrx_word' id='word_1_52' title='bbox 1969 739 2058 800; x_wconf 89' lang='lat' dir='ltr'><strong>eis</strong></span> <span class='ocrx_word' id='word_1_53' title='bbox 2087 740 2244 816; x_wconf 88' lang='lat' dir='ltr'><strong>ipsis</strong></span> 
     </span>
     <span class='ocr_line' id='line_1_7' title="bbox 284 819 2246 898; baseline 0.001 -18"><span class='ocrx_word' id='word_1_54' title='bbox 284 819 505 880; x_wconf 89' lang='lat' dir='ltr'><strong>diebus</strong></span> <span class='ocrx_word' id='word_1_55' title='bbox 544 819 975 884; x_wconf 76' lang='lat' dir='ltr'>Machanidam</span> <span class='ocrx_word' id='word_1_56' title='bbox 1016 837 1054 882; x_wconf 90' lang='lat' dir='ltr'><strong>e</strong></span> <span class='ocrx_word' id='word_1_57' title='bbox 1092 821 1377 882; x_wconf 89' lang='lat' dir='ltr'><strong>manibus</strong></span> <span class='ocrx_word' id='word_1_58' title='bbox 1427 823 1559 884; x_wconf 89' lang='lat' dir='ltr'><strong>suis</strong></span> <span class='ocrx_word' id='word_1_59' title='bbox 1603 821 1901 898; x_wconf 81' lang='lat' dir='ltr'><strong>elapsum.</strong></span> <span class='ocrx_word' id='word_1_60' title='bbox 1968 824 2084 884; x_wconf 81' lang='lat' dir='ltr'><strong>sed</strong></span> <span class='ocrx_word' id='word_1_61' title='bbox 2123 839 2246 884; x_wconf 91' lang='lat' dir='ltr'><strong>non</strong></span> 
     </span>
     <span class='ocr_line' id='line_1_8' title="bbox 284 904 2244 982; baseline 0.002 -18"><span class='ocrx_word' id='word_1_62' title='bbox 284 919 532 978; x_wconf 83' lang='lat' dir='ltr'><strong>semper</strong></span> <span class='ocrx_word' id='word_1_63' title='bbox 579 904 818 965; x_wconf 77' lang='lat' dir='ltr'><strong>felicem</strong></span> <span class='ocrx_word' id='word_1_64' title='bbox 856 920 1003 966; x_wconf 91' lang='lat' dir='ltr'><strong>esse</strong></span> <span class='ocrx_word' id='word_1_65' title='bbox 1040 906 1276 980; x_wconf 79' lang='lat' dir='ltr'><strong>rugam,</strong></span> <span class='ocrx_word' id='word_1_66' title='bbox 1331 920 1447 966; x_wconf 84' lang='lat' dir='ltr'><strong>nec</strong></span> <span class='ocrx_word' id='word_1_67' title='bbox 1486 922 1600 982; x_wconf 90' lang='lat' dir='ltr'><strong>pro</strong></span> <span class='ocrx_word' id='word_1_68' title='bbox 1645 906 1877 967; x_wconf 78' lang='lat' dir='ltr'><strong>difficili</strong></span> <span class='ocrx_word' id='word_1_69' title='bbox 1917 905 1983 967; x_wconf 92' lang='lat' dir='ltr'><strong>id</strong></span> <span class='ocrx_word' id='word_1_70' title='bbox 2021 906 2244 968; x_wconf 88' lang='lat' dir='ltr'><strong>bellum</strong></span> 
     </span>
     <span class='ocr_line' id='line_1_9' title="bbox 283 987 2245 1065; baseline 0.002 -17"><span class='ocrx_word' id='word_1_71' title='bbox 283 987 651 1059; x_wconf 87' lang='lat' dir='ltr'><strong>habendum,</strong></span> <span class='ocrx_word' id='word_1_72' title='bbox 695 987 757 1048; x_wconf 90' lang='lat' dir='ltr'><strong>in</strong></span> <span class='ocrx_word' id='word_1_73' title='bbox 790 1005 915 1064; x_wconf 91' lang='lat' dir='ltr'><strong>quo</strong></span> <span class='ocrx_word' id='word_1_74' title='bbox 941 989 1000 1048; x_wconf 90' lang='lat' dir='ltr'><strong>si</strong></span> <span class='ocrx_word' id='word_1_75' title='bbox 1029 989 1213 1049; x_wconf 88' lang='lat' dir='ltr'><strong>modo</strong></span> <span class='ocrx_word' id='word_1_76' title='bbox 1246 1004 1626 1065; x_wconf 81' lang='lat' dir='ltr'><strong>congressus</strong></span> <span class='ocrx_word' id='word_1_77' title='bbox 1657 1005 1796 1050; x_wconf 89' lang='lat' dir='ltr'><strong>cum</strong></span> <span class='ocrx_word' id='word_1_78' title='bbox 1822 989 2105 1050; x_wconf 85' lang='lat' dir='ltr'><strong>hostibus</strong></span> <span class='ocrx_word' id='word_1_79' title='bbox 2138 991 2245 1064; x_wconf 68' lang='grc' dir='ltr'><strong>εἰς,</strong></span> 
     </span>
     <span class='ocr_line' id='line_1_10' title="bbox 287 1071 2244 1148; baseline 0.002 -19"><span class='ocrx_word' id='word_1_80' title='bbox 287 1071 527 1132; x_wconf 88' lang='lat' dir='ltr'><strong>viceris.</strong></span> <span class='ocrx_word' id='word_1_81' title='bbox 592 1072 765 1147; x_wconf 86' lang='lat' dir='ltr'><strong>quod</strong></span> <span class='ocrx_word' id='word_1_82' title='bbox 813 1073 1073 1148; x_wconf 88' lang='lat' dir='ltr'><strong>primum</strong></span> <span class='ocrx_word' id='word_1_83' title='bbox 1116 1079 1314 1144; x_wconf 88' lang='lat' dir='ltr'><strong>esset,</strong></span> <span class='ocrx_word' id='word_1_84' title='bbox 1370 1072 1828 1134; x_wconf 83' lang='lat' dir='ltr'><strong>confessionem</strong></span> <span class='ocrx_word' id='word_1_85' title='bbox 1869 1089 1940 1133; x_wconf 89' lang='lat' dir='ltr'><strong>se</strong></span> <span class='ocrx_word' id='word_1_86' title='bbox 1979 1073 2244 1136; x_wconf 88' lang='lat' dir='ltr'><strong>hostium</strong></span> 
     </span>
     <span class='ocr_line' id='line_1_11' title="bbox 283 1152 2246 1232; baseline 0 -16"><span class='ocrx_word' id='word_1_87' title='bbox 283 1152 513 1216; x_wconf 78' lang='lat' dir='ltr'><strong>habere</strong></span> <span class='ocrx_word' id='word_1_88' title='bbox 532 1171 945 1231; x_wconf 73' lang='lat' dir='ltr'><strong>nequaquam</strong></span> <span class='ocrx_word' id='word_1_89' title='bbox 984 1171 1170 1232; x_wconf 87' lang='lat' dir='ltr'><strong>pares</strong></span> <span class='ocrx_word' id='word_1_90' title='bbox 1212 1172 1358 1218; x_wconf 89' lang='lat' dir='ltr'><strong>esse</strong></span> <span class='ocrx_word' id='word_1_91' title='bbox 1398 1156 1550 1227; x_wconf 85' lang='lat' dir='ltr'><strong>sibi;</strong></span> <span class='ocrx_word' id='word_1_92' title='bbox 1612 1154 1785 1216; x_wconf 90' lang='lat' dir='ltr'><strong>brevi</strong></span> <span class='ocrx_word' id='word_1_93' title='bbox 1829 1164 1891 1217; x_wconf 91' lang='lat' dir='ltr'><strong>et</strong></span> <span class='ocrx_word' id='word_1_94' title='bbox 1929 1157 2246 1219; x_wconf 88' lang='lat' dir='ltr'><strong>victoriam</strong></span> 
     </span>
     <span class='ocr_line' id='line_1_12' title="bbox 286 1238 2247 1316; baseline 0 -16"><span class='ocrx_word' id='word_1_95' title='bbox 286 1239 451 1300; x_wconf 88' lang='lat' dir='ltr'><strong>haud</strong></span> <span class='ocrx_word' id='word_1_96' title='bbox 493 1239 742 1300; x_wconf 88' lang='lat' dir='ltr'><strong>dubiam</strong></span> <span class='ocrx_word' id='word_1_97' title='bbox 780 1238 1159 1316; x_wconf 87' lang='lat' dir='ltr'><strong>habiturum,</strong></span> <span class='ocrx_word' id='word_1_98' title='bbox 1201 1256 1320 1302; x_wconf 86' lang='lat' dir='ltr'><strong>nee</strong></span> <span class='ocrx_word' id='word_1_99' title='bbox 1356 1241 1612 1302; x_wconf 85' lang='lat' dir='ltr'><strong>meliore</strong></span> <span class='ocrx_word' id='word_1_100' title='bbox 1641 1247 1864 1301; x_wconf 89' lang='lat' dir='ltr'><strong>eventu</strong></span> <span class='ocrx_word' id='word_1_101' title='bbox 1893 1255 2004 1302; x_wconf 91' lang='lat' dir='ltr'><strong>eos</strong></span> <span class='ocrx_word' id='word_1_102' title='bbox 2033 1257 2247 1302; x_wconf 85' lang='lat' dir='ltr'><strong>secum</strong></span> 
     </span>
     <span class='ocr_line' id='line_1_13' title="bbox 286 1323 2245 1400; baseline 0.001 -18"><span class='ocrx_word' id='word_1_103' title='bbox 286 1338 469 1398; x_wconf 86' lang='lat' dir='ltr'><strong>quam</strong></span> <span class='ocrx_word' id='word_1_104' title='bbox 499 1336 620 1398; x_wconf 90' lang='lat' dir='ltr'><strong>ope</strong></span> <span class='ocrx_word' id='word_1_105' title='bbox 649 1331 1051 1398; x_wconf 81' lang='lat' dir='ltr'><strong>pugnaturos.</strong></span> <span class='ocrx_word' id='word_1_106' title='bbox 1117 1323 1261 1384; x_wconf 91' lang='lat' dir='ltr'><strong>laeti</strong></span> <span class='ocrx_word' id='word_1_107' title='bbox 1288 1340 1499 1400; x_wconf 83' lang='lat' dir='ltr'><strong>regem</strong></span> <span class='ocrx_word' id='word_1_108' title='bbox 1529 1323 1684 1385; x_wconf 89' lang='lat' dir='ltr'><strong>socii</strong></span> <span class='ocrx_word' id='word_1_109' title='bbox 1714 1325 2056 1385; x_wconf 84' lang='lat' dir='ltr'><strong>audierunt.</strong></span> <span class='ocrx_word' id='word_1_110' title='bbox 2108 1325 2245 1383; x_wconf 86' lang='lat' dir='ltr'><strong>red-</strong></span> 
     </span>
     <span class='ocr_line' id='line_1_14' title="bbox 285 1405 2247 1486; baseline 0.001 -20"><span class='ocrx_word' id='word_1_111' title='bbox 285 1405 439 1466; x_wconf 84' lang='lat' dir='ltr'><strong>didit</strong></span> <span class='ocrx_word' id='word_1_112' title='bbox 484 1406 630 1466; x_wconf 88' lang='lat' dir='ltr'><strong>inde</strong></span> <span class='ocrx_word' id='word_1_113' title='bbox 668 1407 937 1468; x_wconf 79' lang='lat' dir='ltr'><strong>Achaeis</strong></span> <span class='ocrx_word' id='word_1_114' title='bbox 974 1409 1275 1468; x_wconf 78' lang='lat' dir='ltr'><strong>Heraeam</strong></span> <span class='ocrx_word' id='word_1_115' title='bbox 1316 1415 1377 1469; x_wconf 88' lang='lat' dir='ltr'><strong>et</strong></span> <span class='ocrx_word' id='word_1_116' title='bbox 1418 1408 1826 1486; x_wconf 80' lang='lat' dir='ltr'><strong>Triphyliam3</strong></span> <span class='ocrx_word' id='word_1_117' title='bbox 1891 1407 2247 1484; x_wconf 81' lang='lat' dir='ltr'><strong>Alipheram</strong></span> 
     </span>
     <span class='ocr_line' id='line_1_15' title="bbox 288 1490 2247 1568; baseline 0.001 -18"><span class='ocrx_word' id='word_1_118' title='bbox 288 1497 493 1551; x_wconf 87' lang='lat' dir='ltr'><strong>autem</strong></span> <span class='ocrx_word' id='word_1_119' title='bbox 538 1490 1020 1566; x_wconf 79' lang='lat' dir='ltr'><strong>Megalopolitis,</strong></span> <span class='ocrx_word' id='word_1_120' title='bbox 1088 1492 1259 1568; x_wconf 88' lang='lat' dir='ltr'><strong>quod</strong></span> <span class='ocrx_word' id='word_1_121' title='bbox 1313 1508 1568 1554; x_wconf 88' lang='lat' dir='ltr'><strong>suorum</strong></span> <span class='ocrx_word' id='word_1_122' title='bbox 1609 1491 1803 1552; x_wconf 78' lang='lat' dir='ltr'><strong>ruisse</strong></span> <span class='ocrx_word' id='word_1_123' title='bbox 1843 1493 2054 1553; x_wconf 84' lang='lat' dir='ltr'><strong>finium</strong></span> <span class='ocrx_word' id='word_1_124' title='bbox 2095 1490 2247 1552; x_wconf 78' lang='lat' dir='ltr'><strong>satiS</strong></span> 
     </span>
     <span class='ocr_line' id='line_1_16' title="bbox 284 1573 2238 1651; baseline 0.002 -18"><span class='ocrx_word' id='word_1_125' title='bbox 284 1573 647 1650; x_wconf 82' lang='lat' dir='ltr'><strong>probabant,</strong></span> <span class='ocrx_word' id='word_1_126' title='bbox 677 1575 955 1636; x_wconf 88' lang='lat' dir='ltr'><strong>restituit.</strong></span> <span class='ocrx_word' id='word_1_127' title='bbox 998 1575 1147 1636; x_wconf 88' lang='lat' dir='ltr'><strong>inde</strong></span> <span class='ocrx_word' id='word_1_128' title='bbox 1174 1577 1436 1637; x_wconf 89' lang='lat' dir='ltr'><strong>navibus</strong></span> <span class='ocrx_word' id='word_1_129' title='bbox 1467 1577 1738 1651; x_wconf 83' lang='lat' dir='ltr'><strong>acceptis</strong></span> <span class='ocrx_word' id='word_1_130' title='bbox 1769 1576 1846 1636; x_wconf 90' lang='lat' dir='ltr'><strong>ab</strong></span> <span class='ocrx_word' id='word_1_131' title='bbox 1875 1576 2144 1638; x_wconf 81' lang='lat' dir='ltr'><strong>Achaeis</strong></span> <span class='ocrx_word' id='word_1_132' title='bbox 2163 1606 2238 1618; x_wconf 93' lang='lat'><strong>--</strong></span> 
     </span>
     <span class='ocr_line' id='line_1_17' title="bbox 284 1659 2240 1735; baseline 0 -17"><span class='ocrx_word' id='word_1_133' title='bbox 284 1663 458 1718; x_wconf 82' lang='lat' dir='ltr'><strong>erant</strong></span> <span class='ocrx_word' id='word_1_134' title='bbox 474 1665 685 1719; x_wconf 85' lang='lat' dir='ltr'><strong>autem</strong></span> <span class='ocrx_word' id='word_1_135' title='bbox 714 1665 838 1719; x_wconf 89' lang='lat' dir='ltr'><strong>tres</strong></span> <span class='ocrx_word' id='word_1_136' title='bbox 870 1659 1296 1735; x_wconf 81' lang='lat' dir='ltr'><strong>quadriremes</strong></span> <span class='ocrx_word' id='word_1_137' title='bbox 1319 1667 1382 1720; x_wconf 91' lang='lat' dir='ltr'><strong>et</strong></span> <span class='ocrx_word' id='word_1_138' title='bbox 1408 1661 1672 1720; x_wconf 85' lang='lat' dir='ltr'><strong>biremes</strong></span> <span class='ocrx_word' id='word_1_139' title='bbox 1705 1659 1954 1720; x_wconf 90' lang='lat' dir='ltr'><strong>totidem</strong></span> <span class='ocrx_word' id='word_1_140' title='bbox 1975 1692 2062 1703; x_wconf 92' lang='lat'>—</span> <span class='ocrx_word' id='word_1_141' title='bbox 2078 1660 2240 1719; x_wconf 87' lang='lat' dir='ltr'><strong>Anti·</strong></span> 
     </span>
     <span class='ocr_line' id='line_1_18' title="bbox 285 1742 2248 1819; baseline 0.001 -19"><span class='ocrx_word' id='word_1_142' title='bbox 285 1755 500 1819; x_wconf 72' lang='lat' dir='ltr'><strong>cyram</strong></span> <span class='ocrx_word' id='word_1_143' title='bbox 542 1742 794 1803; x_wconf 82' lang='lat' dir='ltr'><strong>traiecit.</strong></span> <span class='ocrx_word' id='word_1_144' title='bbox 872 1743 1017 1804; x_wconf 89' lang='lat' dir='ltr'><strong>inde</strong></span> <span class='ocrx_word' id='word_1_145' title='bbox 1058 1743 1606 1818; x_wconf 88' lang='lat' dir='ltr'><strong>quinqueremibus</strong></span> <span class='ocrx_word' id='word_1_146' title='bbox 1647 1751 1886 1817; x_wconf 82' lang='lat' dir='ltr'><strong>septem</strong></span> <span class='ocrx_word' id='word_1_147' title='bbox 1932 1748 1994 1802; x_wconf 92' lang='lat' dir='ltr'><strong>et</strong></span> <span class='ocrx_word' id='word_1_148' title='bbox 2032 1743 2248 1802; x_wconf 87' lang='lat' dir='ltr'><strong>lembis</strong></span> 
     </span>
     <span class='ocr_line' id='line_1_19' title="bbox 284 1811 2249 1903; baseline 0 -17"><span class='ocrx_word' id='word_1_149' title='bbox 284 1825 495 1900; x_wconf 84' lang='lat' dir='ltr'><strong>viginti</strong></span> <span class='ocrx_word' id='word_1_150' title='bbox 550 1826 847 1902; x_wconf 87' lang='lat' dir='ltr'><strong>amplius,</strong></span> <span class='ocrx_word' id='word_1_151' title='bbox 906 1843 1065 1903; x_wconf 91' lang='lat' dir='ltr'><strong>quos</strong></span> <span class='ocrx_word' id='word_1_152' title='bbox 1122 1832 1190 1887; x_wconf 92' lang='lat' dir='ltr'><strong>ut</strong></span> <span class='ocrx_word' id='word_1_153' title='bbox 1246 1827 1609 1901; x_wconf 82' lang='lat' dir='ltr'><strong>adiungeret</strong></span> <span class='ocrx_word' id='word_1_154' title='bbox 1665 1811 2249 1900; x_wconf 77' lang='lat' dir='ltr'><strong>Carthaginiensium</strong></span> 
     </span>
     <span class='ocr_line' id='line_1_20' title="bbox 284 1909 2248 1988; baseline 0 -18"><span class='ocrx_word' id='word_1_155' title='bbox 284 1909 491 1982; x_wconf 83' lang='lat' dir='ltr'><strong>classi,</strong></span> <span class='ocrx_word' id='word_1_156' title='bbox 511 1910 800 1970; x_wconf 82' lang='lat' dir='ltr'><strong>miserat</strong></span> <span class='ocrx_word' id='word_1_157' title='bbox 783 1927 846 1972; x_wconf 85' lang='lat' dir='ltr'><strong>m</strong></span> <span class='ocrx_word' id='word_1_158' title='bbox 872 1909 1247 1972; x_wconf 85' lang='lat' dir='ltr'><strong>Corinthium</strong></span> <span class='ocrx_word' id='word_1_159' title='bbox 1268 1910 1489 1985; x_wconf 90' lang='lat' dir='ltr'><strong>sinum,</strong></span> <span class='ocrx_word' id='word_1_160' title='bbox 1514 1911 1828 1984; x_wconf 81' lang='lat' dir='ltr'><strong>profectus</strong></span> <span class='ocrx_word' id='word_1_161' title='bbox 1853 1909 1936 1968; x_wconf 90' lang='lat' dir='ltr'><strong>ad</strong></span> <span class='ocrx_word' id='word_1_162' title='bbox 1949 1909 2248 1988; x_wconf 78' lang='lat' dir='ltr'><strong>Erythras</strong></span> 
     </span>
     <span class='ocr_line' id='line_1_21' title="bbox 284 1992 2248 2071; baseline 0 -20"><span class='ocrx_word' id='word_1_163' title='bbox 284 1992 661 2067; x_wconf 85' lang='lat' dir='ltr'><strong>Aetolorum,</strong></span> <span class='ocrx_word' id='word_1_164' title='bbox 694 2010 853 2068; x_wconf 87' lang='lat' dir='ltr'><strong>quae</strong></span> <span class='ocrx_word' id='word_1_165' title='bbox 879 2011 1077 2071; x_wconf 87' lang='lat' dir='ltr'><strong>prope</strong></span> <span class='ocrx_word' id='word_1_166' title='bbox 1095 1994 1420 2070; x_wconf 85' lang='lat' dir='ltr'><strong>Eupalium</strong></span> <span class='ocrx_word' id='word_1_167' title='bbox 1448 2000 1606 2068; x_wconf 89' lang='lat' dir='ltr'><strong>sunt,</strong></span> <span class='ocrx_word' id='word_1_168' title='bbox 1640 1993 2066 2054; x_wconf 87' lang='lat' dir='ltr'><strong>escensionem</strong></span> <span class='ocrx_word' id='word_1_169' title='bbox 2087 1993 2248 2054; x_wconf 77' lang='lat' dir='ltr'><strong>fecit.</strong></span> 
     </span>
     <span class='ocr_line' id='line_1_22' title="bbox 282 2075 2251 2154; baseline 0.002 -19"><span class='ocrx_word' id='word_1_170' title='bbox 282 2075 452 2138; x_wconf 82' lang='lat' dir='ltr'><strong>haud</strong></span> <span class='ocrx_word' id='word_1_171' title='bbox 480 2077 699 2138; x_wconf 80' lang='lat' dir='ltr'><strong>fefellit</strong></span> <span class='ocrx_word' id='word_1_172' title='bbox 711 2078 999 2140; x_wconf 81' lang='lat' dir='ltr'><strong>Aetolos=</strong></span> <span class='ocrx_word' id='word_1_173' title='bbox 1030 2095 1174 2140; x_wconf 83' lang='lat' dir='ltr'><strong>nam</strong></span> <span class='ocrx_word' id='word_1_174' title='bbox 1199 2079 1512 2140; x_wconf 87' lang='lat' dir='ltr'><strong>hominum</strong></span> <span class='ocrx_word' id='word_1_175' title='bbox 1544 2078 1710 2154; x_wconf 89' lang='lat' dir='ltr'><strong>quod</strong></span> <span class='ocrx_word' id='word_1_176' title='bbox 1741 2079 1932 2140; x_wconf 89' lang='lat' dir='ltr'><strong>autin</strong></span> <span class='ocrx_word' id='word_1_177' title='bbox 1961 2077 2130 2154; x_wconf 81' lang='lat' dir='ltr'><strong>agris</strong></span> <span class='ocrx_word' id='word_1_178' title='bbox 2143 2083 2251 2140; x_wconf 85' lang='lat' dir='ltr'><strong>aut</strong></span> 
     </span>
     <span class='ocr_line' id='line_1_23' title="bbox 283 2159 2249 2239; baseline 0 -19"><span class='ocrx_word' id='word_1_179' title='bbox 283 2159 345 2220; x_wconf 89' lang='lat' dir='ltr'><strong>in</strong></span> <span class='ocrx_word' id='word_1_180' title='bbox 389 2161 755 2238; x_wconf 83' lang='lat' dir='ltr'><strong>propinquis</strong></span> <span class='ocrx_word' id='word_1_181' title='bbox 798 2162 1065 2224; x_wconf 79' lang='lat' dir='ltr'><strong>castellis</strong></span> <span class='ocrx_word' id='word_1_182' title='bbox 1105 2163 1460 2224; x_wconf 85' lang='lat' dir='ltr'><strong>Potidaniae</strong></span> <span class='ocrx_word' id='word_1_183' title='bbox 1497 2171 1687 2239; x_wconf 87' lang='lat' dir='ltr'><strong>atque</strong></span> <span class='ocrx_word' id='word_1_184' title='bbox 1712 2162 2082 2237; x_wconf 83' lang='lat' dir='ltr'><strong>Apolloniae</strong></span> <span class='ocrx_word' id='word_1_185' title='bbox 2122 2162 2249 2236; x_wconf 83' lang='lat' dir='ltr'><strong>fuit,</strong></span> 
     </span>
     <span class='ocr_line' id='line_1_24' title="bbox 280 2243 2248 2322; baseline 0.002 -20"><span class='ocrx_word' id='word_1_186' title='bbox 280 2243 343 2304; x_wconf 90' lang='lat' dir='ltr'><strong>in</strong></span> <span class='ocrx_word' id='word_1_187' title='bbox 383 2245 579 2306; x_wconf 83' lang='lat' dir='ltr'><strong>silvas</strong></span> <span class='ocrx_word' id='word_1_188' title='bbox 620 2253 989 2322; x_wconf 84' lang='lat' dir='ltr'><strong>montesque</strong></span> <span class='ocrx_word' id='word_1_189' title='bbox 1028 2247 1277 2322; x_wconf 76' lang='lat' dir='ltr'><strong>refugit=</strong></span> <span class='ocrx_word' id='word_1_190' title='bbox 1319 2261 1579 2320; x_wconf 86' lang='lat' dir='ltr'><strong>pecora,</strong></span> <span class='ocrx_word' id='word_1_191' title='bbox 1626 2261 1788 2320; x_wconf 90' lang='lat' dir='ltr'><strong>quae</strong></span> <span class='ocrx_word' id='word_1_192' title='bbox 1814 2245 1972 2306; x_wconf 85' lang='lat' dir='ltr'><strong>inter</strong></span> <span class='ocrx_word' id='word_1_193' title='bbox 1995 2244 2248 2306; x_wconf 78' lang='lat' dir='ltr'><strong>festina-</strong></span> 
     </span>
     <span class='ocr_line' id='line_1_25' title="bbox 284 2327 2247 2406; baseline 0 -18"><span class='ocrx_word' id='word_1_194' title='bbox 284 2327 715 2404; x_wconf 73' lang='lat' dir='ltr'><strong>tionemabigi</strong></span> <span class='ocrx_word' id='word_1_195' title='bbox 756 2329 1146 2406; x_wconf 85' lang='lat' dir='ltr'><strong>nequierant,</strong></span> <span class='ocrx_word' id='word_1_196' title='bbox 1190 2336 1332 2390; x_wconf 86' lang='lat' dir='ltr'><strong>sunt</strong></span> <span class='ocrx_word' id='word_1_197' title='bbox 1375 2329 1616 2404; x_wconf 85' lang='lat' dir='ltr'><strong>direpta</strong></span> <span class='ocrx_word' id='word_1_198' title='bbox 1655 2334 1718 2388; x_wconf 91' lang='lat' dir='ltr'><strong>et</strong></span> <span class='ocrx_word' id='word_1_199' title='bbox 1753 2329 2052 2390; x_wconf 78' lang='lat' dir='ltr'><strong>innaves</strong></span> <span class='ocrx_word' id='word_1_200' title='bbox 2085 2344 2247 2388; x_wconf 86' lang='lat' dir='ltr'><strong>eom-</strong></span> 
     </span>
     <span class='ocr_line' id='line_1_26' title="bbox 228 2412 2248 2488; baseline -0.002 -12"><span class='ocrx_word' id='word_1_201' title='bbox 228 2427 242 2438; x_wconf 78' lang='lat'>‘</span> <span class='ocrx_word' id='word_1_202' title='bbox 283 2413 484 2487; x_wconf 80' lang='lat' dir='ltr'><strong>pulsa.</strong></span> <span class='ocrx_word' id='word_1_203' title='bbox 556 2428 693 2474; x_wconf 83' lang='lat' dir='ltr'><strong>eum</strong></span> <span class='ocrx_word' id='word_1_204' title='bbox 720 2413 797 2474; x_wconf 90' lang='lat' dir='ltr'><strong>iis</strong></span> <span class='ocrx_word' id='word_1_205' title='bbox 840 2420 1169 2488; x_wconf 82' lang='lat' dir='ltr'><strong>ceteraque</strong></span> <span class='ocrx_word' id='word_1_206' title='bbox 1200 2413 1432 2488; x_wconf 85' lang='lat' dir='ltr'><strong>praeda</strong></span> <span class='ocrx_word' id='word_1_207' title='bbox 1456 2412 1629 2474; x_wconf 87' lang='lat' dir='ltr'><strong>Nicia</strong></span> <span class='ocrx_word' id='word_1_208' title='bbox 1654 2419 1941 2487; x_wconf 81' lang='lat' dir='ltr'><strong>praetore</strong></span> <span class='ocrx_word' id='word_1_209' title='bbox 1968 2412 2248 2472; x_wconf 83' lang='lat' dir='ltr'><strong>Achaeo-</strong></span> 
     </span>
     <span class='ocr_line' id='line_1_27' title="bbox 280 2495 2248 2572; baseline 0 -16"><span class='ocrx_word' id='word_1_210' title='bbox 280 2512 419 2556; x_wconf 85' lang='lat' dir='ltr'><strong>rum</strong></span> <span class='ocrx_word' id='word_1_211' title='bbox 446 2496 722 2571; x_wconf 73' lang='lat' dir='ltr'><strong>Aegium</strong></span> <span class='ocrx_word' id='word_1_212' title='bbox 764 2497 987 2572; x_wconf 89' lang='lat' dir='ltr'><strong>misso,</strong></span> <span class='ocrx_word' id='word_1_213' title='bbox 1032 2513 1172 2558; x_wconf 89' lang='lat' dir='ltr'><strong>eum</strong></span> <span class='ocrx_word' id='word_1_214' title='bbox 1203 2495 1554 2558; x_wconf 81' lang='lat' dir='ltr'><strong>Corinthum</strong></span> <span class='ocrx_word' id='word_1_215' title='bbox 1593 2495 1882 2570; x_wconf 84' lang='lat' dir='ltr'><strong>petisset,</strong></span> <span class='ocrx_word' id='word_1_216' title='bbox 1928 2495 2248 2569; x_wconf 82' lang='lat' dir='ltr'><strong>pedestres</strong></span> 
     </span>
     <span class='ocr_line' id='line_1_28' title="bbox 283 2578 2247 2656; baseline 0.001 -18"><span class='ocrx_word' id='word_1_217' title='bbox 283 2578 429 2641; x_wconf 87' lang='lat' dir='ltr'><strong>inde</strong></span> <span class='ocrx_word' id='word_1_218' title='bbox 460 2580 673 2655; x_wconf 82' lang='lat' dir='ltr'><strong>copias</strong></span> <span class='ocrx_word' id='word_1_219' title='bbox 702 2581 1164 2656; x_wconf 75' lang='lat' dir='ltr'><strong>pei-Boeotiam</strong></span> <span class='ocrx_word' id='word_1_220' title='bbox 1190 2589 1356 2642; x_wconf 87' lang='lat' dir='ltr'><strong>terra</strong></span> <span class='ocrx_word' id='word_1_221' title='bbox 1383 2579 1528 2642; x_wconf 84' lang='lat' dir='ltr'><strong>duci</strong></span> <span class='ocrx_word' id='word_1_222' title='bbox 1553 2579 1751 2642; x_wconf 87' lang='lat' dir='ltr'><strong>iussit.</strong></span> <span class='ocrx_word' id='word_1_223' title='bbox 1820 2579 1960 2654; x_wconf 86' lang='lat' dir='ltr'><strong>ipse</strong></span> <span class='ocrx_word' id='word_1_224' title='bbox 1990 2578 2067 2638; x_wconf 89' lang='lat' dir='ltr'><strong>ab</strong></span> <span class='ocrx_word' id='word_1_225' title='bbox 2099 2578 2247 2642; x_wconf 89' lang='lat' dir='ltr'><strong>Cen·</strong></span> 
     </span>
     <span class='ocr_line' id='line_1_29' title="bbox 282 2662 2249 2739; baseline -0.001 -15"><span class='ocrx_word' id='word_1_226' title='bbox 282 2662 486 2726; x_wconf 86' lang='lat' dir='ltr'><strong>chreis</strong></span> <span class='ocrx_word' id='word_1_227' title='bbox 516 2705 525 2725; x_wconf 59' lang='lat'><em>2</em></span> <span class='ocrx_word' id='word_1_228' title='bbox 537 2671 780 2739; x_wconf 86' lang='lat' dir='ltr'><strong>praeter</strong></span> <span class='ocrx_word' id='word_1_229' title='bbox 818 2670 1053 2726; x_wconf 65' lang='lat' dir='ltr'><strong>terram</strong></span> <span class='ocrx_word' id='word_1_230' title='bbox 1098 2665 1364 2728; x_wconf 77' lang='lat' dir='ltr'><strong>Atticam</strong></span> <span class='ocrx_word' id='word_1_231' title='bbox 1417 2679 1628 2739; x_wconf 87' lang='lat' dir='ltr'><strong>super.</strong></span> <span class='ocrx_word' id='word_1_232' title='bbox 1648 2662 1905 2726; x_wconf 89' lang='lat' dir='ltr'><strong>Sunium</strong></span> <span class='ocrx_word' id='word_1_233' title='bbox 1953 2663 2249 2738; x_wconf 82' lang='lat' dir='ltr'><strong>navigans</strong></span> 
     </span>
     <span class='ocr_line' id='line_1_30' title="bbox 280 2746 2248 2823; baseline -0.002 -17"><span class='ocrx_word' id='word_1_234' title='bbox 280 2746 717 2809; x_wconf 55' lang='lat' dir='ltr'><strong>interaemedias</strong></span> <span class='ocrx_word' id='word_1_235' title='bbox 762 2763 961 2823; x_wconf 87' lang='lat' dir='ltr'><strong>prope</strong></span> <span class='ocrx_word' id='word_1_236' title='bbox 1000 2749 1267 2811; x_wconf 87' lang='lat' dir='ltr'><strong>hostium</strong></span> <span class='ocrx_word' id='word_1_237' title='bbox 1299 2749 1535 2808; x_wconf 83' lang='lat' dir='ltr'><strong>classes</strong></span> <span class='ocrx_word' id='word_1_238' title='bbox 1567 2747 1912 2809; x_wconf 87' lang='lat' dir='ltr'><strong>Chalcidem</strong></span> <span class='ocrx_word' id='word_1_239' title='bbox 1942 2747 2248 2821; x_wconf 85' lang='lat' dir='ltr'><strong>pervenit=</strong></span> 
     </span>
     <span class='ocr_line' id='line_1_31' title="bbox 279 2829 2249 2908; baseline 0.001 -18"><span class='ocrx_word' id='word_1_240' title='bbox 279 2829 429 2890; x_wconf 87' lang='lat' dir='ltr'><strong>inde</strong></span> <span class='ocrx_word' id='word_1_241' title='bbox 458 2831 804 2892; x_wconf 82' lang='lat' dir='ltr'><strong>collaudata</strong></span> <span class='ocrx_word' id='word_1_242' title='bbox 824 2831 951 2892; x_wconf 81' lang='lat' dir='ltr'><strong>lide</strong></span> <span class='ocrx_word' id='word_1_243' title='bbox 972 2848 1047 2892; x_wconf 88' lang='lat' dir='ltr'><strong>ac</strong></span> <span class='ocrx_word' id='word_1_244' title='bbox 1070 2833 1310 2907; x_wconf 88' lang='lat' dir='ltr'><strong>virtute,</strong></span> <span class='ocrx_word' id='word_1_245' title='bbox 1341 2833 1511 2908; x_wconf 90' lang='lat' dir='ltr'><strong>quod</strong></span> <span class='ocrx_word' id='word_1_246' title='bbox 1533 2846 1738 2908; x_wconf 88' lang='lat' dir='ltr'><strong>neque</strong></span> <span class='ocrx_word' id='word_1_247' title='bbox 1757 2830 1938 2893; x_wconf 89' lang='lat' dir='ltr'><strong>timor</strong></span> <span class='ocrx_word' id='word_1_248' title='bbox 1957 2845 2074 2890; x_wconf 82' lang='lat' dir='ltr'><strong>nec</strong></span> <span class='ocrx_word' id='word_1_249' title='bbox 2099 2845 2249 2906; x_wconf 85' lang='lat' dir='ltr'><strong>spes</strong></span> 
     </span>
     <span class='ocr_line' id='line_1_32' title="bbox 280 2912 2250 2993; baseline 0 -19"><span class='ocrx_word' id='word_1_250' title='bbox 280 2912 568 2978; x_wconf 83' lang='lat' dir='ltr'><strong>flexisset</strong></span> <span class='ocrx_word' id='word_1_251' title='bbox 592 2915 1090 2990; x_wconf 83' lang='lat' dir='ltr'><strong>eorumanimos,</strong></span> <span class='ocrx_word' id='word_1_252' title='bbox 1121 2917 1530 2993; x_wconf 82' lang='lat' dir='ltr'><strong>hortatusque</strong></span> <span class='ocrx_word' id='word_1_253' title='bbox 1553 2919 1619 2977; x_wconf 77' lang='lat' dir='ltr'><strong>in</strong></span> <span class='ocrx_word' id='word_1_254' title='bbox 1650 2923 1984 2992; x_wconf 75' lang='lat' dir='ltr'><strong>posterum,</strong></span> <span class='ocrx_word' id='word_1_255' title='bbox 2028 2921 2095 2974; x_wconf 79' lang='lat' dir='ltr'><strong>ut</strong></span> <span class='ocrx_word' id='word_1_256' title='bbox 2135 2931 2250 2974; x_wconf 80' lang='lat' dir='ltr'><strong>ea-</strong></span> 
     </span>
     <span class='ocr_line' id='line_1_33' title="bbox 280 2997 2336 3082; baseline -0 -22"><span class='ocrx_word' id='word_1_257' title='bbox 280 2998 767 3060; x_wconf 68' lang='lat' dir='ltr'><strong>dem-constantia</strong></span> <span class='ocrx_word' id='word_1_258' title='bbox 783 3006 1211 3075; x_wconf 73' lang='lat' dir='ltr'><strong>penmanerent</strong></span> <span class='ocrx_word' id='word_1_259' title='bbox 1234 3003 1300 3061; x_wconf 80' lang='lat' dir='ltr'><strong>in</strong></span> <span class='ocrx_word' id='word_1_260' title='bbox 1321 3005 1612 3074; x_wconf 73' lang='lat' dir='ltr'><strong>societate,</strong></span> <span class='ocrx_word' id='word_1_261' title='bbox 1633 3002 1693 3062; x_wconf 78' lang='lat' dir='ltr'><strong>si</strong></span> <span class='ocrx_word' id='word_1_262' title='bbox 1709 3017 1879 3062; x_wconf 84' lang='lat' dir='ltr'><strong>suam</strong></span> <span class='ocrx_word' id='word_1_263' title='bbox 1900 3015 2080 3074; x_wconf 81' lang='lat' dir='ltr'><strong>quam</strong></span> <span class='ocrx_word' id='word_1_264' title='bbox 2105 2997 2251 3060; x_wconf 77' lang='lat' dir='ltr'><strong>Ori-</strong></span> <span class='ocrx_word' id='word_1_265' title='bbox 2331 3077 2336 3082; x_wconf 21' lang='grc' dir='ltr'>ι</span> 
     </span>
     <span class='ocr_line' id='line_1_34' title="bbox 278 3079 2250 3158; baseline -0.002 -14"><span class='ocrx_word' id='word_1_266' title='bbox 278 3087 558 3146; x_wconf 75' lang='lat' dir='ltr'><strong>taum-um</strong></span> <span class='ocrx_word' id='word_1_267' title='bbox 592 3089 769 3158; x_wconf 75' lang='lat' dir='ltr'><strong>atque</strong></span> <span class='ocrx_word' id='word_1_268' title='bbox 792 3079 1198 3158; x_wconf 81' lang='lat' dir='ltr'><strong>Opuntiorum</strong></span> <span class='ocrx_word' id='word_1_269' title='bbox 1227 3084 1531 3146; x_wconf 77' lang='lat' dir='ltr'><strong>fortunam</strong></span> <span class='ocrx_word' id='word_1_270' title='bbox 1560 3086 1825 3158; x_wconf 86' lang='lat' dir='ltr'><strong>mallent,</strong></span> <span class='ocrx_word' id='word_1_271' title='bbox 1855 3083 1932 3143; x_wconf 87' lang='lat' dir='ltr'><strong>ab</strong></span> <span class='ocrx_word' id='word_1_272' title='bbox 1966 3081 2250 3144; x_wconf 87' lang='lat' dir='ltr'><strong>Chalcide</strong></span> 
     </span>
     <span class='ocr_line' id='line_1_35' title="bbox 281 3162 2250 3245; baseline -0.003 -19"><span class='ocrx_word' id='word_1_273' title='bbox 281 3162 507 3228; x_wconf 85' lang='lat' dir='ltr'><strong>Oreum</strong></span> <span class='ocrx_word' id='word_1_274' title='bbox 534 3167 811 3242; x_wconf 81' lang='lat' dir='ltr'><strong>navigat,</strong></span> <span class='ocrx_word' id='word_1_275' title='bbox 850 3166 1326 3245; x_wconf 80' lang='lat' dir='ltr'><strong>principumque</strong></span> <span class='ocrx_word' id='word_1_276' title='bbox 1353 3167 1461 3242; x_wconf 92' lang='lat' dir='ltr'><strong>iis,</strong></span> <span class='ocrx_word' id='word_1_277' title='bbox 1506 3167 1614 3244; x_wconf 84' lang='lat' dir='ltr'><strong>qui</strong></span> <span class='ocrx_word' id='word_1_278' title='bbox 1644 3168 1858 3242; x_wconf 80' lang='lat' dir='ltr'><strong>sugere</strong></span> <span class='ocrx_word' id='word_1_279' title='bbox 1888 3171 2069 3240; x_wconf 87' lang='lat' dir='ltr'><strong>capta</strong></span> <span class='ocrx_word' id='word_1_280' title='bbox 2096 3163 2250 3223; x_wconf 87' lang='lat' dir='ltr'><strong>urbe</strong></span> 
     </span>
     <span class='ocr_line' id='line_1_36' title="bbox 278 3250 2248 3325; baseline -0.002 -15"><span class='ocrx_word' id='word_1_281' title='bbox 278 3265 464 3325; x_wconf 78' lang='lat' dir='ltr'><strong>quam</strong></span> <span class='ocrx_word' id='word_1_282' title='bbox 516 3267 591 3310; x_wconf 82' lang='lat' dir='ltr'><strong>so</strong></span> <span class='ocrx_word' id='word_1_283' title='bbox 624 3250 916 3312; x_wconf 84' lang='lat' dir='ltr'><strong>Romanis</strong></span> <span class='ocrx_word' id='word_1_284' title='bbox 956 3251 1203 3312; x_wconf 83' lang='lat' dir='ltr'><strong>tradere</strong></span> <span class='ocrx_word' id='word_1_285' title='bbox 1244 3252 1612 3324; x_wconf 85' lang='lat' dir='ltr'><strong>maluerant,</strong></span> <span class='ocrx_word' id='word_1_286' title='bbox 1663 3265 1904 3312; x_wconf 88' lang='lat' dir='ltr'><strong>summa</strong></span> <span class='ocrx_word' id='word_1_287' title='bbox 1941 3263 2149 3310; x_wconf 86' lang='lat' dir='ltr'><strong>rerum</strong></span> <span class='ocrx_word' id='word_1_288' title='bbox 2191 3257 2248 3307; x_wconf 87' lang='lat' dir='ltr'><strong>et</strong></span> 
     </span>
     <span class='ocr_line' id='line_1_37' title="bbox 279 3331 2244 3410; baseline -0.002 -18"><span class='ocrx_word' id='word_1_289' title='bbox 279 3334 565 3397; x_wconf 84' lang='lat' dir='ltr'><strong>custodia</strong></span> <span class='ocrx_word' id='word_1_290' title='bbox 606 3334 776 3396; x_wconf 87' lang='lat' dir='ltr'><strong>urbis</strong></span> <span class='ocrx_word' id='word_1_291' title='bbox 818 3335 1149 3410; x_wconf 87' lang='lat' dir='ltr'><strong>permissa,</strong></span> <span class='ocrx_word' id='word_1_292' title='bbox 1190 3335 1330 3410; x_wconf 88' lang='lat' dir='ltr'><strong>ipse</strong></span> <span class='ocrx_word' id='word_1_293' title='bbox 1368 3334 1823 3398; x_wconf 82' lang='lat' dir='ltr'><strong>Demetriadem</strong></span> <span class='ocrx_word' id='word_1_294' title='bbox 1865 3333 1942 3394; x_wconf 91' lang='lat' dir='ltr'><strong>ab</strong></span> <span class='ocrx_word' id='word_1_295' title='bbox 1971 3331 2244 3402; x_wconf 83' lang='lat' dir='ltr'><strong>Euboea,</strong></span> 
     </span>
     <span class='ocr_line' id='line_1_38' title="bbox 277 3417 2246 3496; baseline 0.002 -20"><span class='ocrx_word' id='word_1_296' title='bbox 277 3417 443 3479; x_wconf 89' lang='lat' dir='ltr'><strong>unde</strong></span> <span class='ocrx_word' id='word_1_297' title='bbox 490 3418 753 3493; x_wconf 80' lang='lat' dir='ltr'><strong>primum</strong></span> <span class='ocrx_word' id='word_1_298' title='bbox 797 3419 881 3480; x_wconf 77' lang='lat' dir='ltr'><strong>ad</strong></span> <span class='ocrx_word' id='word_1_299' title='bbox 923 3435 1105 3496; x_wconf 88' lang='lat' dir='ltr'><strong>opem</strong></span> <span class='ocrx_word' id='word_1_300' title='bbox 1148 3417 1465 3479; x_wconf 77' lang='lat' dir='ltr'><strong>serendam</strong></span> <span class='ocrx_word' id='word_1_301' title='bbox 1503 3417 1694 3480; x_wconf 88' lang='lat' dir='ltr'><strong>sociis</strong></span> <span class='ocrx_word' id='word_1_302' title='bbox 1741 3417 2056 3494; x_wconf 78' lang='lat' dir='ltr'><strong>profectus</strong></span> <span class='ocrx_word' id='word_1_303' title='bbox 2098 3420 2246 3479; x_wconf 78' lang='lat' dir='ltr'><strong>erat.</strong></span> 
     </span>
     <span class='ocr_line' id='line_1_39' title="bbox 275 3499 2241 3575; baseline -0.003 -15"><span class='ocrx_word' id='word_1_304' title='bbox 275 3499 529 3560; x_wconf 86' lang='lat' dir='ltr'><strong>traiecit.</strong></span> <span class='ocrx_word' id='word_1_305' title='bbox 602 3502 1026 3564; x_wconf 84' lang='lat' dir='ltr'><strong>Cassandreae</strong></span> <span class='ocrx_word' id='word_1_306' title='bbox 1074 3502 1302 3564; x_wconf 89' lang='lat' dir='ltr'><strong>deinde</strong></span> <span class='ocrx_word' id='word_1_307' title='bbox 1351 3508 1592 3564; x_wconf 86' lang='lat' dir='ltr'><strong>centum</strong></span> <span class='ocrx_word' id='word_1_308' title='bbox 1635 3501 1880 3564; x_wconf 87' lang='lat' dir='ltr'><strong>navium</strong></span> <span class='ocrx_word' id='word_1_309' title='bbox 1923 3503 2241 3575; x_wconf 81' lang='lat' dir='ltr'><strong>long-arum</strong></span> 
     </span>
    </p>
   </div>
  </div>
 </body>
</html>
