2550 3959
570 256 800 315 LIBER
826 256 1035 316 xxix.
1084 257 1246 315 cAP.
1277 264 1366 319 27.
1395 266 1482 319 28.
1529 260 1598 335 [a.
1631 264 1694 315 c.
1727 267 1852 332 204]
2065 260 2192 323 309

224 412 439 471 sactus,
498 415 741 469 noctem
783 408 1207 482 insequentem
1238 407 1456 467 eadem
1486 408 1683 483 caligo
1729 409 2013 470 obtinuit=
2058 414 2190 473 sole

223 501 355 555 orto
387 499 483 554 est
510 493 815 567 discussa,
860 498 921 551 et
948 492 1157 551 addita
1186 491 1282 552 vis
1315 498 1518 552 vento.
1579 492 1700 553 iam
1729 499 1950 553 terram
1981 508 2190 556 cerne-

220 578 382 639 bant.
427 576 589 637 haud
619 576 701 635 ita
722 578 907 636 multo
929 582 1073 651 post
1100 575 1474 655 gubernator
1490 575 1761 652 Scipioni
1791 578 1875 637 ait
1902 594 2025 639 non
2049 580 2188 655 plus

222 663 496 739 quinque
517 661 684 721 mil-ia
705 676 1001 737 passuum
1024 660 1296 719 Africam
1319 661 1560 735 abesse,
1593 662 1877 722 Mercurii
1901 679 2187 737 promon-

219 747 443 807 torium
482 761 554 805 se
596 760 877 816 cernere3
924 744 978 805 si
1007 744 1216 805 iubeat
1242 760 1318 803 eo
1349 745 1558 820 dirigi,
1604 746 1724 805 iam
1755 747 1816 805 in
1847 754 2027 822 portu
2057 749 2188 809 fore

142 884 147 887 .
221 846 467 891 omnem
496 831 780 891 classem.
850 828 1091 905 Scipio,
1131 834 1199 887 ut
1227 828 1289 887 in
1318 836 1658 905 conspectu
1685 837 1845 890 terra
1875 831 2004 907 fuit,
2046 849 2185 907 pre·

218 922 392 975 catus
420 914 507 976 uti
532 913 700 975 bono
730 912 818 973 rei
848 913 1131 989 publicae
1162 928 1403 988 suoque
1429 914 1699 974 Africam
1743 915 1992 992 viderit,
2039 917 2188 979 dare

216 1002 359 1060 vela
387 1006 446 1058 et
475 998 656 1059 alium
685 998 849 1057 infra
872 997 1135 1057 navibus
1167 1012 1490 1057 accessum
1518 1005 1728 1074 petere
1757 998 1940 1060 iubet.
1999 1008 2184 1062 vento

216 1084 438 1144 eodem
480 1082 857 1144 ferebanturz
902 1088 1167 1142 ceterum
1218 1080 1440 1141 nebula
1469 1081 1584 1143 sub
1615 1082 1780 1143 idem
1816 1083 2007 1144 ferme
2035 1093 2183 1145 tem·

220 1182 336 1247 pus
371 1182 494 1243 quo
524 1167 723 1245 pridie
752 1172 967 1227 exorta
994 1173 1400 1241 conspectum
1429 1174 1627 1227 terrae
1655 1167 1900 1243 ademit,
1947 1176 2008 1228 et
2038 1186 2180 1229 ven·

217 1260 313 1313 tus
344 1257 657 1329 premente
678 1250 904 1312 nebula
934 1250 1171 1312 cecidit.
1215 1267 1342 1311 nox
1372 1250 1596 1311 deinde
1625 1250 1951 1311 incerti-ora
1981 1256 2185 1313 omnia

214 1336 375 1398 fecit.
438 1336 644 1412 itaque
674 1350 952 1409 ancoraS‚
984 1351 1063 1395 ne
1091 1341 1197 1395 aut
1224 1334 1380 1394 inter
1409 1351 1480 1395 se
1509 1342 1941 1396 concurrerent
1967 1353 2180 1413 naveS,

216 1427 324 1482 aut
362 1426 563 1481 terrae
606 1420 1001 1495 inferrentur,
1045 1419 1265 1479 iecere.
1339 1419 1443 1480 ubi
1485 1420 1707 1495 illuxit,
1752 1426 1974 1481 ventus
2019 1420 2182 1481 idem

214 1511 495 1580 coortuS,
562 1502 787 1564 nebula
837 1503 1095 1564 disiecta
1144 1503 1388 1579 aperuit
1433 1504 1638 1565 omnia
1687 1505 1935 1565 Africae
1985 1505 2180 1567 litora.
2221 1573 2228 1580 ,

213 1588 453 1665 Scipio,
494 1588 665 1666 quod
696 1594 865 1649 ess-et
890 1588 1236 1664 proximum
1266 1590 1778 1665 promontorium,
1825 1596 2178 1665 percuncta-

212 1681 332 1748 ωε,
381 1688 518 1734 curn
544 1672 784 1733 Pulchri
814 1672 1298 1748 promontorium
1325 1672 1390 1732 id
1418 1674 1630 1734 vocari
1659 1674 1966 1749 audisset,
2009 1674 2178 1750 „pla-

214 1766 312 1819 cet
354 1762 573 1818 omen“
615 1756 843 1833 inquit3
888 1757 1050 1830 „huc
1088 1756 1329 1831 dirigite
1370 1762 1625 1817 naves“.
1690 1772 1765 1818 eo
1809 1758 2028 1819 classis
2073 1758 2177 1818 de·

214 1842 417 1918 currit,
457 1842 798 1919 copiaeque
828 1856 1042 1901 omnes
1070 1840 1133 1901 in
1161 1848 1384 1901 terram
1415 1841 1736 1917 expositae
1765 1849 1926 1902 sunt.

380 1926 751 2003 Prosperam
780 1926 1233 2001 navigationem
1262 1926 1397 1985 sine
1437 1933 1672 1986 terrore
1701 1941 1774 1986 ac
1803 1927 2056 1986 tumultu
2088 1928 2176 1986 fu·

213 2013 340 2073 isse
396 2011 713 2088 permultis
778 2010 1027 2071 Graecis
1089 2010 1447 2087 Latinisque
1508 2009 1860 2071 auctoribus
1924 2010 2176 2071 credidi.

214 2096 488 2172 Coelius,
532 2102 957 2173 praeterquam
1002 2096 1171 2171 quod
1212 2111 1338 2156 non
1367 2110 1606 2157 mersas
1635 2084 1922 2157 fluctibus
1963 2112 2176 2171 naveS,

213 2187 453 2242 ceteros
484 2195 697 2241 omnes
728 2180 1027 2240 caelestes
1058 2180 1516 2257 maritimosque
1543 2187 1831 2254 terroreS,
1863 2186 2174 2255 postremo

213 2264 529 2342 abreptam
557 2270 923 2341 tempestate
952 2264 1029 2325 ab
1059 2264 1271 2324 Africa
1299 2264 1563 2324 classem
1592 2264 1673 2323 ad
1702 2264 1965 2325 insulam
1992 2264 2176 2339 Aegi-

213 2366 479 2424 murum,
524 2350 668 2410 inde
700 2363 883 2425 aegre
913 2356 1253 2410 correctum
1285 2364 1531 2408 cursum
1562 2348 1844 2424 exponit,
1892 2354 1953 2407 et
1982 2364 2177 2424 prope

215 2433 447 2495 obrutis
478 2434 741 2496 navibus
770 2434 1012 2496 iniussu
1055 2432 1439 2510 imperatoris
1470 2432 1751 2509 scapbiS,
1795 2432 1962 2491 haud
1991 2447 2174 2492 secus

213 2535 395 2595 quam
436 2519 802 2594 naufragos,
846 2518 1067 2579 milites
1099 2518 1233 2579 sine
1262 2517 1446 2578 armis
1479 2532 1614 2593 cum
1656 2516 1884 2591 ingenti
1921 2517 2176 2577 tumultu

211 2604 269 2663 in
301 2609 520 2663 terram
556 2603 855 2664 evasisse.

376 2686 643 2749 XXVIII.
692 2686 1009 2763 Expositis
1042 2687 1237 2764 copiis
1262 2686 1525 2747 Romani
1557 2692 1760 2746 castra
1788 2680 1847 2743 in
1879 2682 2174 2761 proximis

208 2778 230 2831 t
336 2772 457 2833 ulis
485 2777 803 2832 metantur.
850 2772 968 2832 iam
996 2788 1119 2834 non
1153 2772 1213 2832 in
1231 2771 1566 2831 maritimos
1598 2769 1780 2830 modo
1813 2784 1998 2844 agros
2029 2783 2174 2828 con·

209 2845 325 2932 spe
465 2856 724 2937 primum
769 2856 989 2916 classis
1021 2856 1163 2916 dein
1203 2857 1462 2916 tumultu
1502 2853 1940 2931 egredientium
1967 2851 2028 2912 in
2057 2858 2175 2912 ter·

208 2956 339 3001 ram
368 2932 567 3017 pa‘vor
593 2947 915 3017 terrorque
944 2948 1324 3015 pervenerat,
1369 2940 1485 3001 sed
1513 2940 1573 3000 in
1605 2938 1777 3014 ipsas
1805 2937 2011 2997 urbes.
2069 2952 2174 2996 ne·

210 3039 331 3100 que
375 3025 535 3085 enim
560 3024 873 3084 hominum
903 3024 1091 3085 modo
1122 3024 1327 3100 turba,
1365 3024 1678 3085 mulierum
1722 3036 2176 3100 puerorumque

208 3108 555 3183 agminibus
585 3110 872 3185 immixta,
919 3124 1135 3169 omnes
1168 3109 1402 3184 passim
1435 3108 1849 3185 compleverat
1874 3106 2028 3179 vias,
2061 3104 2175 3165 sed

206 3208 441 3271 pecora
481 3209 730 3269 quoque
761 3209 913 3269 prae
944 3208 1014 3253 se
1044 3199 1320 3269 agrestes
1364 3194 1644 3268 agebant,
1687 3198 1753 3253 ut
1782 3190 2041 3266 relinqui
2073 3205 2173 3249 su-

204 3278 332 3338 bito
361 3276 634 3337 Africam
676 3278 935 3339 diceres.
994 3276 1251 3337 urbibus
1281 3292 1430 3337 vero
1472 3276 1628 3353 ipsis
1657 3276 1948 3335 maiorem
1993 3289 2175 3349 quam

208 3378 393 3439 quem
438 3375 649 3422 secum
698 3365 1020 3424 attulerant
1058 3369 1354 3422 terrorem
1407 3360 1775 3435 inferebant,
1843 3359 2176 3435 praecipue

192 3434 591 3521 *Carthaginis
642 3460 839 3521 prope
886 3452 955 3506 ut
1005 3452 1223 3522 captae
1272 3447 1564 3505 tumultus
1615 3444 1744 3505 fuit.
1840 3458 1982 3503 nam
2033 3448 2176 3519 post

203 3530 284 3590 M.
314 3532 564 3591 Atilium
592 3528 893 3604 Regulum
921 3534 983 3589 et
1007 3529 1075 3589 L.
1105 3528 1394 3589 Manlium
1425 3530 1732 3598 consuleS‚
1773 3527 1948 3587 annis
1981 3540 2176 3603 prope
