2550 3959
346 207 462 270 180
621 207 849 267 LIBER
875 207 1117 267 xxvii.
1164 207 1330 266 cAP.
1369 216 1449 268 15.
1486 216 1566 270 16.
1614 214 1688 282 [a.
1723 213 1787 264 υ.
1821 232 1868 265 0.
1899 215 2024 282 543]

338 381 512 424 suam
544 363 759 425 consul
792 363 1059 438 aliquam
1090 362 1217 421 vim
1246 363 1477 422 faceret
1506 377 1578 420 ac
1611 361 1787 436 signa
1817 363 2082 436 inferret,
2128 381 2318 440 prae-

336 447 558 508 sidium
588 448 667 506 ad
696 463 919 518 arcem,
950 447 1114 506 unde
1142 447 1407 505 maxime
1429 444 1712 506 terribilis
1743 445 2064 508 accidebat
2093 464 2312 527 sonuS,

336 531 611 592 traducit.
676 532 903 592 Fabius
936 545 1072 590 cum
1106 537 1165 590 et
1194 545 1273 590 cx
1303 529 1596 604 temporis
1629 530 1828 604 spatio
1861 536 1922 590 et
1949 547 2027 590 ex
2060 532 2310 594 silentio

334 616 469 692 ipso
488 637 511 690 ,·
552 617 753 691 quod,
797 616 901 675 ubi
936 615 1119 690 paulo
1152 619 1293 673 ante
1323 613 1677 689 strepebant
1707 615 2045 676 excitantes
2076 630 2300 678 vocan-

329 706 549 776 tesque
579 699 659 758 ad
702 715 897 770 arma,
945 699 1086 757 inde
1116 699 1281 758 nulla
1321 696 1643 757 accidebat
1669 714 1823 772 vox,
1869 699 2168 760 deductas
2201 717 2306 762 cu-

330 784 566 844 stodias
612 783 943 854 sensisset,
992 783 1131 841 ferri
1164 784 1368 842 scalas
1400 782 1478 842 ad
1509 797 1644 841 eam
1683 787 1920 856 partem
1949 783 2134 859 muri,
2182 801 2310 860 qua

330 867 699 932 Bruttiorum
728 866 1045 926 eohortem
1076 866 1454 942 praesidium
1499 866 1728 940 agitare
1760 863 2124 940 proditionis
2156 883 2308 928 con-

330 951 566 1010 ciliator
595 951 1005 1021 nuntiaverat,
1056 950 1240 1010 iubet.
1309 966 1384 1008 ea
1414 949 1673 1024 primum
1706 956 1922 1026 captus
1969 957 2064 1010 est
2091 968 2306 1012 murus

328 1034 759 1095 adiuvantibus
790 1033 1351 1110 recipientibusque
1379 1034 1647 1107 BruttiiS,
1695 1040 1754 1093 et
1783 1041 2210 1096 transcensum
2241 1037 2305 1096 in

329 1119 537 1179 urbem
580 1124 693 1178 cst.
764 1118 905 1178 inde
936 1124 995 1179 et
1034 1117 1315 1195 proxima
1357 1117 1620 1177 refracta
1653 1124 1855 1192 porta,
1901 1125 1966 1179 ut
1996 1118 2306 1195 frequenti

328 1203 567 1278 agmine
598 1203 777 1278 signa
804 1202 1185 1262 inferrentur.
1230 1210 1354 1263 tum
1387 1201 1656 1261 clamore
1686 1202 1926 1261 sublato
1953 1201 2069 1262 sub
2101 1209 2307 1266 ortum

327 1287 515 1347 ferme
528 1287 685 1347 lucis
700 1287 867 1346 nulio
890 1286 1073 1346 obvio
1098 1292 1328 1346 armato
1347 1285 1407 1345 in
1425 1286 1620 1346 forum
1638 1285 2028 1360 perveniunt;
2055 1300 2306 1348 omnes-

328 1386 449 1446 que
475 1372 782 1447 undique,
830 1370 934 1446 qui
965 1370 1044 1430 ad
1075 1383 1279 1429 arcem
1311 1377 1677 1444 portumque
1709 1369 2090 1446 pugnabant,
2136 1369 2196 1430 in
2230 1388 2305 1432 se

326 1461 774 1514 converterunt.
832 1455 992 1514 XVI.
1039 1455 1339 1530 proelium
1369 1455 1429 1514 in
1459 1453 1630 1513 aditu
1662 1453 1775 1513 fori
1804 1453 2037 1514 maiore
2065 1453 2305 1530 impetu

328 1549 506 1606 quam
538 1537 999 1613 perseverantia
1025 1538 1426 1599 commissum
1453 1544 1578 1598 est=
1621 1553 1746 1598 non
1777 1537 1999 1614 animo,
2042 1553 2168 1620 non
2201 1555 2303 1599 ar·

323 1621 471 1696 miS,
523 1638 645 1682 non
688 1629 817 1682 arte
858 1621 1032 1696 belii,
1078 1638 1202 1681 non
1234 1623 1449 1698 vigore
1492 1635 1564 1680 ac
1594 1621 1827 1682 viribus
1871 1622 2150 1698 corporis
2183 1639 2306 1698 par

317 1703 600 1766 Romano
628 1706 987 1765 Tarentinus
1037 1712 1184 1767 erat.
1272 1705 1455 1778 igitur
1505 1705 1646 1777 pilis
1696 1713 1928 1762 tantum
1979 1706 2300 1778 coniectiS,

322 1789 492 1866 prius
518 1804 715 1866 paene
748 1805 929 1864 quam
958 1793 1356 1847 consererent
1385 1802 1618 1860 manus,
1648 1791 1821 1860 terga
1851 1785 2167 1862 dederunt,
2199 1789 2299 1847 di-

226 1941 229 1944 ,
321 1872 604 1949 lapsique
635 1888 746 1949 per
775 1878 921 1932 nota
957 1871 1132 1932 urbis
1165 1869 1380 1932 itinera
1409 1869 1470 1929 in
1503 1886 1650 1931 suas
1694 1869 2152 1944 amicorumque
2181 1871 2299 1932 do·

320 1972 477 2017 mos.
523 1958 646 2018 duo
677 1971 755 2016 ex
788 1957 1049 2016 ducibus
1076 1955 1222 2014 Nico
1247 1960 1308 2014 et
1330 1954 1725 2014 Democrates
1757 1954 1990 2015 sortiter
2019 1970 2299 2030 pugnan-

319 2046 413 2100 tes
445 2039 754 2109 cecidere3
798 2036 1200 2112 PhilemenuS‚
1250 2039 1354 2114 qui
1385 2038 1752 2113 proditionis
1784 2037 1865 2098 ad
1892 2037 2296 2100 Hannibalem

321 2131 534 2185 auctor
575 2124 797 2195 fuerat,
845 2137 982 2183 cum
1012 2124 1193 2183 citato
1225 2137 1388 2196 equo
1421 2138 1500 2181 ex
1530 2121 1764 2197 proelio
1807 2127 2060 2182 avectus
2103 2129 2296 2196 esset,

320 2222 556 2268 vacuus
587 2207 769 2284 paulo
795 2213 940 2282 post
965 2222 1161 2282 equus
1192 2221 1408 2267 errans
1441 2221 1552 2280 per
1577 2206 1791 2266 urbem
1823 2206 2122 2281 cognituS,
2156 2221 2298 2266 cor-

320 2308 441 2368 pus
461 2305 793 2367 numquam
817 2291 1131 2351 inventum
1153 2296 1274 2351 est:
1308 2289 1606 2350 creditum
1627 2291 1812 2365 vulgo
1838 2291 2013 2350 estin
2041 2295 2298 2366 puteum

320 2382 594 2452 apertum
621 2392 697 2436 ex
723 2391 884 2450 equo
908 2375 1371 2452 praecipitasse.
1418 2373 1841 2434 Carthalonem
1865 2379 2083 2447 autem,
2109 2390 2298 2450 prae-

320 2459 542 2520 tectum
556 2459 763 2520 Punici
797 2458 1105 2535 praesidii,
1136 2473 1273 2519 cum
1305 2457 1884 2520 commemoratione
1913 2458 2148 2534 paterni
2177 2457 2298 2521 ho-

319 2544 485 2620 spitii
528 2544 745 2620 positis
776 2543 962 2603 armis
991 2543 1337 2602 venientem
1380 2542 1461 2601 ad
1491 2541 1808 2602 consulem
1849 2543 2026 2604 miles
2065 2541 2295 2604 obvius

319 2628 657 2688 obtruncat.
724 2627 823 2686 aiii
866 2627 1021 2687 alios
1063 2627 1299 2702 passim
1341 2625 1475 2686 sine
1504 2625 1856 2686 discrimine
1895 2632 2162 2686 armatos
2196 2625 2296 2688 in-

318 2726 518 2772 ermes
571 2711 861 2782 caedunt,
922 2708 1454 2784 Carthaginienses
1501 2709 1989 2788 Tarentinosque
2037 2709 2292 2786 pariter.

318 2797 531 2857 Bruttii
563 2809 812 2871 quoque
841 2795 1008 2854 multi
1038 2794 1366 2869 interfecti,
1409 2801 1522 2855 seu
1551 2810 1664 2870 per
1694 2809 1993 2870 errorem,
2038 2811 2154 2855 seu
2179 2811 2298 2856 ve-

319 2886 448 2938 tere
485 2879 549 2939 in
578 2894 690 2939 eos
720 2878 901 2938 insito
946 2877 1119 2951 odio,
1162 2893 1276 2937 seu
1306 2877 1386 2936 ad
1429 2877 1794 2953 proditionis
1839 2878 2089 2953 ramam,
2129 2885 2198 2940 ut
2226 2881 2295 2940 vi

318 2961 522 3038 potius
564 2967 749 3036 atque
790 2961 973 3020 armis
1018 2967 1263 3037 captum
1292 2961 1613 3023 Tarentum
1659 2961 1999 3038 videretur,
2058 2962 2294 3024 exstin-

316 3045 641 3120 guendam.
706 3050 831 3106 tum
862 3061 899 3104 a
928 3045 1119 3105 caede
1143 3045 1222 3104 ad
1246 3045 1653 3121 diripiendam
1679 3044 1893 3106 urbem
1918 3047 2293 3107 discursum.

316 3127 478 3190 milia
500 3129 743 3205 triginta
768 3129 1077 3189 servilium
1108 3129 1373 3204 capitum
1404 3129 1687 3190 dicuntur
1713 3131 1894 3208 eapti,
1926 3131 2159 3206 argenti
2189 3131 2294 3192 vis

317 3211 718 3288 ingens-facti
758 3211 1133 3289 signatique,
1181 3213 1311 3272 auri
1355 3215 1664 3288 octoginta
1705 3213 1820 3273 tria
1847 3214 2011 3275 milia
2055 3213 2294 3292 ponde,

316 3295 495 3370 signa
522 3304 583 3357 et
605 3295 863 3372 tabulae,
898 3312 1093 3372 prope
1114 3302 1181 3357 ut
1204 3295 1654 3374 Syracusarum
1679 3306 2036 3359 ornamenta
2057 3314 2298 3374 aequa-

317 3379 531 3439 verint.
596 3380 711 3442 sed
740 3381 971 3442 maiore
1012 3380 1213 3441 animo
1260 3382 1504 3456 generis
1546 3380 1680 3442 eius
1724 3383 1957 3458 praeda
1997 3383 2294 3446 abstinuit

318 3461 541 3523 Fabius
568 3479 749 3538 quam
764 3463 1119 3536 Marcellus;
1152 3463 1254 3540 qui
1279 3464 1670 3541 interroganti
1695 3466 1952 3541 scribae,
1981 3466 2127 3544 quid
2155 3466 2293 3532 fleri
