2550 3959
352 228 475 295 196
628 227 857 288 LIBER
884 227 1125 288 XXVII.
1172 225 1336 287 CAP.
1365 233 1454 289 29.
1481 233 1571 288 30.
1616 226 1690 303 [a.
1719 231 1788 287 U.
1821 250 1868 286 c.
1899 232 2023 300 544]

341 379 613 442 consulis
642 384 703 438 et
734 387 957 438 metum
988 377 1066 436 de
1096 378 1290 439 altero
1320 375 1611 437 fecerunt.
1652 376 1859 454 itaque
1888 385 1950 438 et
1970 375 2317 452 Q.Fabium

340 464 527 526 filium
560 462 641 524 ad
686 462 1019 522 exercitum
1047 460 1384 521 Venusiam
1413 460 1740 532 miserum
1787 467 1848 520 et
1875 462 1955 521 ad
1986 463 2315 525 consulem

338 554 460 608 tres
499 545 683 626 legati
724 545 925 619 missi,
980 543 1147 604 Sext.
1193 544 1379 604 Iulius
1423 542 1652 604 Caesar
1687 544 1755 604 L.
1797 544 2065 606 Licinius
2109 545 2312 608 Pollio

335 633 400 692 L.
432 630 673 692 Cincius
706 629 1079 704 AlimentuS,
1125 641 1263 689 cum
1294 627 1507 705 paucis
1550 633 1689 688 ante
1718 627 1940 689 diebus
1985 645 2062 689 ex
2094 627 2312 692 Sicilia

334 715 619 776 redisset.
682 713 745 774 hi
776 713 1054 772 nuntiare
1084 711 1325 773 consuli
1353 710 1538 787 iussi,
1586 718 1667 788 ut,
1712 712 1767 773 si
1810 712 1891 772 ad
1921 713 2166 774 comitia
2197 729 2310 774 ve-

336 798 466 859 nire
492 799 751 860 Romam
779 811 903 856 non
931 802 1179 872 posset,
1226 796 1586 858 dictatorem
1623 796 1685 855 in
1725 811 1871 872 agro
1901 796 2179 858 Romano
2209 797 2310 858 di·

336 889 502 943 ceret
542 879 921 942 comitiorum
976 895 1183 941 eausa.
1266 880 1320 940 si
1366 880 1582 940 consul
1622 877 1946 941 Tarentum
1986 881 2308 959 profectus

333 970 530 1040 esset,
577 964 644 1039 Q.
672 962 1005 1024 Claudium
1044 970 1394 1040 praetorem
1430 965 1679 1040 placere
1717 963 1780 1024 in
1819 979 1956 1024 eam
1988 965 2308 1040 regionem

334 1048 478 1109 inde
507 1047 816 1108 abducere
843 1047 1149 1122 legiones,
1195 1050 1255 1108 in
1290 1064 1414 1162 qua
1440 1046 1736 1123 plurimas
1767 1049 2076 1108 sociorum
2113 1047 2306 1109 urbes

335 1133 489 1194 tueri
521 1137 753 1207 posset.

500 1216 733 1276 Eadem
774 1222 1007 1276 aestate
1046 1215 1127 1274 M.
1170 1215 1458 1276 Valerius
1502 1229 1640 1276 cum
1681 1217 1883 1276 classe
1911 1223 2150 1276 centum
2191 1232 2305 1276 na·

334 1299 501 1360 vium
531 1314 610 1359 ex
641 1299 893 1361 Sicilia
879 1316 938 1358 m
966 1299 1237 1360 Africam
1266 1298 1540 1374 tramisit,
1572 1304 1633 1359 et
1658 1298 1738 1359 ad
1768 1299 2058 1375 Clupeam
2085 1298 2308 1362 urbem

334 1383 698 1445 escensione
726 1384 887 1443 sacta
916 1399 1127 1458 agrum
1153 1371 1275 1443 late
1297 1383 1464 1443 nullo
1495 1383 1685 1444 ferme
1717 1381 1900 1444 obvio
1931 1390 2162 1444 armato
2189 1401 2305 1445 va-

334 1467 531 1528 stavit.
598 1467 741 1527 inde
784 1466 862 1525 ad
906 1482 1097 1526 naves
1138 1466 1361 1542 raptim
1403 1466 1804 1542 praedatores
1845 1467 2108 1543 recepti,
2153 1467 2306 1543 quia

332 1555 584 1627 repente
625 1549 788 1610 sama
829 1549 1052 1610 accidit
1083 1550 1350 1609 classem
1377 1549 1669 1610 Punicam
1711 1550 2061 1614 adventare.
2129 1558 2304 1612 octo-

331 1634 499 1710 ginta
536 1639 707 1694 erant
753 1640 813 1694 et
851 1638 977 1693 tres
1018 1649 1229 1694 naves.
1297 1648 1437 1695 cum
1477 1633 1574 1694 his
1615 1633 1782 1694 haud
1821 1635 2038 1710 procul
2068 1634 2304 1711 Clupea

332 1733 634 1794 prospere
656 1722 888 1793 pugnat
908 1717 1243 1778 Romanus.
1290 1716 1504 1776 decem
1535 1724 1596 1777 et
1621 1722 1762 1777 octo
1787 1717 2048 1778 navibus
2073 1719 2298 1796 captiS,

332 1801 551 1877 rugatis
581 1800 715 1861 aliis
733 1844 748 1873 ‚
795 1815 935 1859 cum
963 1814 1184 1875 magna
1213 1799 1484 1860 terrestri
1513 1799 1842 1876 navalique
1868 1801 2102 1876 praeda
2129 1801 2300 1880 Lily-

314 1883 552 1948 baeum
579 1883 777 1944 rediit.

500 1966 729 2028 Eadem
772 1971 1005 2026 aestate
1045 1971 1105 2026 et
1146 1964 1466 2041 Philippus
1515 1965 1980 2042 implorantibus
2025 1967 2301 2030 Achaeis

338 2051 624 2112 auxilium
651 2051 801 2126 tulit,
849 2065 1009 2125 quos
1040 2056 1101 2110 et
1128 2048 1529 2109 Machanidas
1558 2056 1854 2126 tyrannus
1880 2050 2301 2112 Lacedaemo-

331 2133 569 2195 niorum
595 2133 847 2194 finitimo
876 2133 1037 2194 bello
1068 2133 1301 2208 urebat,
1332 2139 1392 2193 et
1418 2132 1622 2194 Aetoli
1652 2134 1914 2195 navibus
1942 2150 2055 2211 per
2076 2135 2302 2197 &etum

339 2216 509 2295 quod
548 2217 927 2294 Naupactum
970 2224 1030 2276 et
1070 2217 1282 2277 Patras
1323 2213 1616 2277 interfluit
1670 2251 1756 2264 --
1811 2217 2014 2279 Rhion
2055 2216 2302 2280 incolae

332 2308 554 2362 vocant
573 2333 659 2344 ——
680 2301 953 2362 exercitu
973 2300 1225 2362 traiecto
1250 2299 1609 2377 depopulati
1631 2306 1820 2361 erant.
1849 2301 2115 2363 Attalum
2140 2318 2298 2379 quo·

335 2401 454 2463 que
480 2401 692 2462 regem
720 2384 926 2458 Asiae,
962 2384 1107 2462 quia
1131 2385 1337 2445 Aetoli
1367 2400 1668 2445 summum
1697 2385 1894 2459 gentis
1925 2401 2076 2446 suae
2105 2386 2300 2461 magi-

331 2478 582 2531 stratum
609 2471 689 2530 ad
719 2484 858 2529 eum
878 2468 1161 2545 proximo
1194 2468 1454 2529 concilio
1487 2468 1848 2540 detulerunt,
1882 2468 2044 2529 fama
2073 2475 2204 2529 erat
2231 2469 2299 2530 in

330 2553 642 2630 Europam
684 2553 1091 2613 traiecturum.
1178 2551 1359 2610 XXX.
1406 2551 1486 2611 ob
1515 2552 1671 2612 haec
1701 2551 1984 2630 Philippo
2013 2553 2076 2612 in
2103 2552 2296 2614 Grae-

332 2635 490 2696 ciam
519 2633 919 2696 descendenti
949 2635 1029 2694 ad
1058 2635 1326 2694 Lamiam
1354 2633 1567 2695 urbem
1595 2636 1797 2695 Aetoli
1828 2636 1986 2696 duce
2013 2635 2293 2712 Pyrrhia,

331 2719 433 2794 qui
455 2725 703 2797 praetor
722 2718 785 2778 in
808 2734 945 2778 eum
968 2734 1191 2778 annum
1214 2733 1352 2777 eum
1374 2717 1629 2781 absente
1650 2719 1851 2780 Attalo
1877 2726 2117 2780 creatus
2141 2727 2294 2796 erat,

330 2808 743 2864 occurrerunt.
788 2801 1097 2862 habebant
1123 2808 1183 2860 et
1212 2800 1288 2860 ab
1309 2801 1515 2874 Attalo
1547 2801 1773 2862 auxilia
1803 2817 2012 2864 secum
2043 2810 2104 2864 et
2129 2803 2297 2864 mille

330 2887 520 2948 ferme
549 2902 627 2946 ex
656 2886 931 2946 Romana
962 2885 1165 2944 classe
1207 2899 1244 2944 a
1269 2883 1333 2942 P.
1365 2884 1637 2961 Sulpicio
1679 2885 1926 2947 missos.
1991 2888 2295 2948 adversus

330 2968 493 3029 hunc
544 2968 763 3029 ducem
814 2975 998 3044 atque
1047 2967 1163 3029 has
1216 2967 1431 3044 copias
1471 2968 1786 3045 Philippus
1833 2969 1930 3030 bis
1988 2985 2295 3047 prospero

327 3058 554 3112 eventu
582 3052 909 3127 pugnavit;
948 3052 1113 3112 mille
1140 3052 1472 3113 admodum
1503 3052 1772 3115 hostium
1800 3061 2060 3130 utraque
2083 3069 2295 3132 pugna

330 3134 570 3196 occidit.
646 3133 789 3195 inde
838 3151 973 3196 cum
1017 3135 1218 3198 Aetoli
1271 3144 1437 3198 metu
1485 3137 1786 3212 compulsi
1827 3138 2071 3198 Lamiae
2121 3136 2294 3200 urbis

329 3219 651 3280 moenibus
692 3225 966 3280 tenerent
996 3237 1167 3295 sese,
1205 3220 1522 3298 Philippus
1553 3222 1630 3281 ad
1659 3220 1933 3281 Phalara·
1957 3221 2295 3284 exercitum

332 3301 519 3363 duxit.
587 3303 648 3363 in
676 3303 939 3365 Maliaco
971 3306 1111 3366 sinu
1139 3305 1191 3365 is
1222 3307 1398 3366 locus
1431 3310 1555 3381 est,
1603 3305 1914 3380 quondam
1945 3306 2297 3382 {requenter

328 3384 632 3448 habitatus
662 3396 914 3465 propter
948 3390 1259 3464 egregium
1290 3396 1534 3465 portum
1563 3395 1852 3464 tutasque
1881 3391 2044 3451 circa
2081 3391 2295 3452 statio·

332 3485 441 3530 nes
472 3476 531 3530 et
552 3472 731 3532 aliam
762 3471 1273 3548 opportunitatem
1297 3472 1654 3535 maritimam
1678 3479 2169 3550 terrestremque.
2214 3491 2296 3538 eo
