2550 3959
652 209 880 270 LIBER
908 210 1117 269 XXIX.
1164 210 1328 270 CAP.
1360 218 1442 273 17.
1489 217 1561 284 [a.
1589 215 1652 268 C.
1673 217 1800 283 204]
2083 208 2201 273 297

248 369 495 439 agatur3
540 360 821 436 alterius,
864 360 1031 435 quod
1047 407 1063 435 ‚
1102 362 1586 437 qualescumque
1616 376 1829 421 sumus
1845 406 1861 436 ,
1903 371 2097 422 tanoen
2131 380 2205 423 ea

249 464 403 523 quae
426 447 597 522 passi
619 459 819 505 smnus
847 444 971 520 pati
998 460 1122 505 non
1154 444 1495 506 debuimus.
1563 460 1687 509 non
1717 460 2052 521 possumus
2082 446 2202 505 dis—

252 530 554 601 simulare,
587 533 791 603 patres
818 528 1167 603 conscripti,
1196 541 1332 603 nos,
1363 544 1498 589 cum
1523 527 1894 604 praesidium
1916 528 2204 589 Punicum

252 614 310 673 in
354 626 497 673 arce
538 617 748 673 nostra
784 610 1181 685 haberemus,
1230 614 1419 673 multa
1459 613 1642 673 foeda
1681 618 1743 672 et
1781 612 2030 687 indigna
2069 619 2129 672 et
2171 630 2206 673 a

249 697 561 773 praefecto
620 695 913 771 praesidii
962 694 1302 755 Hamilcare
1357 702 1420 756 et
1469 696 1546 756 ab
1595 695 1871 756 Numidis
1909 695 2204 772 Afrisque

251 794 477 856 passos
518 792 693 839 esse=
740 778 849 839 sed
897 778 1045 854 quid
1076 778 1187 859 illa
1210 784 1358 838 sunt
1385 780 1606 840 collata
1637 795 1772 839 cum
1799 778 1876 839 iis
1909 794 2068 855 quae
2095 779 2202 840 ho-

250 864 351 923 die
389 862 679 939 patimur!
722 877 861 923 cum
900 860 1305 936 bonave-nia,
1351 878 1618 939 quaeso,
1661 862 1955 937 audiatis,
2000 870 2207 938 patres

248 946 597 1021 conscripti,
628 946 693 1007 id
722 946 892 1022 quod
920 944 1144 1005 invitus
1176 944 1404 1005 dicetne
1449 945 1509 1004 in
1541 945 1892 1007 discrimine
1921 954 2018 1007 est
2045 962 2206 1008 nunc

249 1030 577 1091 humanum
626 1044 807 1091 omne
854 1043 1081 1104 genua,
1131 1035 1334 1089 utrum
1380 1044 1498 1090 vos
1536 1045 1616 1089 an
1668 1028 2206 1105 Carthaginienses

248 1113 559 1189 principes
589 1120 886 1174 terrarum
914 1113 1137 1173 videat.
1192 1113 1245 1171 si
1276 1128 1355 1172 ex
1383 1111 1490 1185 tis,
1537 1128 1704 1188 quae
1730 1114 2075 1175 Locrenses
2106 1121 2208 1175 aut

248 1197 325 1258 ab
376 1198 494 1259 iliis
542 1197 714 1272 passi
766 1212 981 1257 sumus
1032 1202 1137 1256 aut
1175 1211 1212 1255 a
1252 1204 1460 1257 vestro
1512 1197 1822 1271 praesidio
1865 1212 2029 1257 nunc
2071 1213 2198 1259 cum

246 1282 509 1346 maxime
538 1278 1288 1355 patimur,aestimandum
1311 1280 1652 1340 Romanum
1683 1295 1756 1339 ac
1777 1280 2070 1341 Punicum
2099 1281 2204 1339 im-

248 1364 481 1441 perium
512 1364 619 1438 sit,
664 1379 844 1425 nemo
884 1380 1008 1425 non
1036 1364 1177 1423 illos
1204 1363 1326 1423 sibi
1359 1380 1541 1439 quam
1567 1380 1683 1424 vos
1715 1363 1998 1425 dominos
2029 1380 2190 1439 prae

250 1455 437 1523 optet.
494 1454 554 1509 et
580 1454 783 1507 temen
820 1448 1055 1522 videte,
1100 1458 1282 1521 quem
1311 1448 1395 1507 ad
1422 1448 1673 1509 modurn
1703 1448 1764 1507 in
1794 1464 1908 1509 vos
1937 1448 2202 1509 Locren·

246 1546 353 1592 ses
394 1531 638 1592 animati
681 1531 819 1592 sint.
890 1547 1029 1592 cum
1056 1544 1095 1590 a
1122 1529 1722 1607 Carthaginiensibus
1759 1530 2011 1593 iniurias
2041 1538 2204 1592 tanto

245 1614 515 1677 minores
556 1616 1011 1691 εοοίροτετηιιε,
1052 1614 1136 1673 ad
1162 1620 1436 1675 vestrum
1465 1617 1896 1692 imperatorem
1929 1615 2203 1689 confugi·

244 1714 413 1761 mus=
459 1714 597 1760 cum
620 1715 658 1759 a
678 1706 885 1760 vestro
916 1698 1227 1773 praesidio
1249 1699 1394 1773 plus
1413 1716 1594 1773 quam
1618 1698 1866 1759 hostilia
1889 1699 2207 1774 patiamur,

246 1796 551 1859 nusquam
578 1782 700 1844 alio
734 1798 923 1858 quam
950 1782 1032 1843 ad
1057 1796 1173 1843 vos
1207 1782 1514 1857 querellas
1545 1782 1894 1843 detulimus.
1955 1788 2061 1843 aut
2088 1798 2202 1843 vos

242 1864 588 1942 respicietis
622 1866 895 1941 perditas
930 1878 1033 1927 res
1064 1870 1334 1942 nostraS,
1377 1872 1585 1942 patres
1613 1864 1965 1941 conscripti,
1997 1870 2103 1926 aut
2130 1881 2208 1925 ne

244 1952 325 2011 ab
364 1950 483 2010 diis
526 1950 771 2025 quidem
812 1949 1255 2010 immortalibus
1299 1949 1470 2025 quod
1509 1964 1834 2025 precemur
1877 1949 2203 2026 quicquam

244 2041 552 2110 superest.
622 2033 691 2107 Q.
722 2032 1049 2094 Pleminius
1078 2034 1317 2109 legatus
1347 2032 1574 2095 missus
1605 2041 1701 2095 est
1728 2050 1865 2094 curn
1894 2033 2204 2109 praesidio

244 2120 323 2179 ad
350 2118 743 2194 recipiendos
774 2134 813 2177 a
836 2116 1438 2191 Carthaginiensibus
1456 2118 1710 2191 LocrOS,
1741 2124 1804 2177 et
1825 2133 1963 2178 cum
1987 2118 2204 2177 eodem

242 2202 325 2261 ibi
375 2201 627 2261 relictus
676 2209 771 2262 est
810 2201 1145 2277 praesidio.
1214 2200 1275 2260 in
1320 2201 1440 2261 hoc
1480 2203 1682 2277 legato
1722 2206 1932 2261 vestro
1961 2234 2036 2245 —
2063 2201 2206 2260 dant

242 2285 403 2347 enim
444 2286 709 2345 animum
750 2286 829 2345 ad
871 2284 1249 2361 loquendum
1288 2283 1480 2347 libere
1520 2284 1768 2344 ultimae
1808 2282 2094 2345 miseriae
2129 2318 2198 2327 —

188 2430 193 2435 .
241 2382 355 2429 nec
383 2368 647 2429 hominis
672 2368 1001 2445 quicquam
1024 2373 1135 2441 est,
1170 2374 1376 2443 patres
1400 2367 1755 2443 conscripti,
1785 2372 2029 2443 praeter
2051 2366 2203 2441 figu-

238 2466 370 2513 ram
420 2460 483 2513 et
530 2452 833 2527 speciem,
891 2467 1096 2527 neque
1135 2450 1394 2511 Romani
1445 2450 1597 2511 civis
1647 2456 1892 2526 praeter
1937 2448 2204 2509 habitum

240 2536 652 2611 vestitumque
692 2542 755 2596 et
792 2552 1014 2597 sonum
1054 2535 1308 2595 Latinae
1349 2534 1620 2609 linguam
1677 2532 1870 2611 pestis
1912 2547 1986 2593 ac
2024 2530 2205 2593 belua

258 2618 551 2693 inmanis,
598 2621 813 2695 quales
844 2621 1059 2680 {retum
1093 2619 1436 2695 quondam,
1479 2632 1606 2693 quo
1639 2617 1716 2677 ab
1747 2616 1956 2677 Sicilia
1987 2614 2203 2676 dividi·

240 2718 406 2776 mur,
457 2703 536 2763 ad
591 2703 922 2779 perniciem
972 2702 1384 2778 navigantium
1435 2700 1912 2763 circumsedisse
1959 2698 2206 2760 rabulae

242 2788 457 2847 rerunt.
532 2802 605 2847 ae
634 2786 687 2846 si
716 2787 923 2847 scelus
954 2786 1394 2861 libidinemque
1423 2791 1485 2845 et
1506 2784 1828 2845 avaritiam
1858 2785 2031 2845 solus
2067 2783 2202 2859 ipse

236 2884 535 2931 exercere
574 2870 637 2930 in
680 2871 889 2931 socios
929 2877 1173 2931 vestros
1218 2870 1370 2931 satis
1400 2868 1684 2943 haberet,
1727 2882 1911 2927 unam
1953 2867 2204 2941 prosun-

238 2954 380 3014 ‹lam
426 2954 671 3029 quidem
716 2952 1073 3028 voraginem
1114 2961 1316 3015 tamen
1361 2952 1649 3029 patientia
1683 2958 1896 3013 nostra
1925 2951 2203 3025 explere-

239 3050 407 3096 mus=
452 3052 615 3098 nunc
644 3054 859 3099 omnes
888 3037 1277 3099 centuriones
1300 3037 1650 3113 militesque
1670 3042 1916 3097 vestros
1937 3066 2024 3079 —
2045 3035 2202 3095 adeo

244 3120 298 3177 in
331 3120 683 3193 promiscuo
712 3122 1015 3182 licentiam
1044 3127 1231 3197 atque
1258 3120 1705 3197 improbitatem
1733 3134 1878 3180 esse
1906 3117 2101 3179 voluit
2121 3148 2202 3163 —·-

241 3202 568 3264 Pleminios
600 3204 771 3277 fecit3
816 3218 1029 3267 omnes
1058 3204 1325 3281 rapiunt,
1369 3204 1654 3281 spoliant,
1694 3204 2038 3273 verberant,
2071 3201 2202 3261 vul·

240 3288 479 3359 nerant,
522 3286 842 3364 occidunt,
889 3295 1291 3364 constuprant
1316 3294 1659 3363 matronas,
1699 3286 2002 3361 virgineS,
2035 3284 2202 3359 inge-

242 3385 399 3431 nuos
450 3376 665 3451 raptos
718 3389 795 3433 ex
838 3374 1167 3449 complexu
1206 3372 1582 3447 parentium3
1646 3370 1920 3447 quotidie
1963 3368 2201 3444 capitur

242 3453 387 3543 urbs
436 3462 679 3530 nostra,
733 3456 1005 3532 quotidie
1050 3455 1364 3531 diripitur;
1437 3454 1570 3515 dies
1613 3460 1954 3529 noctesque
1998 3450 2196 3513 omnia
