2550 3959
360 240 485 303 280
724 242 951 305 LIBER
986 242 1190 303 XXIX.
1236 242 1403 303 cAP.
1437 254 1488 304 1.
1537 250 1609 317 [a.
1643 250 1711 303 U.
1745 266 1792 303 c.
1821 248 1950 317 54⁷]

356 392 651 469 spiceret‚
694 391 1089 467 plurimorum
1118 391 1196 453 sti
1281 392 1564 454 ndiorum
1607 408 1685 453 ex
1715 394 1792 455 iis
1826 394 2045 456 milites
2077 395 2323 473 delegit,

356 476 616 535 maxime
660 476 765 550 qui
805 473 923 536 sub
968 476 1125 534 duce
1228 475 1457 537 arcello
1499 476 1934 550 militaverant,
1981 494 2138 555 quos
2184 496 2323 542 cum

354 560 583 637 optima
610 558 939 635 disciplina
964 560 1272 621 institutos
1305 558 1624 638 credebat,
1663 567 1786 623 tum
1817 562 1998 623 etiam
2026 564 2104 623 ab
2136 565 2321 641 longa

351 644 799 722 Syracusarum
838 642 1164 703 obsidione
1205 644 1612 719 peritissimos
1655 660 1800 705 esse
1839 647 2078 707 urbium
2121 664 2317 725 oppu-

350 728 760 805 gnandarum·
803 726 951 786 nihil
993 728 1151 789 enim
1193 740 1453 803 parvum
1495 730 1610 789 sed
1639 727 2018 805 carthag-inis
2059 734 2180 792 iam
2210 749 2318 793 ex

352 812 513 873 cidia
540 810 811 887 agitabat
838 810 1060 871 animo.
1125 811 1273 871 inde
1315 812 1649 875 exercitum
1674 826 1790 890 per
1816 812 2049 891 oppida
2079 815 2316 892 disper-

347 898 447 968 tit3
510 896 875 957 frumentum
918 894 1265 956 Siculorum
1305 896 1658 958 civitatibus-
1695 898 1980 974 imperat,
2025 914 2105 959 ex
2145 899 2317 959 Italia

350 982 614 1041 advecto
657 980 882 1056 parcit,
926 986 1168 1041 veteres
1211 994 1408 1041 naves
1436 980 1658 1057 reficit,
1696 988 1756 1041 et
1781 996 1921 1043 cum
1962 981 2036 1042 iis
2070 982 2132 1041 C.
2161 983 2290 1043 Lae

348 1065 490 1125 lium
537 1064 597 1124 in
636 1064 909 1124 Africam
950 1064 1313 1140 praedatum
1353 1064 1563 1135 mittit·
1611 1079 1810 1127 novas
1851 1065 2134 1127 Panormi
2171 1066 2314 1127 sub·

345 1148 541 1223 ducit,
588 1149 735 1223 quia
774 1162 854 1208 ex
892 1148 1074 1208 viridi
1114 1148 1372 1209 materia
1406 1150 1627 1225 raptim
1663 1150 1862 1209 factae
1901 1157 2106 1225 erant,
2143 1158 2211 1211 ut
2253 1151 2316 1209 in

344 1233 512 1293 sicco
544 1231 953 1293 hibernarent·

514 1316 897 1391 Praeparatis
938 1315 1221 1377 omnibus
1251 1318 1334 1377 ad
1359 1315 1616 1393 bellum,
1663 1316 2010 1396 Syracusas
2041 1317 2312 1377 nondum

344 1415 424 1459 ex
468 1400 704 1475 magnis
746 1400 891 1460 belli
929 1400 1195 1463 motibus
1236 1400 1390 1462 satis
1431 1400 1796 1477 tranquillas
1834 1402 2018 1461 venit.
2095 1400 2312 1461 Graeci

344 1498 445 1543 res
476 1498 514 1543 a
544 1483 914 1557 quibusdam
942 1483 1133 1545 Italici
1160 1484 1426 1560 generis„
1459 1484 1676 1545 eadem
1703 1486 1766 1545 vi
1797 1500 1918 1561 qua
1948 1500 2059 1561 per
2085 1484 2312 1545 bellum

346 1574 640 1642 ceperant
679 1566 1080 1628 retinentibus
1099 1612 1115 1640 ‚
1158 1582 1500 1629 concessas
1541 1568 1658 1630 sibi
1701 1568 1791 1629 ab·
1809 1576 2026 1629 senatu
2067 1575 2308 1643 repete-

346 1651 507 1711 bant.
576 1650 844 1719 omnium
884 1652 1146 1728 primum
1172 1660 1344 1713 ratus
1385 1652 1540 1713 tueri
1577 1652 1882 1729 publicam
1911 1652 2129 1727 fidem,
2173 1668 2307 1728 par—

344 1736 447 1794 tim
477 1735 678 1796 edicto
712 1736 929 1811 partim
972 1736 1215 1797 iudiciis
1246 1737 1428 1799 etiam
1455 1736 1518 1797 in
1548 1735 1890 1813 pertinaces
1921 1736 2000 1795 ad
2032 1735 2308 1797 obtinen-

342 1820 483 1879 dam
514 1820 793 1880 iniuriam
821 1819 1077 1880 redditis
1109 1836 1255 1881 suas
1285 1836 1390 1880 res
1422 1819 1831 1897 Syracusanis
1859 1820 2140 1880 restituit.
2183 1836 2308 1880 non

342 1904 499 1980 ipsis
543 1908 773 1964 tantum
815 1916 892 1963 ea
930 1918 1062 1979 res,
1108 1905 1224 1965 sed
1266 1903 1552 1966 omnibus
1582 1902 1828 1967 Siciliae
1859 1904 2104 1980 populis
2135 1912 2306 1980 grata

344 1988 470 2062 fult,
514 1999 720 2062 eoque
746 1986 985 2046 enixius
1014 1989 1095 2048 ad
1121 1988 1349 2049 bellum
1378 1987 1758 2056 adiuverunt.

506 2070 739 2129 Eadem
794 2076 1025 2130 aestate
1064 2072 1126 2131 in
1162 2072 1464 2147 Hispania
1505 2079 1778 2137 coortum
1822 2072 2038 2147 ingens
2081 2072 2306 2133 bellum

340 2154 657 2215 conciente
684 2151 971 2226 Indebili,
1015 2156 1181 2215 nulla
1206 2155 1330 2215 alia
1355 2154 1436 2215 de
1463 2170 1653 2216 causa
1680 2172 1866 2230 quam
1892 2172 2005 2233 per
2044 2155 2306 2216 admira-

340 2238 567 2297 tionem
607 2236 915 2313 Scipionis
958 2244 1314 2316 contemptu
1358 2239 1788 2316 imperatorum
1836 2240 2093 2301 aliorum
2147 2248 2304 2301 orto.

340 2336 477 2381 eum
501 2332 835 2399 superesse
864 2332 1047 2383 unum
1070 2322 1595 2384 duoemRomanis
1627 2323 1844 2385 ceteris
1875 2324 1951 2384 ab
1963 2320 2304 2385 Hannibale

338 2406 667 2467 interfectis
694 2404 969 2466 rebatnr=
1015 2419 1093 2468 co
1120 2422 1238 2467 nec
1266 2408 1334 2468 ln
1358 2407 1659 2483 Hispania
1686 2408 1886 2468 caesis
1903 2407 2302 2484 Scipionibus

338 2492 522 2552 alium
552 2502 734 2567 quem
762 2489 1063 2552 mitterent
1087 2490 1400 2565 habuisse,
1431 2498 1492 2551 et
1518 2498 1847 2567 postquam
1873 2492 1935 2553 in
1965 2492 2138 2553 Italia
2165 2508 2290 2567 gra-

336 2574 476 2635 vius
520 2575 747 2637 bellum
787 2581 1061 2651 urgeret,
1104 2576 1410 2636 adversus
1437 2572 1838 2635 Hannibalem
1869 2591 2009 2636 eum
2039 2575 2300 2635 arcessi·

337 2664 478 2719 tum.
544 2665 971 2735 praeterquam
1002 2660 1172 2735 qnod
1198 2658 1450 2721 nomina
1476 2665 1708 2720 tantum
1737 2659 1959 2721 ducum
1988 2659 2050 2719 in
2076 2660 2298 2734 Hispa-

335 2742 438 2801 nia
477 2741 735 2803 Romani
782 2741 1105 2818 haberent,
1160 2742 1494 2804 exercitum
1548 2758 1796 2819 quoque
1844 2743 1988 2803 inde
2027 2751 2300 2803 veterem

335 2826 692 2888 deductumz
738 2828 977 2903 trepida
1016 2828 1221 2889 omnia
1246 2834 1316 2889 ut
1351 2827 1725 2887 inconditam
1755 2826 1993 2888 turbam
2035 2826 2300 2887 tironum

334 2925 496 2971 esse.
560 2920 889 2985 numquam
928 2910 1111 2971 talem
1153 2912 1544 2971 occasionem
1585 2910 1937 2971 liberandae
1964 2908 2298 2987 Hispaniae

334 2994 487 3053 fore.
570 2994 861 3055 servitum
903 2994 983 3054 ad
1024 3006 1158 3055 eam
1202 2995 1362 3055 diem
1405 3002 1510 3056 aut
1552 2994 2152 3069 Carthaginiensibus
2195 3002 2298 3054 aut

331 3076 643 3151 Romania,
674 3090 790 3137 nec
818 3078 881 3137 in
903 3078 1102 3139 vicem
1120 3078 1220 3140 his
1248 3086 1355 3140 aut
1380 3078 1518 3152 illis,
1551 3080 1666 3139 sed
1693 3079 1993 3139 interdum
2021 3078 2298 3153 utrisque

334 3160 530 3221 simul.
596 3163 811 3239 pulsos
840 3161 917 3222 ab
945 3162 1241 3224 Romanis
1272 3163 1837 3240 Carthaginienses.
1822 3185 1836 3199 ·
1876 3162 1954 3222 ab
1981 3162 2296 3238 Hispanis,

334 3244 389 3303 si
418 3246 849 3323 consentirent,
881 3248 1026 3324 pelli
1048 3249 1364 3310 Romanos
1396 3262 1604 3325 posse,
1635 3252 1705 3308 ut
1733 3246 1812 3306 ab
1843 3247 2008 3306 omni
2035 3244 2294 3322 imperio

333 3333 584 3390 externo
630 3331 829 3391 soluta
864 3330 927 3391 in
968 3338 1330 3409 perpetuum
1357 3329 1655 3414 Hispania
1693 3331 1755 3391 in
1797 3331 2030 3407 patrios
2070 3329 2298 3391 rediret

331 3424 536 3473 mores
556 3413 850 3491 ritusque.
880 3415 1035 3476 haec
1056 3416 1298 3491 aliaque
1314 3409 1576 3476 dicendo
1600 3432 1724 3477 non
1748 3415 2082 3492 populares
2104 3411 2294 3474 modo

330 3494 448 3555 sed
477 3497 827 3559 Ausetanos
858 3514 1125 3576 quoque,
1170 3500 1436 3561 vicinam
1463 3505 1723 3576 gentem,
1759 3499 2020 3560 concitat
2047 3504 2104 3557 et
2135 3494 2260 3553 allo
