2550 3959
439 249 669 310 LIBER
698 248 940 308 XXVII.
988 248 1157 307 CAP.
1191 257 1277 308 22.
1313 257 1400 309 23.
1429 257 1519 310 24.
1563 251 1637 326 [a.
1662 256 1726 308 C.
1757 255 1884 332 208]
2027 252 2149 316 189

164 407 311 466 bem
341 406 599 465 Romam
645 404 910 478 fuerant,
955 401 1300 476 legionibus
1332 401 1477 462 nihil
1519 409 1830 463 mutatum.
1899 409 2149 483 supple-

166 497 459 563 mentum,
493 505 613 563 quo
646 503 803 562 opus
836 492 1019 560 esset,
1066 484 1404 545 scriberent
1435 487 1724 547 consules
1754 489 2147 564 permissum.

164 591 304 637 una·
325 579 385 634 et
415 572 622 648 viginti
653 571 997 646 legionibus
1030 585 1105 632 eo
1137 586 1298 631 anno
1332 571 1652 632 defensum
1681 571 1998 648 imperium
2025 571 2146 637 Ross

165 673 419 719 manum
466 662 579 717 est.
647 663 708 717 et
747 655 813 714 P.
848 654 1080 715 Licinio
1112 655 1279 714 Varo
1323 656 1590 730 praetori
1629 655 1798 716 urbis
1837 659 2148 732 negotium

166 745 377 804 datum
396 789 410 818 ,
452 748 517 801 ut
558 755 751 800 naves
791 739 1009 814 longas
1054 737 1298 813 triginta
1340 744 1578 798 veteres
1621 739 1930 816 reficeret,
1989 758 2147 818 quae

164 825 382 888 Ostiae
422 832 625 900 erant,
672 829 731 884 et
762 822 971 898 viginti
1000 838 1198 882 novas
1231 839 1425 882 naves
1455 823 1644 883 sociis
1675 824 1994 886 navalibus
2039 825 2148 886 im-

166 913 385 988 pleret,
416 916 482 970 ut
508 908 947 985 quinquaginta
978 905 1224 966 navium
1248 905 1454 966 classe
1483 921 1654 966 oram
1676 909 1862 969 maris
1888 910 2149 970 vicinam

168 993 311 1056 urbi
338 995 655 1055 Romanae
684 992 836 1053 tueri
866 997 1102 1068 posset.
1170 990 1230 1050 C.
1266 988 1628 1066 CalpurnIus
1671 993 1894 1053 vetitus
1927 993 2003 1053 ab
2031 995 2148 1053 Ar-

170 1079 328 1141 retio
353 1093 603 1139 movere
634 1075 983 1149 exercitum,
1014 1073 1132 1134 nisi
1157 1089 1294 1133 cum
1317 1089 1651 1134 successor
1675 1075 1974 1138 venissetz
2005 1077 2146 1139 item

168 1169 233 1223 et
259 1161 496 1224 Tubulo
527 1162 918 1238 imperatum,
964 1164 1030 1219 ut
1058 1157 1203 1219 Inde
1230 1157 1565 1233 praecipue
1595 1167 1871 1233 caveret,
1917 1178 1996 1222 ne
2025 1178 2148 1238 qua

170 1263 340 1308 nova
370 1245 629 1307 consilia
657 1250 1038 1320 caperentur.
1843 1245 1846 1250 “

342 1329 553 1390 XXIII.
597 1327 917 1390 Praetores
949 1327 1011 1386 in
1034 1325 1388 1404 provincias
1411 1326 1703 1402 profectiz
1734 1329 2022 1389 eonsules
2052 1345 2147 1389 re-

170 1415 321 1491 ligio
351 1413 625 1488 tenebat,
672 1412 841 1488 quod
871 1411 1169 1488 prodigiis
1210 1411 1445 1486 aliquot
1484 1410 1771 1472 nuntiatis
1802 1429 1926 1472 non
1969 1413 2148 1474 facile

168 1497 444 1560 litabant.
526 1503 586 1557 et
628 1511 707 1556 ex
746 1495 1075 1571 Campania
1116 1495 1388 1556 nuntiata
1430 1503 1632 1570 erant,
1702 1495 1978 1573 Capuae.
1991 1498 2146 1559 duas

170 1583 398 1654 aedeS‚
443 1581 749 1642 Fortunae
778 1587 839 1639 et
866 1579 1107 1654 Martis,
1152 1587 1213 1640 et
1240 1579 1572 1656 sepulchra
1601 1579 1837 1656 aliquot
1864 1581 1943 1642 de
1973 1583 2145 1644 caelo

168 1673 364 1740 tacta,
411 1665 614 1726 Cumis
644 1695 735 1712 --
777 1664 934 1723 adeo
978 1663 1239 1724 minimis
1272 1664 1452 1724 etiam
1479 1663 1666 1726 rebus
1697 1681 1891 1740 prava
1929 1667 2145 1740 religio

172 1749 387 1810 inserit
414 1749 569 1808 deos
598 1781 683 1792 —-
712 1760 917 1806 mures
948 1747 1008 1805 in
1037 1747 1194 1806 aede
1216 1747 1382 1806 Iovis
1413 1761 1624 1806 aurum
1653 1747 1907 1822 rosisse,
1942 1747 2144 1809 Casini
2201 1798 2212 1805 .

172 1848 433 1896 examen
462 1831 667 1908 apium
699 1830 919 1906 ingens
942 1829 1003 1889 in
1027 1830 1161 1890 foro
1195 1829 1588 1890 consedissez
1621 1836 1683 1890 et
1696 1829 1880 1892 Ostiis
1904 1848 2144 1895 murum

175 1924 541 1995 portamque
568 1916 660 1976 'de
704 1914 876 1974 caelo
920 1917 1170 1985 tactam,
1217 1912 1408 1973 Caere
1434 1913 1760 1994 vulturium
1791 1916 2041 1976 volasse
2084 1917 2144 1976 in

173 2002 391 2062 aedem
420 1999 615 2072 IoviS‚
662 1996 959 2060 Vulsiniis
990 1997 1290 2072 sanguine
1318 1997 1516 2057 lacum
1545 2013 1851 2060 manasse.
1928 1999 2142 2060 horum

174 2085 597 2162 prodigiorum
640 2097 830 2144 causa
858 2081 1020 2142 diem
1061 2098 1247 2142 unum
1275 2081 1646 2158 supplicatio
1678 2083 1805 2144 fuit.
1871 2099 1984 2161 per
2011 2084 2145 2146 dies

174 2169 409 2244 aliquot
436 2167 676 2230 hostiae
702 2165 969 2227 maiores
1000 2165 1135 2226 sine
1162 2165 1434 2227 litatione
1464 2181 1718 2242 caesae,
1762 2167 1992 2244 diuque
2018 2184 2143 2229 non

171 2255 492 2329 impetrata
521 2268 645 2329 pax
676 2251 878 2311 deum.
937 2250 999 2310 in
1029 2249 1233 2325 capita
1262 2250 1581 2311 consulum
1610 2267 1678 2311 re
1701 2249 1948 2327 publica
1977 2252 2145 2314 inco-

172 2335 321 2399 lumi
364 2331 687 2397 exitiabilis
720 2333 1139 2411 prodigiorum
1183 2339 1442 2394 eventus
1471 2334 1668 2394 vertit.
1723 2333 1878 2396 Ludi
1907 2335 2145 2410 Apolli-

172 2436 357 2482 nares
390 2420 458 2495 Ω.
485 2419 699 2480 Fulvio
728 2419 849 2495 Ap.
866 2419 1116 2480 Claudio
1148 2417 1506 2478 consulibus
1537 2418 1650 2477 aP.
1670 2416 1952 2479 Cornelio
1974 2417 2145 2479 Sulla

172 2511 461 2584 praetore
503 2503 635 2564 urb.
680 2503 940 2581 primum
986 2503 1128 2564 sacti
1172 2508 1365 2562 erant.
1429 2501 1572 2562 inde
1604 2516 1817 2562 omnes
1849 2499 2144 2578 deinceps
2237 2562 2242 2567 .

174 2595 494 2666 praetores
526 2587 745 2649 urbani
775 2588 1078 2658 fecerant3
1110 2587 1227 2647 sed
1254 2585 1316 2646 in
1349 2601 1534 2646 unum
1563 2601 1786 2645 annum
1817 2585 2145 2662 vovebant,

174 2673 402 2748 dieque
431 2673 663 2733 incerto
693 2670 1018 2732 faciebant.
1082 2686 1158 2733 eo
1191 2686 1356 2732 anno
1385 2669 1734 2746 pestilentia
1761 2669 1967 2746 gravis
1997 2670 2144 2730 inci-

174 2757 267 2819 dit
290 2757 355 2817 in
382 2756 598 2818 urbem
626 2771 971 2832 agrosque;
1004 2771 1164 2831 quae
1192 2763 1391 2821 tamen
1415 2755 1610 2831 magis
1641 2754 1703 2813 in
1733 2754 1983 2816 morbos
2014 2755 2144 2816 lon-

174 2855 293 2920 gos
323 2857 506 2916 quam
536 2839 597 2900 in
628 2839 1056 2917 perniciabiles
1098 2839 1314 2902 evasit.
1380 2839 1513 2900 eius
1543 2837 1930 2916 pestilentiae
1957 2853 2146 2899 causa

171 2932 235 2987 et
276 2925 684 3002 supplicatum
726 2939 840 3002 per
866 2923 1134 3000 compita
1167 2930 1294 2986 tota
1333 2924 1488 2984 urbe
1530 2929 1654 2999 est,
1699 2929 1760 2984 et
1785 2923 1848 2982 P.
1879 2921 2145 2984 Licinius

170 3011 377 3070 Varus
410 3015 661 3086 praetor
685 3007 819 3068 urb.
866 3009 1064 3084 legem
1094 3009 1253 3069 ferre
1285 3008 1362 3068 ad
1393 3009 1690 3085 populum
1731 3007 1968 3083 iussuS,
2011 3014 2078 3070 ut
2106 3007 2146 3068 ii

170 3092 301 3154 ludi
322 3092 384 3152 in
410 3101 772 3170 perpetuum
793 3091 855 3153 in
878 3095 1098 3156 statam
1121 3092 1282 3152 diem
1308 3099 1696 3153 voverentur.
1754 3093 1768 3151 i
1777 3108 1890 3168 pse
1912 3091 2144 3169 primus

169 3178 257 3240 ita
288 3176 477 3252 vovit,
512 3176 790 3252 >fecitque
816 3182 957 3238 ante
989 3175 1149 3236 diem
1180 3176 1418 3237 tertium
1449 3181 1646 3237 nonas
1679 3177 2032 3258 Quinctiles.
2090 3176 2144 3236 is

170 3262 309 3324 dies
342 3261 567 3322 deinde
598 3261 915 3324 sollemnis
946 3268 1253 3322 servatus.

339 3346 555 3407 XXIV.
612 3345 702 3406 De
728 3343 1029 3406 Arretinis
1074 3345 1324 3405 etfama
1352 3345 1414 3405 in
1445 3341 1578 3404 dies
1609 3344 1859 3419 gravior
1896 3352 1956 3405 et
1996 3359 2144 3406 cura
2179 3372 2322 3391 —··

170 3445 458 3493 crescere
486 3427 783 3506 patribus.
838 3427 1042 3508 itaque
1072 3429 1135 3492 G.
1165 3427 1423 3489 Hostilio
1455 3427 1748 3503 scriptum
1778 3433 1888 3503 est,
1919 3443 1998 3489 ne
2027 3425 2142 3489 ‹lif-

170 3513 359 3578 terret
381 3513 634 3590 obsides
656 3513 733 3574 ab
748 3513 1047 3576 Arretinis
1071 3511 1372 3590 accipere,
1404 3519 1466 3574 et
1486 3511 1582 3572 cui
1603 3511 1871 3572 traderet
1885 3511 2139 3573 Romam
