2550 3959
626 252 853 314 LIBER
881 254 1064 313 XXX.
1112 254 1276 315 CAP.
1300 264 1384 315 34.
1409 264 1496 316 35.
1545 262 1616 328 [a.
1643 262 1703 313 C.
1731 263 1856 328 202]
2095 255 2214 318 357

280 410 443 467 velut
470 408 636 467 nullo
664 406 990 469 resistente
1021 406 1363 481 incessere,
1395 407 1750 483 urgentibus
1779 414 1839 467 et
1869 406 2222 469 novissimis

274 490 525 565 primos,
555 497 623 551 ut
652 492 840 553 semel
868 497 1091 551 motam
1120 490 1312 551 aciem
1343 506 1627 559 sensere;
1676 490 1841 566 quod
1870 490 2073 566 ipsum
2102 490 2220 553 vim

274 590 557 649 magnam
612 575 691 634 ad
741 575 1088 649 pellendum
1144 576 1386 635 hostem
1444 575 1726 636 addebat.
1797 575 1962 650 apud
2010 576 2224 637 hostes

272 658 601 719 auxiliares
625 658 913 721 cedentes
936 660 1211 720 secunda
1232 660 1418 734 acies,
1441 658 1574 719 Afri
1597 666 1660 719 et
1680 658 2224 735 carthaginienses,

268 743 428 803 adeo
456 758 579 803 non
612 741 1006 818 sustinebant,
1036 750 1342 803 utcontra
1371 743 1565 817 etiam,
1595 758 1674 803 ne
1701 744 2056 804 resistentes
2088 758 2224 819 per·

268 826 545 887 tinaciter
572 826 802 905 primos
832 826 1149 889 caedendo
1179 827 1259 885 ad
1289 842 1360 888 se
1387 829 1730 901 perveniret
1756 827 1970 903 hostie,
2003 826 2225 901 pedem

267 910 581 973 referrent.
626 910 808 986 igitur
835 909 1163 971 auxiliares
1194 916 1365 984 terga
1395 910 1542 969 dant
1565 919 1848 987 repente,
1892 912 1952 970 et
1979 912 2038 971 in
2072 926 2222 971 suos

268 994 432 1055 versi
464 995 679 1070 partim
706 994 991 1067 refugere
1020 994 1077 1053 in
1110 993 1445 1055 secundam
1473 993 1666 1053 aciem
1682 1040 1698 1069 ,
1731 996 1945 1069 partim
1975 1012 2096 1056 non
2127 1011 2222 1055 re·

269 1079 575 1151 cipientes·
599 1077 889 1151 caedere,
920 1083 987 1138 ut
1014 1084 1077 1139 et
1102 1079 1288 1152 paulo
1321 1084 1459 1137 ante
1486 1093 1610 1137 non
1639 1078 1824 1139 adiuti
1857 1086 1919 1139 et
1945 1087 2089 1139 tunc
2119 1096 2222 1138 ex-

271 1160 443 1220 clusi.
488 1168 550 1221 et
572 1174 771 1235 prope
800 1160 923 1220 duo
954 1160 1075 1221 iam
1104 1162 1406 1236 permixta
1432 1162 1666 1236 proelia
1695 1170 1881 1236 erant,
1913 1178 2048 1223 cum
2083 1164 2218 1223 Gar·

269 1243 685 1319 thaginienses
734 1244 913 1303 simul
964 1261 1103 1307 cum
1144 1244 1426 1305 hostibus
1469 1246 1647 1305 simul
1689 1262 1824 1305 cum
1867 1247 1997 1306 suis
2045 1248 2221 1321 coge-

268 1334 476 1387 rentur
504 1342 721 1389 manus
750 1340 1097 1390 conserere.
1162 1344 1284 1389 non
1313 1335 1515 1389 tamen
1544 1327 1628 1389 ita
1655 1332 1977 1403 perculsos
2007 1330 2221 1390 iratos-

272 1426 393 1487 que
434 1411 495 1470 in
532 1411 725 1473 aciem
756 1410 1067 1487 accipere,
1110 1412 1223 1473 sed
1252 1412 1523 1473 densatis
1556 1414 1870 1473 ordinibus
1901 1414 1962 1472 in
1993 1428 2224 1474 cornua

272 1510 658 1570 vacuumque
698 1494 861 1555 circa
904 1510 1184 1571 campum
1228 1502 1406 1557 extra
1436 1497 1731 1572 proelium
1761 1496 1977 1571 eicere,
2009 1512 2086 1556 ne
2117 1514 2222 1571 pa·

268 1578 413 1639 vido
455 1580 601 1653 fuga
638 1579 993 1640 vulneribus
1030 1581 1216 1641 milite
1256 1580 1560 1659 sinceram
1602 1587 1662 1641 et
1701 1581 1994 1655 integram
2033 1582 2226 1641 aciem

270 1662 615 1723 miscerent.
689 1660 957 1725 ceterum
996 1670 1161 1725 tanta
1189 1672 1428 1739 strages
1456 1664 1766 1725 hominum
1795 1676 2226 1739 armorumque

272 1749 501 1821 locum,
542 1746 605 1807 in
646 1762 769 1821 quo
812 1753 1107 1809 steterant
1146 1748 1332 1822 paulo
1374 1754 1514 1808 ante
1553 1748 1913 1823 auxiliares,
1958 1750 2225 1823 comple-

271 1837 469 1904 verat,
510 1836 579 1892 ut
606 1846 805 1906 prope
834 1831 1140 1892 difficilior
1166 1832 1458 1893 transitus
1489 1839 1682 1905 esset,
1729 1849 1912 1906 quam
1942 1847 2052 1907 per
2083 1846 2224 1892 con·

273 1915 461 1975 sertos
503 1914 717 1976 hostes
759 1917 970 1977 fuerat.
1044 1916 1253 1992 itaque
1285 1916 1388 1991 qui
1418 1916 1596 1991 primi
1623 1922 1824 1987 erant,
1867 1916 2086 1976 hastati
2117 1932 2230 1991 per

280 2000 548 2059 zumulos
592 2012 918 2076 corporum
962 2016 1395 2076 armorumque
1421 2006 1483 2061 et
1518 2000 1721 2061 tabem
1761 2000 2075 2076 sanguinis
2108 2015 2228 2075 qua

276 2083 538 2159 quisque
586 2091 823 2159 poterat
872 2092 1204 2161 sequentes
1256 2084 1496 2147 hostem
1543 2090 1606 2145 ct
1645 2084 1820 2159 signa
1870 2091 1930 2145 et
1981 2084 2226 2145 ordines

274 2167 696 2228 confuderunt.
745 2170 1085 2245 principum
1120 2181 1370 2244 quoque
1393 2171 1568 2244 signa
1592 2168 2230 2244 fluctuaricoeperant

272 2264 488 2323 vagam
520 2257 658 2309 ante
688 2266 757 2310 se
788 2253 1093 2313 cernendo
1118 2254 1330 2313 aciem.
1377 2252 1544 2326 quod
1569 2250 1778 2325 Scipio
1805 2252 1909 2311 ubi
1937 2252 2104 2325 vidit,
2133 2267 2226 2310 re·

275 2331 475 2405 ceptui
504 2348 773 2407 propere
802 2348 1024 2394 canere
1048 2334 1302 2395 hastatis
1327 2334 1536 2403 iussit;
1581 2339 1644 2393 et
1661 2335 1888 2394 sauciis
1909 2335 1971 2394 in
1993 2342 2228 2409 postre-

272 2430 431 2475 mam
473 2416 665 2477 aciem
704 2415 1020 2501 subductis
1052 2418 1362 2493 principes
1391 2417 1761 2494 triariosque
1788 2418 1847 2478 in
1881 2434 2110 2479 cornua
2139 2419 2228 2477 in-

276 2500 459 2573 ducit,
494 2515 615 2575 quo
646 2500 829 2561 tutior
855 2499 1209 2576 firmiorque
1231 2502 1432 2563 media
1451 2502 1830 2563 hastatorum
1853 2502 2018 2563 acies
2043 2508 2227 2562 esset.

274 2582 356 2643 ita
402 2599 629 2645 novum
682 2584 762 2643 de
801 2585 1036 2658 integro
1085 2585 1381 2661 proelium
1435 2592 1630 2646 ortum
1681 2592 1806 2645 este
1881 2586 2110 2662 quippe
2151 2585 2232 2645 ad

278 2683 459 2729 veros
500 2667 715 2731 hostes
756 2675 1117 2742 perventum
1148 2674 1309 2743 erat,
1350 2674 1413 2728 et
1438 2680 1742 2729 armorum
1772 2684 1997 2744 genere
2026 2677 2086 2729 et
2111 2684 2233 2728 usu

274 2752 519 2812 militiae
556 2758 618 2812 et
646 2752 809 2811 rama
846 2766 1048 2811 rerum
1090 2758 1399 2827 gestarum
1442 2759 1503 2813 et
1528 2753 1940 2827 magnitudine
1969 2754 2065 2811 vel
2097 2750 2231 2828 spei

273 2838 369 2894 vel
400 2834 654 2911 periculi
686 2850 889 2909 pares.
934 2836 1046 2896 sed
1078 2841 1139 2896 et
1165 2846 1422 2897 numero
1443 2837 1728 2911 superior
1746 2836 2060 2897 Romanus
2083 2842 2230 2907 erat,

275 2928 335 2978 et
362 2918 594 2994 animo,
640 2920 956 2994 quodiam
987 2920 1231 2995 equites⁴
1255 2920 1376 2979 iam
1408 2919 1770 2994 elephantos
1801 2921 2070 2994 fuderat,
2111 2920 2230 2979 iam

276 3002 471 3076 prima
500 3002 635 3065 acie
664 3004 847 3078 pulsa
874 3004 933 3064 in
964 3003 1296 3065 secundam
1328 3004 1658 3079 pugnabat.
1709 3003 1950 3073 XXXV.
1994 3004 2056 3063 in
2084 3010 2230 3063 tem-

279 3101 431 3159 pore
456 3087 701 3149 Laelius
745 3103 817 3147 ac
846 3086 1205 3162 Masinissa,
1249 3088 1468 3162 pulsos
1511 3102 1622 3162 per
1651 3088 2025 3163 aliquantum
2053 3086 2233 3161 spatii

277 3171 469 3229 secuti
512 3171 751 3247 equites
766 3218 781 3245 ,
822 3176 1197 3233 revertentes
1228 3171 1289 3230 in
1321 3185 1598 3231 aversam
1628 3170 1892 3231 hostium
1924 3171 2114 3230 aciem
2145 3170 2232 3229 in-

278 3268 543 3315 currere.
611 3255 664 3315 is
697 3255 935 3315 demum
980 3265 1249 3329 equitum
1268 3253 1542 3329 impetus
1572 3254 1728 3315 fudit
1751 3255 2009 3316 hostem,
2066 3254 2232 3313 multi

278 3337 671 3399 circumventi
714 3340 774 3399 in
818 3339 951 3399 acie
978 3340 1181 3407 caes13
1245 3354 1358 3413 per
1400 3346 1706 3414 patentem
1751 3339 1912 3399 circa
1953 3353 2235 3411 campum

277 3421 423 3495 fuga
471 3422 671 3496 sparsi
724 3429 970 3483 tenente
1017 3422 1220 3484 omnia
1270 3424 1543 3497 equitatu
1589 3423 1821 3497 passim
1863 3421 2235 3482 interierunt.

282 3504 859 3579 Carthaginiensium
906 3506 1344 3583 sociorumque
1386 3521 1567 3567 caesa
1611 3522 1684 3566 eo
1717 3506 1816 3567 die
1858 3521 2045 3579 supra
2075 3500 2236 3563 milia
