2550 3959
347 279 474 347 184
652 280 1122 343 L113Eitxxvt.
1168 280 1561 344 Cithae-29.
1605 280 1674 359 [a.
1705 282 1997 359 uam]

345 435 628 513 globibus
670 439 1018 511 praeesset,
1062 446 1243 506 quem
1287 429 1532 505 consul,
1576 428 1749 491 cuius
1777 429 1948 490 ltalia
1987 430 2310 506 provincia
2349 472 2357 478 -

347 526 531 595 esset,
575 516 995 594 praefecisset.
1061 514 1121 574 in
1148 513 1450 575 Etruriam
1479 512 1543 573 C.
1563 510 1929 589 Calpurnius
1956 520 2102 590 post
2127 530 2310 592 prae·

346 612 544 664 turam
583 606 914 678 prorogato
942 598 1005 657 in
1046 614 1271 659 annum
1313 597 1572 674 imperio
1600 598 1848 659 missus.
1905 604 1964 657 et
1990 596 2059 673 Q.
2088 598 2308 661 Fulvio

346 686 559 764 Capua
589 684 907 763 provincia
934 682 1183 743 decreta
1220 688 1738 779 prorogatumque
1767 682 1828 743 in
1859 698 2082 765 annum
2111 682 2308 761 impe-

346 772 535 832 rium·
578 768 885 830 exercitus
915 766 1139 827 civium
1166 766 1604 843 sociorumque
1631 764 1818 826 minui
1846 756 2087 841 iussuS,
2128 773 2198 828 ut
2223 782 2310 827 ex

348 855 588 917 duabus
612 851 956 949 legionibus
976 867 1101 912 una
1119 850 1300 926 legio,
1330 848 1603 927 quinque
1625 850 1790 909 milia
1808 850 2080 927 peditum
2102 857 2163 910 et
2181 857 2311 912 tre-

349 939 505 1000 centi
547 936 785 1015 equites
829 942 1066 1010 essent,
1110 934 1383 995 dimissis
1413 934 1518 1010 qui
1555 934 1819 1011 plurima
1861 934 2168 1010 stipendia
2195 935 2304 995 ha·

346 1023 591 1093 herent,
624 1027 683 1082 et
705 1021 1013 1082 sociorum
1036 1026 1274 1096 septem
1295 1018 1460 1079 milia
1482 1018 1754 1095 peditum
1775 1025 1838 1079 et
1855 1018 2110 1079 trecenti
2129 1020 2307 1096 equi—

346 1116 437 1169 tes
465 1107 977 1181 relinquerentur,
1017 1103 1233 1163 eadem
1258 1102 1496 1164 ratione
1536 1102 1979 1179 stipendiorum
2004 1102 2255 1164 habita
2239 1120 2310 1165 ιιι

343 1191 653 1252 veteribus
681 1188 970 1251 militibus
1001 1187 1394 1248 dimittendis.
1467 1185 1571 1247 Cn.
1599 1185 1814 1248 Iffilvio
1845 1187 2084 1248 consuli
2113 1202 2304 1264 supe-

341 1275 523 1337 rioris
553 1274 695 1335 anni
720 1288 834 1334 nec
864 1274 943 1334 de
968 1272 1288 1349 provincia
1299 1272 1525 1348 Apulia
1551 1286 1665 1331 nec
1690 1270 1770 1331 de
1797 1272 2084 1345 exercitu,
2117 1286 2302 1348 quem

344 1359 667 1432 habuerat,
716 1358 1044 1434 quicquam
1084 1359 1407 1419 mutatum:
1455 1362 1684 1417 tantum
1723 1357 1784 1415 in
1827 1372 2052 1420 annum
2079 1371 2302 1434 proro-

342 1450 547 1519 gatum
575 1442 895 1518 imperium
918 1448 1031 1501 est.
1066 1440 1131 1499 P.
1154 1438 1466 1517 Sulpicius
1491 1440 1730 1516 collega
1758 1440 1890 1503 eius
1921 1456 2161 1505 omnem
2191 1456 2298 1501 ex-

343 1528 593 1587 ercitum
621 1532 863 1602 praeter
891 1524 1099 1585 socios
1127 1526 1381 1586 navales
1412 1525 1618 1585 iussus
1649 1524 1946 1585 dimittere
1975 1533 2087 1587 est.
2154 1526 2300 1587 item

343 1626 423 1672 ex
451 1608 663 1673 Sicilia
688 1610 1013 1683 exercituS,
1058 1609 1155 1670 cui
1180 1607 1263 1669 M.
1291 1608 1607 1669 Cornelius
1637 1617 1972 1687 praeesset,
2019 1609 2120 1671 ubi
2150 1624 2301 1671 con-

342 1697 439 1757 sul
465 1696 527 1755 in
555 1693 939 1772 provinciam
963 1693 1253 1773 venisset,
1286 1692 1500 1754 dimitti
1527 1693 1755 1754 iussus.
1797 1694 1864 1754 L.
1891 1694 2095 1755 Cincio
2119 1710 2300 1771 prae-

339 1779 456 1841 tori
478 1778 560 1840 ad
582 1777 973 1840 obtinendam
989 1776 1256 1839 Siciliam
1273 1778 1626 1839 Cannenses
1648 1777 1868 1839 milites
1892 1778 2016 1839 dati
2039 1779 2301 1841 duarum

339 1863 531 1925 instar
549 1862 884 1939 legionum.
948 1863 1201 1925 totidem
1228 1862 1506 1939 legiones
1535 1862 1597 1922 in
1620 1861 1964 1924 Sardiniam
1981 1862 2046 1921 P.
2067 1864 2298 1925 Manlio

338 1947 600 2009 Vulsoni
627 1946 893 2024 praetori
921 1948 1233 2023 decretae,
1281 1944 1502 2023 quibus
1532 1948 1600 2006 L.
1631 1945 1945 2009 cornelius
1990 1946 2051 2008 in
2079 1948 2302 2009 eadem

336 2030 659 2108 provincia
698 2031 903 2107 priore
942 2048 1102 2092 anno
1144 2032 1512 2109 praefuerat.
1587 2030 1854 2094 urbanas
1896 2030 2172 2108 legiones
2213 2032 2302 2093 ita

338 2114 607 2176 scribere
636 2116 927 2176 consules
954 2116 1128 2191 iussi,
1175 2131 1253 2176 ne
1283 2130 1464 2192 quem
1493 2116 1740 2176 militem
1767 2116 2054 2191 facerent,
2099 2117 2204 2192 qui
2234 2115 2297 2177 in

338 2199 608 2260 exercitu
635 2199 716 2260 M.
748 2199 981 2261 Claudii
1006 2200 1086 2260 Μ.
1118 2200 1350 2261 Valerii
1381 2200 1447 2276 Q.
1475 2200 1672 2261 Fulvii
1701 2200 1987 2277 ruissent,
2029 2214 2188 2262 neve
2216 2216 2296 2263 eo

337 2298 497 2345 anno
528 2284 735 2361 plures
767 2300 947 2362 quam
976 2301 1100 2346 una
1127 2292 1187 2345 et
1212 2284 1424 2360 viginti
1451 2285 1730 2346 Romana
1757 2286 2033 2363 legiones
2063 2291 2295 2346 essent.

502 2368 711 2432 XXIX.
752 2369 881 2447 His
895 2376 1145 2432 senatus
1176 2369 1471 2431 consultis
1502 2370 1788 2445 perfectis
1818 2369 2012 2430 sortiti
2041 2370 2296 2447 provin·

335 2452 463 2513 cias
495 2454 804 2515 consules.
854 2452 1062 2515 Sicilia
1090 2461 1149 2515 et
1177 2453 1398 2514 classis
1425 2452 1735 2528 Marcello,
1765 2453 1938 2515 Italia
1963 2468 2101 2513 curn
2127 2452 2296 2515 bello

333 2536 634 2598 adversus
676 2538 1075 2599 Hannibalem
1116 2537 1387 2599 Laevino
1433 2538 1654 2599 evenit.
1721 2552 1879 2613 quae
1913 2552 2082 2611 sorS,
2130 2540 2299 2600 velut

334 2618 547 2681 iterum
576 2622 773 2697 captis
795 2618 1146 2701 Syracusis,
1189 2621 1273 2683 ita
1299 2621 1671 2684 exanimavit
1696 2620 1938 2683 Siculos
1965 2628 2292 2699 exspecta-

332 2703 496 2765 tione
524 2706 711 2765 sortis
740 2705 803 2765 in
831 2705 1152 2767 consulum
1181 2712 1522 2782 conspectu
1549 2712 1811 2783 stantes,
1850 2712 1918 2767 ut
1948 2706 2292 2783 complora-

332 2786 414 2847 tio
444 2802 655 2848 eorum
681 2785 1049 2863 flebilesque
1074 2804 1268 2851 voces
1298 2796 1360 2849 et
1398 2791 1704 2867 extemplo
1735 2792 1948 2851 oculos
1977 2790 2292 2851 hominum

332 2872 758 2948 converterint,
787 2879 851 2933 et
874 2873 1207 2948 postmodo
1235 2886 1556 2935 sermones
1586 2873 1992 2950 praebuerint.
2035 2873 2292 2935 circum-

331 2953 499 3015 ³bant
527 2955 687 3015 enim
709 2963 987 3017 senatum
1017 2972 1153 3017 cum
1174 2964 1349 3019 veste
1371 2958 1624 3019 sordida
1653 2958 2045 3020 adfirmantes
2069 2972 2140 3019 se
2161 2972 2289 3019 non

329 3037 515 3099 modo
558 3054 733 3099 suam
780 3040 1042 3115 quisque
1082 3041 1341 3118 patriam
1367 3043 1485 3103 sed
1523 3050 1708 3103 totam
1738 3041 2006 3104 Siciliam
2045 3042 2291 3103 relietu-

327 3136 467 3197 ros,
511 3122 566 3182 si
594 3138 673 3183 eo
698 3122 1025 3186 Marcellus
1053 3125 1271 3187 iterum
1301 3141 1438 3186 cum
1476 3126 1732 3203 imperio
1771 3127 2055 3188 redisset.
2117 3126 2290 3187 nullo

327 3220 444 3267 suo
474 3206 687 3279 merito
719 3222 857 3268 eum
886 3216 1026 3270 ante
1054 3208 1501 3286 implacabilem
1528 3212 1589 3271 in
1619 3225 1688 3271 se
1718 3209 1942 3271 fuisse:
1989 3211 2137 3285 quid
2165 3209 2288 3271 Ira·

324 3297 483 3363 tum,
532 3292 699 3367 quod
727 3291 983 3353 Romam
1025 3291 1104 3352 de
1142 3308 1213 3355 se
1248 3301 1529 3369 questum
1555 3294 1806 3356 venisse
1837 3293 2081 3357 Siculos
2109 3294 2287 3369 sciat,

325 3374 651 3435 facturum!
697 3373 875 3437 obrui
900 3378 1139 3438 Aetnae
1172 3376 1416 3453 ignibus
1444 3385 1548 3439 aut
1573 3377 1764 3455 mergi
1793 3379 1948 3439 freto
1977 3378 2168 3441 satius
2199 3377 2288 3439 illi

327 3457 565 3519 insulae
596 3475 738 3520 esse
768 3476 953 3537 quam
978 3460 1147 3522 velut
1174 3459 1320 3533 dedi
1347 3477 1552 3523 noxae
1580 3462 1843 3524 inimico.
1899 3462 2017 3523 hae
2046 3461 2286 3524 Siculo-

326 3558 456 3601 rum
487 3543 795 3619 querellae
825 3545 1045 3606 domos
1075 3545 1339 3621 primum
1367 3545 1657 3607 nobilium
1686 3546 2091 3622 circumlatae,
2121 3544 2282 3608 eele-
