2550 3959
372 250 453 322 24
676 254 905 315 LIBER
932 253 1117 312 XXV.
1166 252 1332 311 CAP.
1365 261 1449 316 18.
1481 258 1567 315 19.
1615 258 1688 326 [a.
1716 256 1785 311 U.
1811 273 1859 310 e·
1884 256 2010 325 540]

370 406 827 477 declinaturum,
860 418 937 462 ne
968 402 1256 477 hospitali
1287 402 1480 461 caede
1510 401 1789 461 dextram
1817 400 2038 472 violet3
2073 414 2338 462 conver·

370 504 603 566 susque
647 486 871 547 abibat.
938 486 1249 546 enimvero
1282 485 1551 546 ferocius
1592 492 1719 545 turn
1751 484 2098 560 Campanus
2135 483 2334 544 incre·

370 588 519 650 pare
546 571 861 634 mollitiam
890 570 1335 644 ignaviamque,
1377 575 1437 629 et
1465 584 1534 628 se
1563 568 1747 643 digna
1775 569 2002 644 probra
2030 568 2091 627 in
2121 567 2336 629 inson-

371 666 490 717 tem
520 657 750 729 iacere,
795 653 1160 728 hospitalem
1189 652 1432 717 hostem
1473 653 1791 728 appellans
1824 652 2338 728 simulantemque

370 756 655 817 parcere,
698 738 795 798 cui
826 738 981 797 sciat
1008 753 1219 813 parem
1251 752 1321 797 se
1353 751 1474 796 non
1506 752 1666 795 esse.
1740 736 1796 795 si
1825 752 2039 812 parum
2068 736 2334 811 publicis

372 823 727 886 foederibus
756 822 950 897 ruptis
982 822 1282 897 dirempta
1310 821 1489 881 simul
1519 826 1580 881 et
1607 820 1846 896 privata
1886 820 2018 880 iura
2047 834 2190 879 esse
2216 836 2331 895 pu·

370 915 471 983 tet,
515 907 773 967 Badium
802 905 1175 981 Campanum
1200 906 1265 963 T.
1300 904 1574 979 Quinctio
1607 904 1884 980 Crispino
1914 904 2190 964 Romano
2221 920 2334 979 pa·

374 996 490 1053 lam
520 991 765 1051 duobus
796 990 1164 1051 exercitibus
1194 987 1581 1049 audientibus
1607 988 1954 1047 renuntiare
1978 986 2334 1063 hospitium.

372 1077 517 1135 nihil
548 1074 662 1135 sibi
689 1089 824 1134 cum
855 1088 929 1133 eo
961 1075 1397 1147 consociatum,
1430 1071 1576 1131 nihil
1599 1072 1978 1132 foederatum
2000 1070 2162 1131 hosti
2192 1086 2333 1131 cum

372 1161 568 1233 hoste,
602 1158 774 1219 cuius
805 1158 1063 1233 patriam
1092 1174 1165 1217 ac
1195 1164 1450 1234 penates
1481 1154 1762 1233 publicos
1791 1156 2188 1232 privatosque
2218 1170 2332 1232 op-

371 1250 703 1320 pugnatum
734 1242 1023 1303 venisset.
1082 1242 1135 1301 si
1164 1241 1259 1300 vir
1286 1246 1469 1316 esset,
1501 1240 1992 1315 congrederetur.
2051 1240 2156 1302 diu
2184 1254 2334 1299 cun·

372 1335 633 1389 etantem
663 1326 1005 1401 Crispinum
1035 1326 1360 1401 perpulere
1389 1323 1707 1396 turmales,
1754 1340 1832 1383 ne
1859 1323 2105 1399 impune
2142 1322 2334 1384 insul-

373 1419 499 1471 tare
539 1411 909 1485 Campanum
952 1415 1288 1485 pateretur:
1357 1409 1563 1484 itaque
1603 1414 1832 1468 tantum
1874 1414 2143 1467 moratus
2187 1408 2333 1467 dum

373 1496 773 1571 imperatores
797 1495 1159 1567 consuleret,
1193 1492 1687 1568 permitterentne
1709 1491 1826 1552 sibi
1851 1498 2025 1553 extra
2055 1492 2334 1551 ordinem

372 1578 432 1636 in
471 1582 909 1653 provocantem
939 1577 1176 1637 hostem
1218 1592 1522 1652 pugnare,
1568 1575 1869 1652 permissu
1913 1591 2123 1636 eorum
2164 1591 2334 1636 arma

373 1662 537 1737 cepit
578 1676 925 1737 equumque
967 1661 1358 1735 conscendit,
1403 1667 1462 1719 et
1489 1659 1749 1719 Badium
1779 1660 2021 1720 nomine
2063 1660 2332 1735 compel-

372 1747 505 1807 lans
548 1746 628 1805 ad
670 1762 936 1821 pugnam
977 1746 1274 1807 evocavit.
1342 1745 1508 1805 nulla
1547 1759 1720 1804 mora
1749 1760 1787 1803 a
1816 1743 2124 1819 Campano
2168 1744 2331 1803 facta

371 1837 494 1900 est3
538 1829 775 1889 infestis
806 1829 983 1904 equis
1015 1835 1470 1890 concurrerunt.
1531 1828 1842 1903 Crispinus
1875 1843 2063 1904 supra
2093 1834 2334 1887 scutum

370 1913 680 1973 sinistrum
708 1912 1025 1973 humerum
1051 1913 1245 1973 Badio
1292 1913 1469 1974 hasta
1500 1912 1828 1987 transfixit,
1871 1926 2182 1989 superque
2225 1912 2330 1971 de-

371 1998 611 2071 lapsum
642 2012 778 2055 cum
809 1997 1057 2056 vulnere
1087 2014 1165 2057 ex
1206 2012 1366 2072 equo
1401 1996 1672 2072 desiluit,
1716 2002 1782 2057 ut
1809 1996 2002 2072 pedes
2033 1996 2332 2056 iacentem

370 2078 719 2139 conficeret.
783 2079 1043 2155 Badius,
1091 2080 1451 2155 priusquam
1483 2081 1979 2156 opprimeretur„
2003 2094 2218 2156 parma
2243 2086 2329 2139 at-

372 2178 490 2237 que
522 2178 683 2237 equo
708 2162 919 2222 relicto
944 2164 1023 2223 ad
1047 2179 1197 2224 suos
1230 2164 1490 2239 aufugitz
1537 2164 1850 2239 Crispinus
1881 2180 2106 2238 equum
2133 2179 2330 2223 arma-

370 2261 489 2322 que
514 2254 695 2321 capta
724 2253 784 2306 et
807 2255 1117 2308 cruentam
1142 2249 1461 2324 cuspidem
1490 2248 1749 2323 insignis
1775 2248 1990 2323 spoliis
2016 2253 2329 2308 ostentans

370 2344 506 2389 cum
536 2346 759 2405 magna
787 2332 966 2391 laude
996 2338 1056 2392 et
1082 2333 1483 2406 gratulatione
1513 2333 1766 2393 militum
1808 2333 1888 2391 ad
1919 2332 2207 2392 consules
2237 2338 2330 2393 est

372 2412 690 2486 deductus,
738 2415 1149 2491 laudatusque
1179 2415 1261 2475 ibi
1289 2417 1612 2491 magnifice
1643 2423 1702 2476 et
1731 2416 1911 2476 donis
1943 2416 2224 2476 donatus,

531 2497 687 2557 XIX.
744 2498 1045 2559 Hannibal
1088 2515 1164 2559 ex
1206 2515 1355 2575 agro
1385 2501 1819 2561 Beneventano
1863 2507 2066 2560 castra
2106 2498 2187 2559 ad
2219 2498 2328 2560 Ca-

370 2596 552 2654 puam
580 2596 719 2642 cum
750 2583 1065 2657 movisset,
1111 2585 1286 2644 tertio
1314 2591 1459 2659 post
1489 2583 1589 2644 die
1619 2600 1803 2658 quam
1829 2584 1996 2644 venit
2022 2582 2240 2660 copias
2269 2583 2329 2643 in

366 2663 560 2723 aciem
590 2665 815 2739 eduxit,
859 2665 1337 2740 haudquaquam
1368 2667 1623 2743 dubiuS,
1670 2668 1837 2742 quod
1867 2667 2192 2745 Campanis
2221 2667 2328 2727 ab·

366 2754 539 2806 sente
580 2762 649 2807 se
691 2762 929 2824 paucos
974 2756 1113 2809 ante
1156 2750 1290 2809 dies
1321 2752 1596 2811 secunda
1639 2751 1857 2812 suisset
1899 2767 2132 2827 pugna,
2180 2751 2340 2825 quin·

366 2830 551 2890 multo
577 2831 776 2891 minus
802 2846 870 2890 se
894 2848 1195 2907 suumque
1220 2835 1442 2895 totiens
1469 2834 1757 2895 victorem
1789 2836 2122 2896 exercitum
2147 2835 2328 2895 susti-

365 2927 510 2971 nere
524 2913 781 2973 Romani
804 2921 1078 2989 possent.
1122 2921 1390 2977 ceterum
1415 2925 1742 2993 postquam
1765 2919 2021 2995 pugnari
2045 2918 2328 2995 coeptum

366 3002 475 3067 est,
510 2997 783 3071 equitum
811 2998 1073 3058 maxime
1102 2999 1367 3073 incursu,
1411 3017 1547 3061 cum
1579 3002 1792 3063 iaculis
1823 3001 2197 3078 obrueretur,
2245 3004 2327 3063 la-

366 3077 623 3140 borabat
662 3081 937 3141 Romana
980 3083 1176 3158 acieS‚
1248 3084 1447 3145 donec
1488 3085 1728 3160 signum
1769 3086 2078 3161 equitibus
2120 3087 2327 3147 datum

363 3170 489 3235 est,
533 3170 599 3224 ut
640 3164 700 3223 in
730 3163 969 3225 hostem
1012 3167 1396 3228 admitterent
1421 3183 1640 3244 equos.
1706 3170 1790 3230 ita
1830 3176 2117 3245 equestre
2147 3186 2328 3246 proe-

365 3246 507 3306 lium
538 3255 683 3323 erat‚
732 3264 871 3309 cum
898 3252 1112 3326 procul
1142 3250 1312 3312 visus
1343 3252 1824 3329 Sempronianus
1855 3254 2181 3329 exercitus,
2229 3254 2328 3317 cui

276 3398 287 3405 ⁶
366 3329 471 3388 Cn.
498 3331 814 3393 Cornelius
847 3341 1137 3409 quaestor
1160 3343 1458 3412 praeerat,
1499 3338 1742 3412 utrique
1773 3338 1927 3416 parti
1958 3353 2172 3413 parem
2200 3352 2328 3399 me·

364 3418 488 3473 tum
518 3415 816 3492 praebuit,
849 3432 925 3477 ne
955 3416 1166 3480 hos‘tes
1198 3420 1344 3481 novi
1375 3420 1789 3482 adventarent.
1855 3422 2022 3482 velut
2049 3437 2126 3481 ex
2159 3437 2327 3483 com-

366 3496 569 3571 posito
624 3500 925 3578 utrimque
968 3502 1209 3578 signum
1250 3504 1526 3584 receptui
1567 3504 1807 3579 datum,
1861 3504 2224 3585 reductique
2265 3506 2328 3567 in
