2550 3959
408 210 530 276 206
683 210 914 270 LlBER
940 209 1181 269 XXVII.
1228 209 1392 267 CAP.
1421 217 1509 272 38.
1539 215 1627 272 39.
1671 216 1742 284 [a.
1767 216 1835 270 U.
1867 233 1916 276 ο.
1948 217 2073 284 546]

405 360 763 424 consulibus
802 360 945 420 feeit
972 365 1033 420 et
1058 358 1386 434 supplendi
1415 359 1577 422 unde
1611 359 1862 434 vellent,
1905 367 1964 420 et
1992 361 2252 438 eligendi
2282 365 2372 428 de

404 445 685 506 omnibus
728 443 1095 506 exercitibus
1139 457 1297 518 quos
1340 443 1564 502 vellent
1603 444 2138 520 permutandique,
2183 453 2243 507 et
2283 464 2373 512 ex

404 527 739 605 provinciis
782 543 943 602 quos
972 541 1007 592 e
1035 541 1103 586 re
1143 524 1390 602 publica
1439 534 1761 592 censerent
1797 543 1943 592 esse
1981 529 2371 597 traducendi.

405 614 609 673 omnia
636 627 773 672 cum
802 625 1041 676 summa
1068 611 1404 671 concordia
1432 611 1752 678 consulum
1780 617 1936 676 ncta.
2001 615 2258 680 volones
2299 615 2366 680 in

404 695 925 758 undevicesimam
953 699 1013 754 et
1053 693 1410 760 vicesimam
1435 693 1712 770 legiones
1741 695 1971 771 scripti.
2033 699 2234 772 magni
2261 714 2368 758 ro-

405 781 571 842 boris
612 779 840 838 auxilia
882 794 960 837 ex
988 777 1286 854 Hispania
1316 793 1564 853 quoque
1601 793 1641 841 a
1665 778 1729 840 P.
1758 777 2051 856 Scipione
2075 779 2158 842 M.
2185 781 2369 844 Livio

404 865 595 923 missa
626 861 872 938 quidam
902 862 983 922 ad
1010 862 1075 922 id
1103 860 1331 924 bellum
1367 869 1652 926 auctores
1681 870 1853 938 sunt,
1898 870 2036 926 octo
2066 863 2231 926 milia
2253 866 2368 928 Hi—

404 962 737 1023 spanorum
768 945 1201 1020 Gallorumque
1242 953 1304 1006 et
1346 946 1470 1006 duo
1499 947 1666 1008 milia
1702 948 1780 1008 de
1818 947 2063 1026 legione
2091 948 2366 1026 militum,

404 1031 673 1106 equitum
712 1029 906 1106 mille,
949 1030 1173 1092 mixtos
1201 1029 1493 1090 Numidas
1522 1031 1988 1108 Hispanosque,
2030 1031 2111 1092 M.
2139 1032 2369 1094 Lucre-

406 1114 553 1174 tium
581 1114 695 1174 has
725 1114 941 1190 copias
970 1114 1233 1176 navibus
1262 1113 1635 1184 adduxisse;
1667 1121 1726 1174 et
1753 1115 2202 1190 sagittariorum
2227 1117 2368 1182 fun—

403 1198 792 1272 ditorumque
819 1198 901 1257 ad
928 1197 1043 1258 tria
1068 1197 1233 1257 milia
1259 1213 1341 1259 ex
1367 1196 1574 1261 Sicilia
1604 1199 1666 1260 C.
1695 1198 2024 1262 Mamilium
2051 1199 2319 1264 misisse.

568 1281 833 1343 XXXIX.
876 1283 1198 1347 Auxerunt
1218 1283 1454 1345 Romae
1473 1283 1788 1346 tumultum
1808 1283 2042 1345 litterae
2069 1297 2148 1343 ex
2171 1283 2368 1346 Gallia

404 1365 646 1426 adlatae
686 1366 763 1426 ab
791 1366 858 1425 L.
886 1364 1104 1426 Porcio
1145 1372 1460 1442 praeterea
1496 1365 1945 1431 Hasdrubalem
1981 1367 2256 1428 movisse
2284 1383 2366 1430 ex

405 1447 675 1512 hibernis
717 1457 779 1510 et
816 1449 938 1510 iam
966 1450 1161 1524 Alpes
1189 1448 1483 1520 transire3
1527 1456 1666 1513 octo
1696 1450 1864 1510 milia
1887 1450 2178 1524 Ligurum
2217 1466 2360 1512 con-

404 1532 635 1607 scripta
674 1538 1029 1608 armataque
1071 1533 1472 1595 coniunctura
1511 1548 1584 1594 se
1623 1539 2013 1610 transgresso
2041 1533 2106 1594 in
2129 1535 2372 1598 Italiam

407 1631 567 1692 esse,
612 1615 731 1676 nisi
760 1615 1094 1680 mitteretur
1117 1616 1183 1676 in
1208 1615 1484 1692 Ligures,
1529 1617 1635 1692 qui
1665 1632 1778 1677 eos
1805 1616 1968 1680 bello
1999 1626 2369 1694 occuparets

408 1715 475 1761 se
504 1715 643 1760 cum
680 1698 951 1762 invalido
984 1699 1286 1773 exercitu,
1331 1701 1539 1774 quoad
1563 1707 1754 1764 tutum
1783 1707 2040 1776 putaret,
2076 1716 2370 1778 progres-

408 1797 630 1844 surum.
694 1784 815 1848 hae
841 1783 1076 1848 litterae
1105 1784 1394 1847 consules
1423 1784 1644 1860 raptim
1674 1785 1952 1846 confecto
1981 1785 2210 1848 dilectu
2235 1801 2370 1849 ma-

403 1868 600 1928 turius
646 1883 831 1941 quam
874 1867 1314 1930 constituerant
1351 1867 1520 1930 exire
1548 1868 1610 1928 in
1650 1868 2002 1944 provincias
2034 1878 2374 1944 coegerunt

376 1965 481 2012 'ea
508 1958 739 2026 mente,
782 1958 848 2012 ut
874 1959 1129 2026 uterque
1157 1952 1399 2014 hostem
1426 1951 1489 2013 in
1519 1968 1633 2014 sua
1659 1951 1978 2028 provincia
2010 1952 2370 2028 contineret,

405 2049 607 2110 neque
636 2035 922 2110 coniungi
952 2040 1055 2102 aut
1077 2036 1358 2096 conferre
1385 2035 1447 2094 in
1475 2052 1662 2097 unum
1684 2036 1847 2097 vires
1870 2042 2196 2112 pateretur.
2231 2037 2373 2112 plu-

405 2119 621 2178 rimum
648 2118 708 2177 in
740 2133 875 2180 eam
904 2133 1033 2186 rem
1072 2118 1308 2186 adiuvit
1335 2119 1544 2195 opinio
1573 2119 1960 2195 Hannibalis,
2007 2119 2208 2196 quud,
2252 2120 2372 2182 etsi

406 2218 479 2262 ea
520 2208 753 2264 aestate
779 2203 1171 2267 transiturum
1211 2202 1271 2263 in
1299 2203 1536 2266 Italiam
1561 2205 1808 2268 tratrem
1845 2204 2220 2280 crediderat,
2270 2220 2371 2264 re-

407 2286 739 2358 cordando,
764 2302 923 2360 quae
944 2286 1083 2363 ipse
1102 2286 1164 2346 in
1186 2288 1446 2348 transitu
1467 2303 1629 2349 nunc
1639 2273 1923 2351 Rhodani
1947 2287 2373 2366 nuncAlpium

406 2385 545 2431 cum
582 2368 933 2434 hominibus
974 2371 1257 2446 locisque
1298 2373 1630 2448 pugnando
1661 2387 1773 2448 per
1803 2371 2073 2446 quinque
2119 2387 2374 2436 menses

404 2454 813 2530 exhausisset,
835 2455 1316 2532 haudquaquam
1329 2463 1454 2516 tam
1471 2455 1712 2516 facilem
1732 2463 2156 2529 maturumque
2168 2463 2374 2518 traus-

404 2540 553 2600 itum
579 2539 1001 2617 exspectabat.
1067 2555 1143 2600 ea
1171 2540 1408 2603 tardius
1437 2538 1727 2600 movendi
1768 2555 1848 2601 ex
1874 2537 2147 2599 hibernis
2175 2554 2374 2603 causa

408 2623 535 2684 suit.
581 2630 851 2685 ceterum
877 2623 1247 2686 Hasdrubali
1276 2629 1340 2684 et
1367 2639 1484 2683 sua
1511 2628 1572 2684 et
1597 2622 1856 2684 aliorum
1883 2637 2000 2698 spe
2031 2621 2236 2685 omnia
2267 2638 2362 2682 ce·

405 2705 628 2766 leriora
676 2714 860 2781 atque
916 2706 1302 2782 expeditiora
1349 2707 1536 2770 ruere.
1618 2721 1742 2766 non
1796 2706 1955 2768 enim
2004 2713 2376 2784 receperunt

404 2789 589 2850 modo
618 2789 881 2850 Arverni
922 2806 1063 2853 eum
1105 2790 1527 2866 deincepsque
1553 2789 1711 2852 aliae
1741 2789 2009 2850 Gallicae
2049 2795 2234 2865 atque
2259 2790 2373 2849 Al·

406 2874 586 2949 pinae
615 2881 859 2948 gentes,
902 2874 1017 2933 sed
1044 2876 1227 2934 etiam
1256 2880 1507 2934 secutae
1537 2880 1682 2934 sunt
1719 2873 1804 2938 ad
1830 2873 2075 2936 bellum.
2140 2879 2202 2934 et
2229 2888 2372 2934 eum

405 2973 517 3030 per
542 2957 771 3019 munita
792 2957 1086 3032 pleraque
1115 2959 1373 3018 transitu
1402 2957 1621 3033 fratris,
1655 2973 1812 3032 quae
1839 2963 2022 3020 antea
2049 2957 2218 3018 invia
2237 2957 2371 3018 sue·

402 3045 553 3114 rant,
598 3038 876 3115 ducebat,
914 3047 1040 3100 tum
1066 3043 1246 3102 etiam
1277 3041 1603 3104 duodecim
1632 3057 1930 3102 annorum
1959 3040 2373 3110 adsuetudine

404 3123 635 3199 perviis
649 3123 913 3200 Alpibus
938 3125 1115 3186 factis
1144 3126 1302 3189 inter
1323 3126 1562 3188 mitiora
1588 3126 1712 3189 iam
1736 3123 2033 3186 transibat
2051 3122 2374 3186 hominum

404 3208 665 3284 ingenia.
728 3207 1019 3272 invisitati
1059 3225 1325 3284 namque
1362 3216 1544 3270 antea
1583 3208 1963 3285 alienigenis,
2009 3222 2126 3268 nec
2151 3206 2374 3270 videre

405 3293 523 3367 ipsi
565 3293 866 3353 advenam
906 3293 969 3354 in
1010 3309 1125 3354 sua
1151 3300 1314 3356 terra
1353 3293 1623 3366 adsueti,
1670 3293 1833 3354 omni
1859 3291 2070 3368 generi
2099 3290 2372 3354 humano

404 3375 795 3437 insociabiles
824 3385 1013 3439 erant.
1078 3384 1139 3437 et
1166 3377 1362 3452 primo
1393 3377 1604 3452 ignari,
1639 3394 1761 3453 quo
1789 3376 2032 3437 Poenus
2059 3381 2366 3452 pergeret,

404 3475 548 3520 suas
568 3476 755 3535 rupes
777 3477 1015 3537 suaque
1038 3463 1290 3522 castella
1318 3468 1380 3523 et
1403 3477 1698 3538 pecorum
1725 3459 2161 3535 hominumque
2185 3473 2357 3535 prae·
