2550 3959
626 242 857 304 unna
882 242 1093 304 xxm.
1138 242 1304 303 CAP.
1335 251 1422 307 33.
1451 252 1538 305 34.
1582 244 1655 320 [a.
1682 250 1726 301 c
1770 244 1897 323 204]
2121 241 2245 307 315

284 392 591 455 exercitus
623 392 813 454 missa
840 393 1113 470 imperat,
1155 401 1223 454 ut
1254 394 1666 455 circumducto
1698 393 1938 468 agmine
1967 394 2028 454 in
2057 409 2129 454 se
2157 394 2244 455 in·

285 484 513 537 tentum
550 476 793 538 hostem
832 477 909 537 ab
954 483 1125 552 tergo
1168 478 1437 539 invadat.
1515 485 1696 538 nocte
1739 478 2052 553 proiectus
2093 478 2244 537 Ver-

284 560 475 634 mina,
522 560 623 636 qui
668 576 746 619 ex
788 563 1031 623 occulto
1074 561 1488 659 adgressurus
1527 568 1686 621 erat:
1743 560 2002 639 Syphax
2045 569 2246 623 autem

284 644 547 705 interdiu
576 650 787 719 aperto
817 643 1062 719 itinere,
1104 652 1169 705 ut
1198 646 1302 719 qui
1331 646 1526 721 signis
1557 644 1793 705 collatis
1835 646 1967 705 acie
1999 645 2244 707 dimica

246 750 261 765 ·
282 736 453 789 turus
496 735 691 802 esset,
746 730 939 788 movit
979 734 1198 789 castra.
1270 729 1378 790 ubi
1415 735 1656 813 tempus
1697 728 1900 789 visum
1941 734 2062 825 est,
2121 744 2244 804 quo

284 812 645 888 pervenisse
685 811 803 872 iam
848 812 1248 873 circummissi
1277 812 1473 873 videri
1504 804 1806 889 poterant,
1851 818 1912 873 et
1952 814 2090 889 ipse
2121 814 2242 873 leni

284 898 445 956 clivo
476 894 709 957 serente
731 896 807 955 ad
832 896 1091 972 hostem,
1123 912 1260 957 cum
1289 896 1670 956 multitudine
1699 896 1888 957 fretus
1917 902 2046 957 tum
2066 912 2247 974 prae·

282 980 514 1056 paratis
543 979 621 1040 ab
650 986 825 1055 tergo
853 979 1095 1041 insidiis
1111 1025 1128 1055 ,
1172 996 1288 1057 per
1327 980 1657 1040 adversum
1684 988 1950 1041 montem
1981 988 2242 1042 erectam

284 1063 478 1123 aciem
520 1062 705 1122 ducit.
769 1063 1101 1125 Masinissa
1142 1062 1406 1124 maxime
1448 1064 1570 1125 loci
1599 1063 1854 1137 fiducia,
1903 1082 2026 1139 quo
2055 1066 2242 1126 multo

282 1148 577 1223 aequiore
616 1152 995 1223 pugnaturus
1052 1154 1211 1221 erat,
1279 1153 1340 1207 et
1389 1147 1528 1223 ipse
1570 1148 1774 1223 dirigit
1815 1163 1984 1209 suos.
2071 1154 2246 1210 atrox

282 1231 582 1306 proelium
611 1238 673 1293 ct
700 1230 801 1290 diu
832 1245 1063 1307 anceps
1094 1231 1231 1306 fuit,
1276 1232 1416 1292 loco
1449 1238 1509 1291 et
1535 1232 1754 1293 virtute
1782 1231 2035 1293 militum
2061 1232 2246 1293 Masi·

284 1314 543 1388 nissam,
587 1314 995 1391 multitudine,
1043 1331 1203 1391 quae
1230 1315 1418 1376 nimio
1453 1316 1650 1377 maior
1692 1320 1848 1390 erat,
1895 1314 2246 1393 Syphacem

282 1400 547 1461 iuvante.
607 1414 682 1458 ea
708 1399 1028 1461 multitudo
1060 1398 1292 1473 divisa,
1339 1414 1477 1460 cum
1505 1415 1653 1476 pars
1683 1416 1722 1459 a
1755 1399 1953 1461 fronte
1981 1406 2244 1475 urgeret,

284 1498 440 1559 pars
470 1480 547 1541 ab
576 1487 747 1558 tergo
778 1498 851 1543 se
886 1482 1407 1554 circumfudisset,
1447 1483 1766 1544 victoriam
1803 1482 1968 1543 haud
1999 1483 2246 1545 dubiam

284 1565 556 1643 Syphaci
579 1566 765 1641 dedit,
789 1574 851 1629 et
872 1582 949 1626 ne
972 1565 1265 1643 effugium
1293 1566 1538 1643 quidem
1564 1566 1812 1644 patebat
1831 1567 1974 1627 hinc
1997 1586 2035 1628 a
2049 1568 2247 1629 fronte

282 1650 422 1710 hinc
464 1650 542 1710 ab
584 1656 757 1725 tergo
802 1650 1074 1711 inclusis.
1134 1650 1342 1726 itaque
1382 1652 1566 1712 ceteri
1595 1651 1840 1727 pedites
1880 1652 2244 1727 equitesque

283 1733 448 1795 caesi
488 1740 592 1796 aut
631 1733 824 1811 captia
870 1734 1169 1795 ducentos
1212 1735 1403 1795 ferme
1442 1736 1682 1809 equites
1709 1733 2043 1795 Masinissa
2081 1734 2246 1797 circa

283 1835 353 1879 se
396 1819 799 1893 conglobatos
831 1818 1193 1895 divisosque
1220 1818 1522 1879 turmatim
1562 1818 1626 1878 in
1653 1826 1779 1879 tres
1809 1826 2016 1894 partes
2048 1834 2244 1881 erum·

281 1918 429 1978 pere
458 1902 639 1979 iubet,
682 1904 821 1965 loco
844 1901 1171 1980 ,praedicto
1213 1903 1273 1963 in
1309 1918 1488 1978 quem
1505 1918 1597 1961 .ex
1627 1902 1928 1978 dissipata
1954 1902 2245 1963 conveni·

281 1992 415 2046 rent
442 1986 605 2062 fuga.
668 1987 823 2064 ipse,
869 2004 993 2063 qua
1020 1987 1380 2062 intenderat,
1420 1986 1576 2047 inter
1603 1986 1806 2047 media
1832 1986 1953 2047 tela
1979 1986 2247 2047 hostium

282 2069 506 2131 evasit=
568 2072 726 2133 duae
765 2078 1000 2133 turmae
1040 2072 1332 2144 haesere;
1379 2072 1572 2132 altera
1608 2077 1773 2131 metu
1816 2071 2024 2131 dedita
2062 2071 2243 2143 hosti,

281 2154 651 2227 pertinacior
700 2156 762 2213 in
810 2156 1215 2231 repugnando
1266 2155 1405 2216 telis
1457 2153 1675 2217 obruta
1725 2161 1785 2215 et
1836 2155 2084 2216 confixa
2131 2161 2243 2214 est.

279 2236 631 2296 Verminam
687 2252 881 2312 prope
940 2239 1219 2314 vestigiis
1259 2239 1586 2299 instantem
1625 2240 1686 2298 in
1713 2240 1848 2299 valia
1890 2245 2074 2314 atque
2129 2239 2247 2299 alia

284 2318 594 2380 flectendo
624 2319 839 2379 itinera
880 2321 1169 2395 eludens,
1214 2322 1418 2381 taedio
1449 2328 1511 2381 et
1539 2322 1973 2397 desperatione
1998 2321 2247 2383 tandem

282 2404 517 2463 fessum
558 2402 860 2463 absistere
900 2406 1221 2479 sequendo
1264 2404 1485 2479 coegit.
1561 2405 1702 2479 ipse
1743 2422 1880 2466 cum
1927 2406 2246 2481 sexaginta

282 2486 589 2562 equitibus
619 2487 701 2547 ad
728 2487 1025 2548 minorem
1048 2486 1275 2565 Syrtim
1299 2487 1598 2562 pervenit.
1643 2488 1726 2547 ibi
1757 2505 1895 2549 cum
1927 2490 2244 2551 conscien-

280 2571 363 2631 tia
404 2571 651 2647 egregia
692 2585 883 2647 saepe
920 2571 1161 2647 repetiti
1189 2572 1362 2645 regni
1392 2570 1628 2646 paterni
1673 2572 1827 2632 inter
1854 2572 2082 2633 Punica
2106 2572 2237 2633 Em-

279 2656 459 2730 poria
499 2661 866 2730 gentemque
910 2657 1345 2716 Garamantum
1391 2670 1560 2716 omne
1607 2656 1751 2716 inde
1791 2662 2018 2733 tempus
2065 2674 2247 2731 usquc

280 2740 362 2799 ad
403 2738 467 2800 C.
510 2737 701 2799 Laelii
742 2738 1087 2814 classisque
1127 2739 1444 2799 Romanae
1497 2738 1829 2799 adventum
1873 2741 1935 2799 in
1974 2739 2244 2799 Africam

279 2822 680 2900 consumpsit.
754 2821 1203 2883 haemanimum
1231 2821 1553 2897 inclinant,
1598 2828 1664 2881 ut
1693 2837 1830 2881 cum
1857 2821 2102 2884 modico
2132 2839 2245 2899 po-

279 2908 399 2969 tius
444 2924 628 2984 quam
669 2920 807 2966 cum
846 2922 1067 3003 magno
1112 2905 1428 2982 praesidio
1473 2906 1742 2982 equitum
1785 2906 1864 2967 ad
1895 2905 2244 2981 Scipionem

280 3007 528 3068 quoque
573 2998 796 3068 postea
834 2990 1085 3051 venisse
1113 2990 1508 3052 Masinissam
1550 2989 1830 3050 credamz
1874 2990 2105 3067 quippe
2143 2990 2247 3050 illa

278 3076 554 3149 regnanti
582 3074 925 3149 multitude,
956 3072 1111 3135 haec
1140 3074 1418 3151 paucitas
1450 3074 1684 3135 exsulis
1715 3074 1994 3135 fortunae
2022 3087 2245 3134 conve-

278 3156 455 3217 niens
483 3164 596 3219 est

442 3239 710 3301 XXXIV.
766 3241 1304 3316 Carthaginienses
1334 3243 1434 3303 ala
1461 3244 1734 3318 equitum
1764 3257 1904 3303 cum
1933 3242 2244 3317 praefecto

278 3323 524 3398 amissa,
550 3324 669 3386 alio
694 3326 965 3401 equitatu
987 3342 1102 3401 per
1122 3342 1350 3388 novum
1373 3326 1660 3387 dilectum
1680 3333 2053 3402 comparato,
2081 3324 2246 3386 Han-

276 3422 501 3468 nonem
540 3407 901 3471 Hamilcaris
943 3409 1133 3469 filium
1172 3409 1552 3486 praeficiunt.
1613 3409 2060 3472 Hasdrubalem
2101 3407 2245 3469 sub-

276 3490 421 3553 inde
443 3506 515 3553 ac
542 3490 891 3568 Syphacem
919 3509 1033 3568 per
1052 3494 1282 3554 litteras
1306 3494 1692 3568 nuntiosque,
1725 3499 2036 3569 postremo
2064 3492 2240 3554 etiam
