2550 3959
450 277 481 310 ι
526 249 755 308 LIBER
781 250 1047 314 Xxvffl.
1090 251 1257 311 CAP.
1286 261 1374 312 21.
1405 261 1492 313 22.
1540 258 1612 326 [a.
1635 259 1704 311 c.
1733 261 1860 328 206]
2044 255 2168 322 245

192 407 364 482 gulis
389 411 529 466 sunt
557 405 638 464 ad
660 403 971 480 specimen
1002 404 1221 464 insitae
1244 405 1412 479 genti·
1432 405 1668 465 virtutis
1701 407 2169 486 ostendendum,
2287 445 2294 452 ·

192 490 303 550 alii
348 489 471 565 ipsi
514 486 781 565 professi
823 503 893 548 se
935 493 1314 563 pugnaturos
1355 488 1416 548 in
1456 489 1710 565 gratiam
1754 490 1930 551 ducis
1947 537 1961 566 ‚
2009 493 2170 554 alios

192 572 525 635 aemulatio
552 579 617 632 et
646 578 968 645 certamen,
1010 578 1077 631 ut
1104 577 1532 648 provocarent,
1568 574 1972 648 provocative
1999 576 2166 638 haud

192 657 567 731 abnuerent,
613 656 825 726 traxit;
870 656 1117 730 quidam
1132 703 1146 730 ,
1194 671 1349 730 quas
1367 656 1783 733 disceptando
1811 666 2159 722 controver-

194 744 329 802 sias
372 741 549 801 finire
590 738 951 816 nequierant
992 747 1097 800 aut
1136 741 1485 816 noluerant,
1531 748 1717 817 pacto
1759 745 1914 803 inter
1955 759 2054 818 se,
2097 752 2164 806 ut

192 827 498 886 victorem
538 838 643 885 res
676 829 1075 900 sequeretur,
1119 825 1283 886 ferro
1315 825 1741 887 decreverunt.
1802 843 2006 902 neque
2052 828 2156 888 ob-

193 909 367 972 scuri
408 909 649 985 generis
688 907 1001 982 homineS‚
1048 909 1162 968 sed
1192 909 1340 968 clari
1380 909 1798 986 illustresque,
1833 911 2062 973 Corbis
2104 919 2164 974 et

194 993 398 1054 Orsua
420 994 729 1069 patrueles
750 993 989 1066 fratres,
1014 992 1093 1052 de
1117 992 1460 1069 principatu
1480 993 1758 1068 civitatiS,
1787 1011 1969 1072 quam
1989 996 2162 1058 Idem

191 1078 533 1152 vocabant,
578 1077 955 1153 ambigentes
969 1121 984 1149 ,
1029 1077 1189 1137 ferro
1218 1091 1292 1136 se
1334 1083 1669 1138 certaturos
1700 1079 1968 1154 profess-i
1997 1087 2158 1142 sunt.

192 1161 417 1222 Corbis
442 1161 639 1222 maior
668 1168 796 1222 erat
824 1167 1049 1235 aetate3
1098 1159 1332 1221 Orsuae
1357 1167 1533 1236 pater
1559 1162 1848 1239 princeps
1880 1165 2160 1240 proxime

194 1247 424 1322 fuerat,
466 1262 505 1306 a
542 1245 730 1308 &atre-
764 1244 995 1306 maiore
1039 1251 1183 1321 post
1218 1252 1480 1306 mortem
1506 1246 1638 1306 eim
1671 1246 2018 1323 principatu
2054 1263 2159 1310 ac-

192 1337 399 1406 cepto.
445 1343 579 1389 cum
608 1329 815 1390 verbis
842 1329 1197 1404 disceptare
1210 1327 1420 1405 Scipio
1455 1331 1644 1390 vellet.
1662 1345 1737 1391 ac
1766 1332 1988 1391 sedare
2015 1332 2157 1408 iras,

190 1420 485 1490 negatum
510 1413 574 1474 id
602 1413 791 1474 ambo·
814 1413 1019 1473 dicere
1048 1412 1326 1488 cognatis
1358 1413 1800 1488 communibus,
1831 1431 1945 1476 nec
1973 1416 2156 1479 alium

138 1528 150 1538 ·
191 1499 455 1558 deorum
492 1497 885 1560 hominumve
929 1513 1113 1572 quam
1140 1497 1398 1559 Martem
1427 1513 1498 1558 se
1535 1498 1802 1560 iudicem
1841 1498 2156 1562 habi-turos

192 1596 359 1642 esse.
421 1582 651 1642 robore
674 1581 886 1657 maior,
915 1581 1113 1641 minor
1140 1579 1297 1642 flore
1325 1581 1542 1644 aetatis
1573 1583 1768 1658 ferox,
1811 1590 2068 1644 mortem
2095 1585 2157 1645 in

191 1664 539 1739 certamine3
568 1682 751 1742 quam
766 1672 837 1727 ut
856 1667 1009 1726 alter
1026 1665 1275 1728 alterius
1301 1665 1556 1742 imperio
1581 1666 1960 1729 subiceretur
1979 1684 2155 1744 prae-

191 1756 507 1828 optantes,
568 1762 706 1812 cum
746 1749 944 1809 dirimi
984 1749 1063 1808 ab
1102 1755 1273 1810 tanta
1311 1749 1481 1809 rabie
1521 1750 1866 1826 nequirent,
1917 1751 2158 1827 insigne

194 1833 617 1912 spectaculum
645 1833 939 1904 exercitui
965 1831 1310 1910 praebuere
1339 1833 1891 1911 documentumque
1904 1881 1922 1912 ,
1965 1851 2152 1912 quan⁴

192 1927 317 1978 tum
348 1916 922 1994 cupiditas-imperii
952 1917 1171 1977 malum
1202 1916 1360 1978 inter
1386 1918 1673 1979 mortales
1703 1925 1890 1982 esset.
1961 1920 2158 1980 maio-r

192 2017 310 2063 usu
355 2007 658 2062 armorum
700 2008 761 2060 et
798 2003 937 2063 astu
966 2001 1143 2062 facile
1184 2001 1442 2062 stolidas
1477 2002 1643 2063 vires
1681 2001 1935 2064 minoris
1971 2018 2154 2078 supe-

192 2086 363 2146 ravit.
403 2085 547 2147 huie
566 2085 968 2161 gladiatorum
992 2087 1346 2161 spectaculo
1370 2085 1495 2147 ludi
1517 2086 1804 2147 funebres
1825 2086 2021 2148 additi
2040 2103 2154 2163 pro

194 2170 375 2246 copia
402 2177 463 2230 et
491 2168 852 2246 provinciali
882 2177 943 2230 et
970 2171 1273 2232 castrensi
1305 2179 1619 2246 apparatus

358 2251 547 2316 XXII.
602 2254 737 2314 Res.
772 2253 1007 2314 interim
1038 2253 1228 2313 nihilo
1255 2253 1458 2314 vitinus
1501 2253 1826 2328 ablegatis
1855 2253 2151 2328 gereban-

191 2346 305 2399 tur.
368 2337 637 2398 Marcius
666 2337 1177 2414 superatovBaete
1204 2337 1399 2408 amni,
1445 2352 1628 2410 quem
1667 2337 1906 2398 incolae
1935 2336 2155 2398 Certim

194 2422 536 2498 appellant,
582 2422 739 2482 dua-s
769 2423 1098 2497 opulentas
1124 2419 1401 2480 civitates
1429 2420 1564 2490 sine
1593 2420 1924 2482 certamine
1953 2420 2018 2480 in
2046 2421 2150 2480 de·-

192 2505 481 2566 ditionem
532 2507 787 2582 aceepit.
870 2506 1113 2580 Astapa
1158 2503 1311 2566 urbs
1359 2511 1514 2580 erat,
1567 2502 2154 2578 Carthaginiensium

193 2603 439 2665 semper
468 2589 693 2665 partim
720 2605 925 2665 neque
952 2589 1017 2648 id
1044 2595 1167 2649 tam
1196 2588 1448 2662 dignum
1475 2587 1567 2648 ira
1595 2595 1738 2660 erat,
1769 2603 1956 2663 quam
1985 2587 2156 2663 quod

194 2680 367 2734 extra
396 2671 797 2736 necessitates
825 2672 970 2734 belli
998 2673 1400 2748 praecipuum
1427 2671 1490 2732 in
1515 2672 1835 2732 Romanos
1855 2671 2155 2746 gerebant

192 2757 419 2818 odium.
485 2772 599 2817 nec
638 2757 852 2818 urbem
894 2763 999 2818 eut
1034 2756 1158 2818 situ
1184 2762 1303 2817 -aut
1341 2755 1716 2816 munimento
1739 2761 1928 2816 tutam
1967 2755 2154 2816 habe·

192 2842 367 2916 bant,
410 2841 932 2916 quae-ferociores
960 2841 1039 2901 iis
1078 2840 1319 2902 animos
1351 2841 1610 2910 faceret3
1652 2839 1766 2900 sed
1792 2839 2038 2914 ingenia
2063 2841 2152 2901 in·

194 2925 460 2986 solarum
482 2925 805 2986 latrocinio
820 2925 997 3000 laeta,
1017 2930 1085 2985 ut
1106 2924 1506 2986 excursiones
1529 2924 1590 2984 in
1605 2923 1921 2985 finitimum
1943 2939 2154 2999 agrum

194 3007 502 3070 sociorum
530 3009 741 3086 populi
756 3007 1015 3070 Romani
1042 3009 1332 3084 facerent,
1361 3007 1727 3085 impulerant
1747 3015 1808 3068 et
1825 3023 2023 3084 vagos
2044 3007 2152 3068 mi-

192 3093 324 3154 lites
338 3093 655 3154 Romanos
673 3095 957 3169 lixasque
980 3099 1040 3152 et
1060 3099 1430 3154 mercatores
1455 3092 1824 3168 exciperent.
1867 3106 2154 3166 magnum

194 3177 368 3236 etiam
399 3177 765 3251 comitatum,
809 3177 953 3253 quia
982 3177 1197 3252 paucis
1229 3193 1444 3253 parum
1477 3183 1668 3238 tutum
1697 3178 1912 3247 fuerat,
1957 3182 2142 3235 trans-

193 3260 565 3336 gredientem
586 3261 743 3322 flnes
764 3261 985 3338 positis
1014 3260 1253 3322 insidiis
1280 3261 1749 3321 circumventum
1779 3258 1989 3333 iniquo
2013 3258 2152 3318 loco

194 3345 637 3406 interfecerunt.
705 3347 785 3408 ad
814 3346 973 3408 hanc
1012 3345 1228 3406 urbem
1269 3344 1744 3421 oppugnandam
1776 3358 1912 3404 cum
1943 3341 2153 3404 admo·

192 3435 289 3490 tus
316 3429 625 3491 exercitus
654 3437 853 3506 esset,
908 3428 1205 3506 oppidani
1234 3427 1610 3490 conscientia
1637 3427 1968 3502 scelerum,
2011 3426 2154 3504 quia

195 3527 305 3572 nec
344 3513 576 3576 deditio
621 3520 747 3574 tuta
788 3513 870 3574 ad
904 3519 1029 3574 tam
1070 3513 1330 3574 infestos
1365 3510 1714 3586 videbatur,
1759 3527 1962 3588 neque
2003 3525 2152 3588 spes
