<?xml version="1.0" encoding="UTF-8"?>
<!DOCTYPE html PUBLIC "-//W3C//DTD XHTML 1.0 Transitional//EN"
    "http://www.w3.org/TR/xhtml1/DTD/xhtml1-transitional.dtd">
<html xmlns="http://www.w3.org/1999/xhtml" xml:lang="en" lang="en">
 <head>
  <title>
</title>
<meta http-equiv="Content-Type" content="text/html;charset=utf-8" />
  <meta name='ocr-system' content='tesseract 3.04.00' />
  <meta name='ocr-capabilities' content='ocr_page ocr_carea ocr_par ocr_line ocrx_word'/>
</head>
<body>
  <div class='ocr_page' id='page_1' title='image "./aburbeconditali13livygoog_0188.png"; bbox 0 0 2550 3959; ppageno 0'>
   <div class='ocr_carea' id='block_1_1' title="bbox 588 193 2194 270">
    <p class='ocr_par' dir='ltr' id='par_1_1' title="bbox 588 193 2194 270">
     <span class='ocr_line' id='line_1_1' title="bbox 588 193 2194 270; baseline 0.002 -13"><span class='ocrx_word' id='word_1_1' title='bbox 588 194 814 258; x_wconf 82' lang='lat' dir='ltr'>LIBER</span> <span class='ocrx_word' id='word_1_2' title='bbox 842 194 1083 256; x_wconf 85' lang='lat' dir='ltr'>XXVII.</span> <span class='ocrx_word' id='word_1_3' title='bbox 1132 193 1298 257; x_wconf 75' lang='lat' dir='ltr'><strong>cAP.</strong></span> <span class='ocrx_word' id='word_1_4' title='bbox 1334 203 1385 255; x_wconf 90' lang='lat'><strong>1.</strong></span> <span class='ocrx_word' id='word_1_5' title='bbox 1417 203 1470 255; x_wconf 81' lang='lat'><strong>2.</strong></span> <span class='ocrx_word' id='word_1_6' title='bbox 1491 199 1592 267; x_wconf 66' lang='grc' dir='ltr'><strong>,[ᾳ.</strong></span> <span class='ocrx_word' id='word_1_7' title='bbox 1627 200 1692 252; x_wconf 83' lang='lat' dir='ltr'><strong>C.</strong></span> <span class='ocrx_word' id='word_1_8' title='bbox 1725 200 1852 267; x_wconf 74' lang='lat'>²10]</span> <span class='ocrx_word' id='word_1_9' title='bbox 2075 195 2194 270; x_wconf 78' lang='lat'><strong>161</strong></span> 
     </span>
    </p>
   </div>
   <div class='ocr_carea' id='block_1_2' title="bbox 218 345 2200 3604">
    <p class='ocr_par' dir='ltr' id='par_1_2' title="bbox 218 345 2197 2193">
     <span class='ocr_line' id='line_1_2' title="bbox 218 345 2196 425; baseline 0 -12"><span class='ocrx_word' id='word_1_10' title='bbox 218 351 407 413; x_wconf 78' lang='lat' dir='ltr'><strong>sitam</strong></span> <span class='ocrx_word' id='word_1_11' title='bbox 432 348 683 425; x_wconf 76' lang='lat' dir='ltr'><strong>ingenio</strong></span> <span class='ocrx_word' id='word_1_12' title='bbox 714 346 889 409; x_wconf 90' lang='lat' dir='ltr'><strong>ducis</strong></span> <span class='ocrx_word' id='word_1_13' title='bbox 920 345 1187 423; x_wconf 75' lang='lat' dir='ltr'>augebat</span> <span class='ocrx_word' id='word_1_14' title='bbox 1210 362 1361 423; x_wconf 82' lang='lat' dir='ltr'><strong>spes</strong></span> <span class='ocrx_word' id='word_1_15' title='bbox 1391 362 1496 421; x_wconf 85' lang='lat' dir='ltr'><strong>ea,</strong></span> <span class='ocrx_word' id='word_1_16' title='bbox 1544 348 1714 423; x_wconf 89' lang='lat' dir='ltr'><strong>quod</strong></span> <span class='ocrx_word' id='word_1_17' title='bbox 1741 349 1952 412; x_wconf 83' lang='lat' dir='ltr'><strong>labare</strong></span> <span class='ocrx_word' id='word_1_18' title='bbox 1979 350 2056 411; x_wconf 88' lang='lat' dir='ltr'><strong>iis</strong></span> <span class='ocrx_word' id='word_1_19' title='bbox 2085 352 2196 413; x_wconf 85' lang='lat' dir='ltr'><strong>ad-</strong></span> 
     </span>
     <span class='ocr_line' id='line_1_3' title="bbox 222 430 2195 509; baseline 0.001 -14"><span class='ocrx_word' id='word_1_20' title='bbox 222 450 449 497; x_wconf 72' lang='lat' dir='ltr'><strong>versus</strong></span> <span class='ocrx_word' id='word_1_21' title='bbox 476 432 748 494; x_wconf 85' lang='lat' dir='ltr'><strong>Poenum</strong></span> <span class='ocrx_word' id='word_1_22' title='bbox 776 431 961 491; x_wconf 88' lang='lat' dir='ltr'><strong>fidem</strong></span> <span class='ocrx_word' id='word_1_23' title='bbox 990 438 1286 505; x_wconf 74' lang='lat' dir='ltr'><strong>senserat,</strong></span> <span class='ocrx_word' id='word_1_24' title='bbox 1328 438 1657 507; x_wconf 83' lang='lat' dir='ltr'><strong>postquam</strong></span> <span class='ocrx_word' id='word_1_25' title='bbox 1685 430 1937 509; x_wconf 77' lang='lat' dir='ltr'>Salapia</span> <span class='ocrx_word' id='word_1_26' title='bbox 1963 434 2195 496; x_wconf 79' lang='lat' dir='ltr'><strong>amissa</strong></span> 
     </span>
     <span class='ocr_line' id='line_1_4' title="bbox 220 512 2196 581; baseline -0.001 -1"><span class='ocrx_word' id='word_1_27' title='bbox 220 512 703 581; x_wconf 72' lang='lat' dir='ltr'><strong>excessisseiIs</strong></span> <span class='ocrx_word' id='word_1_28' title='bbox 746 515 901 577; x_wconf 89' lang='lat' dir='ltr'><strong>locis</strong></span> <span class='ocrx_word' id='word_1_29' title='bbox 942 515 1003 575; x_wconf 89' lang='lat' dir='ltr'><strong>in</strong></span> <span class='ocrx_word' id='word_1_30' title='bbox 1030 514 1300 577; x_wconf 86' lang='lat' dir='ltr'><strong>Bruttios</strong></span> <span class='ocrx_word' id='word_1_31' title='bbox 1330 515 1730 578; x_wconf 84' lang='lat' dir='ltr'><strong>Hannibalem</strong></span> <span class='ocrx_word' id='word_1_32' title='bbox 1769 518 2042 579; x_wconf 87' lang='lat' dir='ltr'><strong>auditum</strong></span> <span class='ocrx_word' id='word_1_33' title='bbox 2079 524 2196 581; x_wconf 83' lang='lat' dir='ltr'><strong>est.</strong></span> 
     </span>
     <span class='ocr_line' id='line_1_5' title="bbox 224 596 2192 675; baseline 0 -12"><span class='ocrx_word' id='word_1_34' title='bbox 224 618 305 663; x_wconf 84' lang='lat' dir='ltr'><strong>ea</strong></span> <span class='ocrx_word' id='word_1_35' title='bbox 330 600 539 665; x_wconf 86' lang='lat' dir='ltr'><strong>omnia</strong></span> <span class='ocrx_word' id='word_1_36' title='bbox 568 600 647 665; x_wconf 84' lang='lat' dir='ltr'><strong>ab</strong></span> <span class='ocrx_word' id='word_1_37' title='bbox 660 600 991 663; x_wconf 79' lang='lat' dir='ltr'>Herdonea</span> <span class='ocrx_word' id='word_1_38' title='bbox 1018 614 1133 675; x_wconf 88' lang='lat' dir='ltr'><strong>per</strong></span> <span class='ocrx_word' id='word_1_39' title='bbox 1161 596 1438 663; x_wconf 79' lang='lat' dir='ltr'><strong>occultos</strong></span> <span class='ocrx_word' id='word_1_40' title='bbox 1466 600 1712 662; x_wconf 86' lang='lat' dir='ltr'><strong>nuntios</strong></span> <span class='ocrx_word' id='word_1_41' title='bbox 1743 596 1944 663; x_wconf 86' lang='lat' dir='ltr'><strong>delata</strong></span> <span class='ocrx_word' id='word_1_42' title='bbox 1963 602 2192 665; x_wconf 84' lang='lat' dir='ltr'><strong>Hanni·-</strong></span> 
     </span>
     <span class='ocr_line' id='line_1_6' title="bbox 225 682 2195 761; baseline 0 -14"><span class='ocrx_word' id='word_1_43' title='bbox 225 686 351 747; x_wconf 81' lang='lat' dir='ltr'><strong>bali</strong></span> <span class='ocrx_word' id='word_1_44' title='bbox 392 684 575 747; x_wconf 86' lang='lat' dir='ltr'><strong>simul</strong></span> <span class='ocrx_word' id='word_1_45' title='bbox 616 697 823 747; x_wconf 85' lang='lat' dir='ltr'><strong>curam</strong></span> <span class='ocrx_word' id='word_1_46' title='bbox 852 684 1061 745; x_wconf 83' lang='lat' dir='ltr'><strong>sociae</strong></span> <span class='ocrx_word' id='word_1_47' title='bbox 1102 682 1456 745; x_wconf 75' lang='lat' dir='ltr'><strong>retinendae</strong></span> <span class='ocrx_word' id='word_1_48' title='bbox 1495 683 1668 748; x_wconf 85' lang='lat' dir='ltr'><strong>urbis</strong></span> <span class='ocrx_word' id='word_1_49' title='bbox 1698 692 1758 745; x_wconf 89' lang='lat' dir='ltr'><strong>ct</strong></span> <span class='ocrx_word' id='word_1_50' title='bbox 1786 700 1962 761; x_wconf 89' lang='lat' dir='ltr'><strong>spem</strong></span> <span class='ocrx_word' id='word_1_51' title='bbox 1991 688 2195 747; x_wconf 82' lang='lat' dir='ltr'><strong>fecere</strong></span> 
     </span>
     <span class='ocr_line' id='line_1_7' title="bbox 223 766 2196 845; baseline 0.001 -16"><span class='ocrx_word' id='word_1_52' title='bbox 223 770 534 831; x_wconf 79' lang='lat' dir='ltr'><strong>incautum</strong></span> <span class='ocrx_word' id='word_1_53' title='bbox 574 768 816 829; x_wconf 82' lang='lat' dir='ltr'><strong>hostem</strong></span> <span class='ocrx_word' id='word_1_54' title='bbox 846 766 1269 845; x_wconf 83' lang='lat' dir='ltr'><strong>adgrediendi.</strong></span> <span class='ocrx_word' id='word_1_55' title='bbox 1331 770 1601 829; x_wconf 83' lang='lat' dir='ltr'><strong>exercitu</strong></span> <span class='ocrx_word' id='word_1_56' title='bbox 1643 769 1958 844; x_wconf 87' lang='lat' dir='ltr'><strong>expedito,</strong></span> <span class='ocrx_word' id='word_1_57' title='bbox 2002 771 2088 831; x_wconf 86' lang='lat' dir='ltr'><strong>ita</strong></span> <span class='ocrx_word' id='word_1_58' title='bbox 2128 778 2196 832; x_wconf 89' lang='lat' dir='ltr'><strong>ut</strong></span> 
     </span>
     <span class='ocr_line' id='line_1_8' title="bbox 222 851 2192 930; baseline 0.001 -16"><span class='ocrx_word' id='word_1_59' title='bbox 222 855 454 915; x_wconf 74' lang='lat' dir='ltr'><strong>famam</strong></span> <span class='ocrx_word' id='word_1_60' title='bbox 495 867 692 930; x_wconf 81' lang='lat' dir='ltr'><strong>prope</strong></span> <span class='ocrx_word' id='word_1_61' title='bbox 733 852 1147 927; x_wconf 77' lang='lat' dir='ltr'><strong>praeveniret„</strong></span> <span class='ocrx_word' id='word_1_62' title='bbox 1202 851 1440 927; x_wconf 84' lang='lat' dir='ltr'><strong>magnis</strong></span> <span class='ocrx_word' id='word_1_63' title='bbox 1479 852 1795 915; x_wconf 79' lang='lat' dir='ltr'><strong>itineribus</strong></span> <span class='ocrx_word' id='word_1_64' title='bbox 1835 855 1916 921; x_wconf 85' lang='lat' dir='ltr'><strong>ad</strong></span> <span class='ocrx_word' id='word_1_65' title='bbox 1957 854 2192 918; x_wconf 85' lang='lat' dir='ltr'><strong>Herdo-</strong></span> 
     </span>
     <span class='ocr_line' id='line_1_9' title="bbox 222 935 2195 1012; baseline 0 -13"><span class='ocrx_word' id='word_1_66' title='bbox 222 954 405 999; x_wconf 83' lang='lat' dir='ltr'><strong>neam</strong></span> <span class='ocrx_word' id='word_1_67' title='bbox 434 936 780 1010; x_wconf 64' lang='lat' dir='ltr'><strong>contendit,</strong></span> <span class='ocrx_word' id='word_1_68' title='bbox 824 942 885 997; x_wconf 90' lang='lat' dir='ltr'><strong>et</strong></span> <span class='ocrx_word' id='word_1_69' title='bbox 912 950 1035 1012; x_wconf 86' lang='lat' dir='ltr'><strong>quo</strong></span> <span class='ocrx_word' id='word_1_70' title='bbox 1067 936 1207 1011; x_wconf 85' lang='lat' dir='ltr'><strong>plus</strong></span> <span class='ocrx_word' id='word_1_71' title='bbox 1236 936 1485 998; x_wconf 84' lang='lat' dir='ltr'><strong>terroris</strong></span> <span class='ocrx_word' id='word_1_72' title='bbox 1515 935 1677 997; x_wconf 87' lang='lat' dir='ltr'><strong>hosti</strong></span> <span class='ocrx_word' id='word_1_73' title='bbox 1717 936 2013 1011; x_wconf 77' lang='lat' dir='ltr'><strong>obiceret,</strong></span> <span class='ocrx_word' id='word_1_74' title='bbox 2061 938 2195 1001; x_wconf 88' lang='lat' dir='ltr'><strong>acie</strong></span> 
     </span>
     <span class='ocr_line' id='line_1_10' title="bbox 224 1020 2192 1101; baseline -0.001 -17"><span class='ocrx_word' id='word_1_75' title='bbox 224 1025 523 1084; x_wconf 74' lang='lat' dir='ltr'><strong>instructa</strong></span> <span class='ocrx_word' id='word_1_76' title='bbox 549 1020 831 1081; x_wconf 82' lang='lat' dir='ltr'><strong>accessit.</strong></span> <span class='ocrx_word' id='word_1_77' title='bbox 894 1020 1029 1096; x_wconf 88' lang='lat' dir='ltr'><strong>pari</strong></span> <span class='ocrx_word' id='word_1_78' title='bbox 1054 1020 1318 1083; x_wconf 79' lang='lat' dir='ltr'><strong>audacia</strong></span> <span class='ocrx_word' id='word_1_79' title='bbox 1340 1022 1676 1101; x_wconf 80' lang='lat' dir='ltr'><strong>Romanus,</strong></span> <span class='ocrx_word' id='word_1_80' title='bbox 1723 1023 1984 1085; x_wconf 87' lang='lat' dir='ltr'><strong>consilio</strong></span> <span class='ocrx_word' id='word_1_81' title='bbox 2015 1030 2076 1085; x_wconf 88' lang='lat' dir='ltr'><strong>et</strong></span> <span class='ocrx_word' id='word_1_82' title='bbox 2102 1024 2192 1083; x_wconf 89' lang='lat' dir='ltr'><strong>vi·</strong></span> 
     </span>
     <span class='ocr_line' id='line_1_11' title="bbox 222 1102 2193 1183; baseline 0.002 -16"><span class='ocrx_word' id='word_1_83' title='bbox 222 1105 399 1169; x_wconf 81' lang='lat' dir='ltr'><strong>ribus</strong></span> <span class='ocrx_word' id='word_1_84' title='bbox 428 1106 643 1181; x_wconf 83' lang='lat' dir='ltr'><strong>impar,</strong></span> <span class='ocrx_word' id='word_1_85' title='bbox 684 1102 883 1181; x_wconf 87' lang='lat' dir='ltr'><strong>copiis</strong></span> <span class='ocrx_word' id='word_1_86' title='bbox 910 1104 1131 1181; x_wconf 80' lang='lat' dir='ltr'><strong>raptim</strong></span> <span class='ocrx_word' id='word_1_87' title='bbox 1158 1104 1400 1167; x_wconf 82' lang='lat' dir='ltr'><strong>eductis</strong></span> <span class='ocrx_word' id='word_1_88' title='bbox 1426 1102 1726 1165; x_wconf 83' lang='lat' dir='ltr'><strong>conflixit.</strong></span> <span class='ocrx_word' id='word_1_89' title='bbox 1793 1106 2004 1181; x_wconf 83' lang='lat' dir='ltr'><strong>quinta</strong></span> <span class='ocrx_word' id='word_1_90' title='bbox 2027 1107 2193 1183; x_wconf 84' lang='lat' dir='ltr'><strong>legio</strong></span> 
     </span>
     <span class='ocr_line' id='line_1_12' title="bbox 221 1187 2192 1265; baseline -0.001 -14"><span class='ocrx_word' id='word_1_91' title='bbox 221 1197 289 1251; x_wconf 88' lang='lat' dir='ltr'><strong>et</strong></span> <span class='ocrx_word' id='word_1_92' title='bbox 314 1188 565 1251; x_wconf 83' lang='lat' dir='ltr'><strong>sinistra</strong></span> <span class='ocrx_word' id='word_1_93' title='bbox 591 1188 689 1249; x_wconf 82' lang='lat' dir='ltr'><strong>ala</strong></span> <span class='ocrx_word' id='word_1_94' title='bbox 716 1188 937 1251; x_wconf 82' lang='lat' dir='ltr'><strong>acriter</strong></span> <span class='ocrx_word' id='word_1_95' title='bbox 963 1204 1231 1265; x_wconf 76' lang='lat' dir='ltr'><strong>pugnam</strong></span> <span class='ocrx_word' id='word_1_96' title='bbox 1261 1187 1540 1249; x_wconf 86' lang='lat' dir='ltr'><strong>inierunt.</strong></span> <span class='ocrx_word' id='word_1_97' title='bbox 1604 1195 1870 1254; x_wconf 86' lang='lat' dir='ltr'><strong>ceterum</strong></span> <span class='ocrx_word' id='word_1_98' title='bbox 1892 1191 2192 1251; x_wconf 82' lang='lat' dir='ltr'><strong>Hannibal</strong></span> 
     </span>
     <span class='ocr_line' id='line_1_13' title="bbox 220 1271 2190 1351; baseline 0.001 -17"><span class='ocrx_word' id='word_1_99' title='bbox 220 1274 408 1349; x_wconf 75' lang='lat' dir='ltr'><strong>sig-no</strong></span> <span class='ocrx_word' id='word_1_100' title='bbox 452 1271 758 1349; x_wconf 88' lang='lat' dir='ltr'><strong>equitibus</strong></span> <span class='ocrx_word' id='word_1_101' title='bbox 791 1273 969 1349; x_wconf 84' lang='lat' dir='ltr'><strong>dato,</strong></span> <span class='ocrx_word' id='word_1_102' title='bbox 1011 1279 1106 1347; x_wconf 89' lang='lat' dir='ltr'><strong>ut,</strong></span> <span class='ocrx_word' id='word_1_103' title='bbox 1152 1286 1291 1334; x_wconf 86' lang='lat' dir='ltr'><strong>cum</strong></span> <span class='ocrx_word' id='word_1_104' title='bbox 1321 1273 1644 1349; x_wconf 78' lang='lat' dir='ltr'><strong>pedestres</strong></span> <span class='ocrx_word' id='word_1_105' title='bbox 1677 1273 1846 1335; x_wconf 87' lang='lat' dir='ltr'><strong>acies</strong></span> <span class='ocrx_word' id='word_1_106' title='bbox 1891 1290 2190 1351; x_wconf 89' lang='lat' dir='ltr'><strong>occupas-</strong></span> 
     </span>
     <span class='ocr_line' id='line_1_14' title="bbox 221 1356 2192 1440; baseline 0 -21"><span class='ocrx_word' id='word_1_107' title='bbox 221 1364 365 1440; x_wconf 83' lang='lat' dir='ltr'><strong>sent</strong></span> <span class='ocrx_word' id='word_1_108' title='bbox 392 1356 701 1433; x_wconf 78' lang='lat' dir='ltr'><strong>praesenti</strong></span> <span class='ocrx_word' id='word_1_109' title='bbox 731 1356 1071 1419; x_wconf 80' lang='lat' dir='ltr'><strong>certamine</strong></span> <span class='ocrx_word' id='word_1_110' title='bbox 1102 1358 1320 1419; x_wconf 86' lang='lat' dir='ltr'><strong>oculos</strong></span> <span class='ocrx_word' id='word_1_111' title='bbox 1356 1356 1758 1433; x_wconf 76' lang='lat' dir='ltr'><strong>animosque,</strong></span> <span class='ocrx_word' id='word_1_112' title='bbox 1803 1356 2192 1419; x_wconf 83' lang='lat' dir='ltr'><strong>circumvecti</strong></span> 
     </span>
     <span class='ocr_line' id='line_1_15' title="bbox 222 1440 2190 1519; baseline 0.001 -17"><span class='ocrx_word' id='word_1_113' title='bbox 222 1456 377 1519; x_wconf 81' lang='lat' dir='ltr'><strong>pars</strong></span> <span class='ocrx_word' id='word_1_114' title='bbox 418 1447 623 1503; x_wconf 88' lang='lat' dir='ltr'><strong>castra</strong></span> <span class='ocrx_word' id='word_1_115' title='bbox 648 1440 919 1503; x_wconf 84' lang='lat' dir='ltr'><strong>hostium</strong></span> <span class='ocrx_word' id='word_1_116' title='bbox 960 1457 1108 1517; x_wconf 87' lang='lat' dir='ltr'><strong>pars</strong></span> <span class='ocrx_word' id='word_1_117' title='bbox 1136 1447 1310 1518; x_wconf 78' lang='lat' dir='ltr'><strong>terga</strong></span> <span class='ocrx_word' id='word_1_118' title='bbox 1338 1441 1772 1519; x_wconf 76' lang='lat' dir='ltr'><strong>trepidantium</strong></span> <span class='ocrx_word' id='word_1_119' title='bbox 1816 1441 2190 1516; x_wconf 85' lang='lat' dir='ltr'><strong>invaderent,</strong></span> 
     </span>
     <span class='ocr_line' id='line_1_16' title="bbox 220 1524 2194 1603; baseline 0 -16"><span class='ocrx_word' id='word_1_120' title='bbox 220 1526 364 1603; x_wconf 81' lang='lat' dir='ltr'><strong>ipse</strong></span> <span class='ocrx_word' id='word_1_121' title='bbox 404 1524 467 1585; x_wconf 88' lang='lat' dir='ltr'><strong>in</strong></span> <span class='ocrx_word' id='word_1_122' title='bbox 492 1524 692 1587; x_wconf 86' lang='lat' dir='ltr'><strong>Fulvii</strong></span> <span class='ocrx_word' id='word_1_123' title='bbox 728 1524 1184 1588; x_wconf 84' lang='lat' dir='ltr'><strong>similitudinem</strong></span> <span class='ocrx_word' id='word_1_124' title='bbox 1224 1524 1520 1599; x_wconf 85' lang='lat' dir='ltr'><strong>nominis,</strong></span> <span class='ocrx_word' id='word_1_125' title='bbox 1580 1525 1724 1601; x_wconf 84' lang='lat' dir='ltr'><strong>quia</strong></span> <span class='ocrx_word' id='word_1_126' title='bbox 1765 1526 1871 1587; x_wconf 86' lang='lat' dir='ltr'><strong>Cn.</strong></span> <span class='ocrx_word' id='word_1_127' title='bbox 1913 1526 2194 1589; x_wconf 88' lang='lat' dir='ltr'><strong>Fulvium</strong></span> 
     </span>
     <span class='ocr_line' id='line_1_17' title="bbox 220 1607 2192 1687; baseline 0.001 -18"><span class='ocrx_word' id='word_1_128' title='bbox 220 1614 572 1687; x_wconf 81' lang='lat' dir='ltr'><strong>praetorem</strong></span> <span class='ocrx_word' id='word_1_129' title='bbox 610 1608 861 1671; x_wconf 77' lang='lat' dir='ltr'><strong>biennIo</strong></span> <span class='ocrx_word' id='word_1_130' title='bbox 902 1616 1043 1671; x_wconf 84' lang='lat' dir='ltr'><strong>ante</strong></span> <span class='ocrx_word' id='word_1_131' title='bbox 1084 1608 1147 1669; x_wconf 89' lang='lat' dir='ltr'><strong>in</strong></span> <span class='ocrx_word' id='word_1_132' title='bbox 1187 1608 1388 1672; x_wconf 88' lang='lat' dir='ltr'><strong>isdem</strong></span> <span class='ocrx_word' id='word_1_133' title='bbox 1416 1607 1727 1671; x_wconf 85' lang='lat' dir='ltr'><strong>devicerat</strong></span> <span class='ocrx_word' id='word_1_134' title='bbox 1765 1610 1954 1687; x_wconf 66' lang='lat' dir='ltr'><strong>locis‚‘</strong></span> <span class='ocrx_word' id='word_1_135' title='bbox 1996 1611 2192 1673; x_wconf 88' lang='lat' dir='ltr'><strong>incre-</strong></span> 
     </span>
     <span class='ocr_line' id='line_1_18' title="bbox 222 1692 2195 1771; baseline 0 -16"><span class='ocrx_word' id='word_1_136' title='bbox 222 1710 418 1771; x_wconf 82' lang='lat' dir='ltr'><strong>pans,</strong></span> <span class='ocrx_word' id='word_1_137' title='bbox 460 1692 721 1755; x_wconf 75' lang='lat' dir='ltr'><strong>similem</strong></span> <span class='ocrx_word' id='word_1_138' title='bbox 761 1700 1044 1755; x_wconf 87' lang='lat' dir='ltr'><strong>eventum</strong></span> <span class='ocrx_word' id='word_1_139' title='bbox 1087 1708 1332 1769; x_wconf 78' lang='lat' dir='ltr'><strong>pugnae</strong></span> <span class='ocrx_word' id='word_1_140' title='bbox 1375 1694 1506 1753; x_wconf 82' lang='lat' dir='ltr'><strong>fore</strong></span> <span class='ocrx_word' id='word_1_141' title='bbox 1550 1693 1929 1757; x_wconf 81' lang='lat' dir='ltr'><strong>adfirmabat.</strong></span> <span class='ocrx_word' id='word_1_142' title='bbox 1991 1711 2195 1771; x_wconf 83' lang='lat' dir='ltr'><strong>neque</strong></span> 
     </span>
     <span class='ocr_line' id='line_1_19' title="bbox 222 1776 2197 1854; baseline 0 -15"><span class='ocrx_word' id='word_1_143' title='bbox 222 1794 305 1839; x_wconf 88' lang='lat' dir='ltr'><strong>ea</strong></span> <span class='ocrx_word' id='word_1_144' title='bbox 340 1793 491 1854; x_wconf 86' lang='lat' dir='ltr'><strong>spes</strong></span> <span class='ocrx_word' id='word_1_145' title='bbox 524 1778 867 1839; x_wconf 60' lang='lat' dir='ltr'><strong>vana-fuiti</strong></span> <span class='ocrx_word' id='word_1_146' title='bbox 924 1793 1069 1838; x_wconf 86' lang='lat' dir='ltr'><strong>nam</strong></span> <span class='ocrx_word' id='word_1_147' title='bbox 1096 1793 1234 1841; x_wconf 85' lang='lat' dir='ltr'><strong>cum</strong></span> <span class='ocrx_word' id='word_1_148' title='bbox 1264 1776 1606 1840; x_wconf 82' lang='lat' dir='ltr'><strong>comminus</strong></span> <span class='ocrx_word' id='word_1_149' title='bbox 1647 1776 1780 1839; x_wconf 85' lang='lat' dir='ltr'><strong>acie</strong></span> <span class='ocrx_word' id='word_1_150' title='bbox 1820 1784 1882 1842; x_wconf 86' lang='lat' dir='ltr'><strong>et</strong></span> <span class='ocrx_word' id='word_1_151' title='bbox 1921 1778 2197 1854; x_wconf 82' lang='lat' dir='ltr'><strong>peditum-</strong></span> 
     </span>
     <span class='ocr_line' id='line_1_20' title="bbox 224 1860 2192 1935; baseline 0.001 -12"><span class='ocrx_word' id='word_1_152' title='bbox 224 1861 557 1923; x_wconf 80' lang='lat' dir='ltr'><strong>eertamine</strong></span> <span class='ocrx_word' id='word_1_153' title='bbox 596 1861 767 1923; x_wconf 85' lang='lat' dir='ltr'><strong>multi</strong></span> <span class='ocrx_word' id='word_1_154' title='bbox 808 1860 1178 1923; x_wconf 78' lang='lat' dir='ltr'><strong>cecidissent</strong></span> <span class='ocrx_word' id='word_1_155' title='bbox 1216 1861 1668 1935; x_wconf 73' lang='lat' dir='ltr'><strong>ananorum‚</strong></span> <span class='ocrx_word' id='word_1_156' title='bbox 1722 1866 1956 1923; x_wconf 85' lang='lat' dir='ltr'><strong>starent</strong></span> <span class='ocrx_word' id='word_1_157' title='bbox 1991 1868 2192 1923; x_wconf 84' lang='lat' dir='ltr'><strong>tamen</strong></span> 
     </span>
     <span class='ocr_line' id='line_1_21' title="bbox 224 1941 2194 2024; baseline 0 -17"><span class='ocrx_word' id='word_1_158' title='bbox 224 1946 479 2007; x_wconf 87' lang='lat' dir='ltr'><strong>ordines</strong></span> <span class='ocrx_word' id='word_1_159' title='bbox 510 1946 843 2021; x_wconf 80' lang='lat' dir='ltr'><strong>signaque,</strong></span> <span class='ocrx_word' id='word_1_160' title='bbox 890 1946 1195 2021; x_wconf 81' lang='lat' dir='ltr'><strong>equestris</strong></span> <span class='ocrx_word' id='word_1_161' title='bbox 1222 1946 1516 2007; x_wconf 83' lang='lat' dir='ltr'><strong>tumultus</strong></span> <span class='ocrx_word' id='word_1_162' title='bbox 1544 1962 1586 2008; x_wconf 83' lang='lat' dir='ltr'><strong>a</strong></span> <span class='ocrx_word' id='word_1_163' title='bbox 1613 1949 1786 2021; x_wconf 80' lang='lat' dir='ltr'><strong>tergo</strong></span> <span class='ocrx_word' id='word_1_164' title='bbox 1817 1945 1998 2024; x_wconf 75' lang='lat' dir='ltr'><strong>simul</strong></span> <span class='ocrx_word' id='word_1_165' title='bbox 2026 1962 2065 2007; x_wconf 93' lang='lat' dir='ltr'><strong>a</strong></span> <span class='ocrx_word' id='word_1_166' title='bbox 2093 1941 2194 2007; x_wconf 80' lang='lat' dir='ltr'><strong>ca·</strong></span> 
     </span>
     <span class='ocr_line' id='line_1_22' title="bbox 224 2028 2192 2107; baseline -0.001 -15"><span class='ocrx_word' id='word_1_167' title='bbox 224 2030 371 2092; x_wconf 86' lang='lat' dir='ltr'><strong>stris</strong></span> <span class='ocrx_word' id='word_1_168' title='bbox 402 2030 635 2091; x_wconf 89' lang='lat' dir='ltr'><strong>clamor</strong></span> <span class='ocrx_word' id='word_1_169' title='bbox 662 2029 903 2090; x_wconf 89' lang='lat' dir='ltr'><strong>hostilis</strong></span> <span class='ocrx_word' id='word_1_170' title='bbox 934 2030 1179 2091; x_wconf 86' lang='lat' dir='ltr'><strong>auditus</strong></span> <span class='ocrx_word' id='word_1_171' title='bbox 1210 2036 1451 2091; x_wconf 83' lang='lat' dir='ltr'><strong>sextam</strong></span> <span class='ocrx_word' id='word_1_172' title='bbox 1480 2035 1622 2091; x_wconf 82' lang='lat' dir='ltr'><strong>ante</strong></span> <span class='ocrx_word' id='word_1_173' title='bbox 1650 2028 1987 2107; x_wconf 83' lang='lat' dir='ltr'><strong>legionem,</strong></span> <span class='ocrx_word' id='word_1_174' title='bbox 2033 2046 2192 2107; x_wconf 83' lang='lat' dir='ltr'><strong>quae</strong></span> 
     </span>
     <span class='ocr_line' id='line_1_23' title="bbox 219 2112 2192 2193; baseline -0.001 -17"><span class='ocrx_word' id='word_1_175' title='bbox 219 2114 291 2176; x_wconf 84' lang='lat' dir='ltr'><strong>in</strong></span> <span class='ocrx_word' id='word_1_176' title='bbox 318 2114 597 2177; x_wconf 83' lang='lat' dir='ltr'><strong>secunda</strong></span> <span class='ocrx_word' id='word_1_177' title='bbox 624 2114 759 2175; x_wconf 87' lang='lat' dir='ltr'><strong>acie</strong></span> <span class='ocrx_word' id='word_1_178' title='bbox 790 2112 991 2190; x_wconf 83' lang='lat' dir='ltr'><strong>posita</strong></span> <span class='ocrx_word' id='word_1_179' title='bbox 1012 2114 1181 2191; x_wconf 87' lang='lat' dir='ltr'><strong>prior</strong></span> <span class='ocrx_word' id='word_1_180' title='bbox 1208 2113 1285 2175; x_wconf 87' lang='lat' dir='ltr'><strong>ab</strong></span> <span class='ocrx_word' id='word_1_181' title='bbox 1301 2113 1578 2176; x_wconf 87' lang='lat' dir='ltr'><strong>Numidis</strong></span> <span class='ocrx_word' id='word_1_182' title='bbox 1606 2113 1846 2175; x_wconf 86' lang='lat' dir='ltr'><strong>turbata</strong></span> <span class='ocrx_word' id='word_1_183' title='bbox 1873 2122 1986 2189; x_wconf 88' lang='lat' dir='ltr'><strong>est,</strong></span> <span class='ocrx_word' id='word_1_184' title='bbox 2019 2115 2192 2193; x_wconf 89' lang='lat' dir='ltr'><strong>quin-</strong></span> 
     </span>
    </p>

    <p class='ocr_par' dir='ltr' id='par_1_3' title="bbox 226 2197 2190 2274">
     <span class='ocr_line' id='line_1_24' title="bbox 226 2197 2190 2274; baseline -0.002 -11"><span class='ocrx_word' id='word_1_185' title='bbox 226 2208 357 2263; x_wconf 83' lang='lat' dir='ltr'><strong>tam</strong></span> <span class='ocrx_word' id='word_1_186' title='bbox 398 2197 626 2261; x_wconf 82' lang='lat' dir='ltr'><strong>deinde</strong></span> <span class='ocrx_word' id='word_1_187' title='bbox 667 2204 853 2274; x_wconf 86' lang='lat' dir='ltr'><strong>atque</strong></span> <span class='ocrx_word' id='word_1_188' title='bbox 896 2213 1008 2259; x_wconf 89' lang='lat' dir='ltr'><strong>eos</strong></span> <span class='ocrx_word' id='word_1_189' title='bbox 1040 2198 1147 2273; x_wconf 80' lang='lat' dir='ltr'><strong>qui</strong></span> <span class='ocrx_word' id='word_1_190' title='bbox 1182 2198 1264 2258; x_wconf 85' lang='lat' dir='ltr'><strong>ad</strong></span> <span class='ocrx_word' id='word_1_191' title='bbox 1308 2198 1504 2274; x_wconf 84' lang='lat' dir='ltr'><strong>prima</strong></span> <span class='ocrx_word' id='word_1_192' title='bbox 1533 2197 1711 2273; x_wconf 84' lang='lat' dir='ltr'><strong>signa</strong></span> <span class='ocrx_word' id='word_1_193' title='bbox 1752 2205 1925 2259; x_wconf 88' lang='lat' dir='ltr'><strong>erant</strong></span> <span class='ocrx_word' id='word_1_194' title='bbox 1951 2199 2190 2261; x_wconf 76' lang='lat' dir='ltr'><strong>avertit.</strong></span> 
     </span>
    </p>

    <p class='ocr_par' dir='ltr' id='par_1_4' title="bbox 222 2279 2192 2360">
     <span class='ocr_line' id='line_1_25' title="bbox 222 2279 2192 2360; baseline 0 -17"><span class='ocrx_word' id='word_1_195' title='bbox 222 2298 373 2360; x_wconf 85' lang='lat' dir='ltr'><strong>pars</strong></span> <span class='ocrx_word' id='word_1_196' title='bbox 400 2282 463 2343; x_wconf 89' lang='lat' dir='ltr'><strong>in</strong></span> <span class='ocrx_word' id='word_1_197' title='bbox 494 2282 703 2357; x_wconf 72' lang='lat' dir='ltr'><strong>rugam·</strong></span> <span class='ocrx_word' id='word_1_198' title='bbox 730 2279 931 2358; x_wconf 81' lang='lat' dir='ltr'><strong>effusi,</strong></span> <span class='ocrx_word' id='word_1_199' title='bbox 970 2298 1117 2359; x_wconf 83' lang='lat' dir='ltr'><strong>pars</strong></span> <span class='ocrx_word' id='word_1_200' title='bbox 1146 2280 1225 2342; x_wconf 90' lang='lat' dir='ltr'><strong>in</strong></span> <span class='ocrx_word' id='word_1_201' title='bbox 1234 2280 1444 2343; x_wconf 81' lang='lat' dir='ltr'><strong>medic</strong></span> <span class='ocrx_word' id='word_1_202' title='bbox 1472 2280 1657 2355; x_wconf 85' lang='lat' dir='ltr'><strong>caesi,</strong></span> <span class='ocrx_word' id='word_1_203' title='bbox 1696 2280 1800 2342; x_wconf 88' lang='lat' dir='ltr'><strong>ubi</strong></span> <span class='ocrx_word' id='word_1_204' title='bbox 1832 2282 2058 2359; x_wconf 88' lang='lat' dir='ltr'><strong>etipse</strong></span> <span class='ocrx_word' id='word_1_205' title='bbox 2085 2282 2192 2345; x_wconf 85' lang='lat' dir='ltr'><strong>Cn.</strong></span> 
     </span>
    </p>

    <p class='ocr_par' dir='ltr' id='par_1_5' title="bbox 220 2328 2192 2430">
     <span class='ocr_line' id='line_1_26' title="bbox 220 2328 2192 2430; baseline 0 -2"><span class='ocrx_word' id='word_1_206' title='bbox 220 2366 475 2428; x_wconf 79' lang='lat' dir='ltr'><strong>Fulvius</strong></span> <span class='ocrx_word' id='word_1_207' title='bbox 518 2376 656 2427; x_wconf 88' lang='lat' dir='ltr'><strong>cum</strong></span> <span class='ocrx_word' id='word_1_208' title='bbox 698 2328 983 2428; x_wconf 83' lang='lat' dir='ltr'><strong>undecim</strong></span> <span class='ocrx_word' id='word_1_209' title='bbox 1008 2365 1266 2428; x_wconf 89' lang='lat' dir='ltr'><strong>tribunis</strong></span> <span class='ocrx_word' id='word_1_210' title='bbox 1296 2365 1550 2430; x_wconf 87' lang='lat' dir='ltr'><strong>militum</strong></span> <span class='ocrx_word' id='word_1_211' title='bbox 1579 2364 1818 2428; x_wconf 88' lang='lat' dir='ltr'><strong>cecidit.</strong></span> <span class='ocrx_word' id='word_1_212' title='bbox 1881 2367 2192 2428; x_wconf 87' lang='lat' dir='ltr'><strong>Romano·</strong></span> 
     </span>
    </p>

    <p class='ocr_par' dir='ltr' id='par_1_6' title="bbox 222 2446 2196 2780">
     <span class='ocr_line' id='line_1_27' title="bbox 222 2446 2194 2526; baseline 0 -15"><span class='ocrx_word' id='word_1_213' title='bbox 222 2468 361 2512; x_wconf 83' lang='lat' dir='ltr'><strong>rum</strong></span> <span class='ocrx_word' id='word_1_214' title='bbox 382 2450 821 2525; x_wconf 85' lang='lat' dir='ltr'><strong>sociorumque</strong></span> <span class='ocrx_word' id='word_1_215' title='bbox 844 2456 995 2526; x_wconf 89' lang='lat' dir='ltr'><strong>quot</strong></span> <span class='ocrx_word' id='word_1_216' title='bbox 1014 2464 1201 2513; x_wconf 82' lang='lat' dir='ltr'><strong>caesa</strong></span> <span class='ocrx_word' id='word_1_217' title='bbox 1221 2449 1284 2511; x_wconf 92' lang='lat' dir='ltr'><strong>in</strong></span> <span class='ocrx_word' id='word_1_218' title='bbox 1314 2464 1390 2511; x_wconf 88' lang='lat' dir='ltr'><strong>eo</strong></span> <span class='ocrx_word' id='word_1_219' title='bbox 1415 2448 1650 2525; x_wconf 89' lang='lat' dir='ltr'><strong>proelio</strong></span> <span class='ocrx_word' id='word_1_220' title='bbox 1680 2446 1847 2510; x_wconf 89' lang='lat' dir='ltr'><strong>milia</strong></span> <span class='ocrx_word' id='word_1_221' title='bbox 1875 2449 2014 2523; x_wconf 89' lang='lat' dir='ltr'><strong>sint,</strong></span> <span class='ocrx_word' id='word_1_222' title='bbox 2049 2450 2194 2525; x_wconf 89' lang='lat' dir='ltr'><strong>quis</strong></span> 
     </span>
     <span class='ocr_line' id='line_1_28' title="bbox 224 2531 2196 2614; baseline -0.002 -18"><span class='ocrx_word' id='word_1_223' title='bbox 224 2550 341 2614; x_wconf 88' lang='lat' dir='ltr'><strong>pro</strong></span> <span class='ocrx_word' id='word_1_224' title='bbox 382 2540 567 2595; x_wconf 86' lang='lat' dir='ltr'><strong>certo</strong></span> <span class='ocrx_word' id='word_1_225' title='bbox 594 2534 903 2609; x_wconf 87' lang='lat' dir='ltr'><strong>adfirmet,</strong></span> <span class='ocrx_word' id='word_1_226' title='bbox 952 2550 1090 2595; x_wconf 89' lang='lat' dir='ltr'><strong>cum</strong></span> <span class='ocrx_word' id='word_1_227' title='bbox 1117 2532 1412 2595; x_wconf 86' lang='lat' dir='ltr'><strong>tredecim</strong></span> <span class='ocrx_word' id='word_1_228' title='bbox 1436 2532 1606 2595; x_wconf 84' lang='lat' dir='ltr'><strong>milia</strong></span> <span class='ocrx_word' id='word_1_229' title='bbox 1631 2531 1810 2607; x_wconf 84' lang='lat' dir='ltr'><strong>alibi,</strong></span> <span class='ocrx_word' id='word_1_230' title='bbox 1853 2532 1999 2603; x_wconf 82' lang='lat' dir='ltr'><strong>alibi</strong></span> <span class='ocrx_word' id='word_1_231' title='bbox 2025 2532 2196 2594; x_wconf 84' lang='lat' dir='ltr'><strong>haud</strong></span> 
     </span>
     <span class='ocr_line' id='line_1_29' title="bbox 222 2616 2196 2699; baseline -0.001 -21"><span class='ocrx_word' id='word_1_232' title='bbox 222 2619 369 2696; x_wconf 87' lang='lat' dir='ltr'><strong>plus</strong></span> <span class='ocrx_word' id='word_1_233' title='bbox 412 2634 598 2699; x_wconf 88' lang='lat' dir='ltr'><strong>quam</strong></span> <span class='ocrx_word' id='word_1_234' title='bbox 638 2623 877 2698; x_wconf 82' lang='lat' dir='ltr'><strong>septem</strong></span> <span class='ocrx_word' id='word_1_235' title='bbox 930 2618 1255 2679; x_wconf 87' lang='lat' dir='ltr'><strong>inveniam</strong></span> <span class='ocrx_word' id='word_1_236' title='bbox 1334 2617 1556 2679; x_wconf 88' lang='lat' dir='ltr'><strong>castris</strong></span> <span class='ocrx_word' id='word_1_237' title='bbox 1585 2616 1956 2693; x_wconf 77' lang='lat' dir='ltr'><strong>praedaque</strong></span> <span class='ocrx_word' id='word_1_238' title='bbox 2000 2616 2196 2679; x_wconf 85' lang='lat' dir='ltr'><strong>victor</strong></span> 
     </span>
     <span class='ocr_line' id='line_1_30' title="bbox 224 2695 2196 2780; baseline -0.002 -16"><span class='ocrx_word' id='word_1_239' title='bbox 224 2702 473 2780; x_wconf 85' lang='lat' dir='ltr'><strong>potitur.</strong></span> <span class='ocrx_word' id='word_1_240' title='bbox 542 2702 933 2763; x_wconf 85' lang='lat' dir='ltr'><strong>Herdoneam</strong></span> <span class='ocrx_word' id='word_1_241' title='bbox 964 2701 1111 2779; x_wconf 83' lang='lat' dir='ltr'><strong>quia</strong></span> <span class='ocrx_word' id='word_1_242' title='bbox 1137 2708 1199 2763; x_wconf 90' lang='lat' dir='ltr'><strong>et</strong></span> <span class='ocrx_word' id='word_1_243' title='bbox 1226 2695 1602 2763; x_wconf 83' lang='lat' dir='ltr'><strong>defecturam</strong></span> <span class='ocrx_word' id='word_1_244' title='bbox 1630 2699 1826 2761; x_wconf 80' lang='lat' dir='ltr'><strong>fuisse</strong></span> <span class='ocrx_word' id='word_1_245' title='bbox 1863 2701 1946 2762; x_wconf 87' lang='lat' dir='ltr'><strong>ad</strong></span> <span class='ocrx_word' id='word_1_246' title='bbox 1971 2701 2196 2764; x_wconf 83' lang='lat' dir='ltr'><strong>Roma·</strong></span> 
     </span>
    </p>

    <p class='ocr_par' dir='ltr' id='par_1_7' title="bbox 222 2780 2194 2947">
     <span class='ocr_line' id='line_1_31' title="bbox 222 2780 2194 2863; baseline -0.003 -14"><span class='ocrx_word' id='word_1_247' title='bbox 222 2803 345 2849; x_wconf 85' lang='lat' dir='ltr'><strong>nos</strong></span> <span class='ocrx_word' id='word_1_248' title='bbox 376 2786 693 2863; x_wconf 85' lang='lat' dir='ltr'><strong>comperit,</strong></span> <span class='ocrx_word' id='word_1_249' title='bbox 722 2801 841 2849; x_wconf 89' lang='lat' dir='ltr'><strong>nec</strong></span> <span class='ocrx_word' id='word_1_250' title='bbox 867 2802 1219 2848; x_wconf 83' lang='lat' dir='ltr'><strong>mansuram</strong></span> <span class='ocrx_word' id='word_1_251' title='bbox 1248 2786 1310 2846; x_wconf 90' lang='lat' dir='ltr'><strong>in</strong></span> <span class='ocrx_word' id='word_1_252' title='bbox 1333 2780 1477 2861; x_wconf 84' lang='lat' dir='ltr'><strong>fide,</strong></span> <span class='ocrx_word' id='word_1_253' title='bbox 1507 2784 1562 2847; x_wconf 90' lang='lat' dir='ltr'><strong>si</strong></span> <span class='ocrx_word' id='word_1_254' title='bbox 1590 2783 1734 2845; x_wconf 88' lang='lat' dir='ltr'><strong>inde</strong></span> <span class='ocrx_word' id='word_1_255' title='bbox 1761 2784 2194 2857; x_wconf 84' lang='lat' dir='ltr'><strong>abscessisset,</strong></span> 
     </span>
     <span class='ocr_line' id='line_1_32' title="bbox 222 2868 2195 2947; baseline -0.002 -15"><span class='ocrx_word' id='word_1_256' title='bbox 222 2870 609 2933; x_wconf 68' lang='lat' dir='ltr'><strong>misstitudine</strong></span> <span class='ocrx_word' id='word_1_257' title='bbox 652 2870 819 2933; x_wconf 89' lang='lat' dir='ltr'><strong>omni</strong></span> <span class='ocrx_word' id='word_1_258' title='bbox 845 2870 1265 2947; x_wconf 84' lang='lat' dir='ltr'><strong>Metapontum</strong></span> <span class='ocrx_word' id='word_1_259' title='bbox 1293 2885 1368 2931; x_wconf 84' lang='lat' dir='ltr'><strong>ac</strong></span> <span class='ocrx_word' id='word_1_260' title='bbox 1393 2868 1654 2932; x_wconf 85' lang='lat' dir='ltr'><strong>Thurios</strong></span> <span class='ocrx_word' id='word_1_261' title='bbox 1683 2868 2006 2931; x_wconf 83' lang='lat' dir='ltr'><strong>traducta</strong></span> <span class='ocrx_word' id='word_1_262' title='bbox 1987 2882 2195 2929; x_wconf 86' lang='lat' dir='ltr'><strong>meen-</strong></span> 
     </span>
    </p>

    <p class='ocr_par' dir='ltr' id='par_1_8' title="bbox 220 2952 2199 3282">
     <span class='ocr_line' id='line_1_33' title="bbox 224 2952 2197 3032; baseline -0.002 -16"><span class='ocrx_word' id='word_1_263' title='bbox 224 2955 345 3026; x_wconf 82' lang='lat' dir='ltr'><strong>dit;</strong></span> <span class='ocrx_word' id='word_1_264' title='bbox 390 2954 619 3017; x_wconf 88' lang='lat' dir='ltr'><strong>occidit</strong></span> <span class='ocrx_word' id='word_1_265' title='bbox 658 2954 1002 3032; x_wconf 78' lang='lat' dir='ltr'><strong>principeS,</strong></span> <span class='ocrx_word' id='word_1_266' title='bbox 1044 2954 1149 3031; x_wconf 90' lang='lat' dir='ltr'><strong>qui</strong></span> <span class='ocrx_word' id='word_1_267' title='bbox 1187 2970 1328 3015; x_wconf 88' lang='lat' dir='ltr'><strong>cum</strong></span> <span class='ocrx_word' id='word_1_268' title='bbox 1355 2952 1568 3015; x_wconf 85' lang='lat' dir='ltr'><strong>Fulvio</strong></span> <span class='ocrx_word' id='word_1_269' title='bbox 1605 2952 1914 3029; x_wconf 83' lang='lat' dir='ltr'><strong>colloquia</strong></span> <span class='ocrx_word' id='word_1_270' title='bbox 1955 2953 2197 3015; x_wconf 86' lang='lat' dir='ltr'><strong>occulta</strong></span> 
     </span>
     <span class='ocr_line' id='line_1_34' title="bbox 220 3037 2197 3116; baseline -0.001 -17"><span class='ocrx_word' id='word_1_271' title='bbox 220 3038 522 3101; x_wconf 90' lang='lat' dir='ltr'><strong>habuisse</strong></span> <span class='ocrx_word' id='word_1_272' title='bbox 553 3038 851 3116; x_wconf 89' lang='lat' dir='ltr'><strong>comperti</strong></span> <span class='ocrx_word' id='word_1_273' title='bbox 880 3044 1041 3099; x_wconf 83' lang='lat' dir='ltr'><strong>sunt.</strong></span> <span class='ocrx_word' id='word_1_274' title='bbox 1096 3037 1376 3113; x_wconf 88' lang='lat' dir='ltr'><strong>Romani,</strong></span> <span class='ocrx_word' id='word_1_275' title='bbox 1408 3038 1512 3114; x_wconf 90' lang='lat' dir='ltr'><strong>qui</strong></span> <span class='ocrx_word' id='word_1_276' title='bbox 1539 3054 1619 3099; x_wconf 84' lang='lat' dir='ltr'><strong>ex</strong></span> <span class='ocrx_word' id='word_1_277' title='bbox 1648 3042 1818 3099; x_wconf 86' lang='lat' dir='ltr'><strong>tanta</strong></span> <span class='ocrx_word' id='word_1_278' title='bbox 1846 3037 2023 3099; x_wconf 89' lang='lat' dir='ltr'><strong>clade</strong></span> <span class='ocrx_word' id='word_1_279' title='bbox 2052 3052 2197 3098; x_wconf 82' lang='lat' dir='ltr'><strong>eva·</strong></span> 
     </span>
     <span class='ocr_line' id='line_1_35' title="bbox 225 3120 2199 3195; baseline -0.002 -11"><span class='ocrx_word' id='word_1_280' title='bbox 225 3127 468 3195; x_wconf 88' lang='lat' dir='ltr'><strong>serant,</strong></span> <span class='ocrx_word' id='word_1_281' title='bbox 512 3121 779 3183; x_wconf 81' lang='lat' dir='ltr'><strong>diversis</strong></span> <span class='ocrx_word' id='word_1_282' title='bbox 820 3120 1135 3185; x_wconf 83' lang='lat' dir='ltr'><strong>itineribus</strong></span> <span class='ocrx_word' id='word_1_283' title='bbox 1176 3136 1515 3183; x_wconf 87' lang='lat' dir='ltr'><strong>semermes</strong></span> <span class='ocrx_word' id='word_1_284' title='bbox 1557 3121 1640 3182; x_wconf 87' lang='lat' dir='ltr'><strong>ad</strong></span> <span class='ocrx_word' id='word_1_285' title='bbox 1665 3120 2019 3182; x_wconf 85' lang='lat' dir='ltr'><strong>Marcellum</strong></span> <span class='ocrx_word' id='word_1_286' title='bbox 2051 3135 2199 3181; x_wconf 77' lang='lat' dir='ltr'><strong>con--</strong></span> 
     </span>
     <span class='ocr_line' id='line_1_36' title="bbox 224 3204 1304 3282; baseline -0.003 -15"><span class='ocrx_word' id='word_1_287' title='bbox 224 3206 427 3268; x_wconf 82' lang='lat' dir='ltr'><strong>sulem</strong></span> <span class='ocrx_word' id='word_1_288' title='bbox 455 3206 516 3266; x_wconf 91' lang='lat' dir='ltr'><strong>in</strong></span> <span class='ocrx_word' id='word_1_289' title='bbox 548 3204 863 3267; x_wconf 81' lang='lat' dir='ltr'><strong>Samnium</strong></span> <span class='ocrx_word' id='word_1_290' title='bbox 892 3205 1304 3282; x_wconf 77' lang='lat' dir='ltr'><strong>perfugerant.</strong></span> 
     </span>
    </p>

    <p class='ocr_par' dir='ltr' id='par_1_9' title="bbox 224 3288 2200 3533">
     <span class='ocr_line' id='line_1_37' title="bbox 397 3288 2198 3352; baseline 0 -3"><span class='ocrx_word' id='word_1_291' title='bbox 397 3289 472 3349; x_wconf 86' lang='lat'><strong>11.</strong></span> <span class='ocrx_word' id='word_1_292' title='bbox 534 3289 865 3351; x_wconf 84' lang='lat' dir='ltr'><strong>Marcellus</strong></span> <span class='ocrx_word' id='word_1_293' title='bbox 896 3288 1045 3350; x_wconf 87' lang='lat' dir='ltr'><strong>nihil</strong></span> <span class='ocrx_word' id='word_1_294' title='bbox 1073 3288 1405 3352; x_wconf 87' lang='lat' dir='ltr'><strong>admodum</strong></span> <span class='ocrx_word' id='word_1_295' title='bbox 1435 3294 1600 3350; x_wconf 77' lang='lat' dir='ltr'><strong>tanta</strong></span> <span class='ocrx_word' id='word_1_296' title='bbox 1627 3289 1806 3351; x_wconf 89' lang='lat' dir='ltr'><strong>clade</strong></span> <span class='ocrx_word' id='word_1_297' title='bbox 1831 3288 2074 3350; x_wconf 87' lang='lat' dir='ltr'><strong>territus</strong></span> <span class='ocrx_word' id='word_1_298' title='bbox 2101 3288 2198 3349; x_wconf 86' lang='lat' dir='ltr'><strong>lit-</strong></span> 
     </span>
     <span class='ocr_line' id='line_1_38' title="bbox 224 3372 2198 3437; baseline -0.003 -1"><span class='ocrx_word' id='word_1_299' title='bbox 224 3373 373 3436; x_wconf 87' lang='lat' dir='ltr'><strong>teris</strong></span> <span class='ocrx_word' id='word_1_300' title='bbox 387 3374 647 3435; x_wconf 85' lang='lat' dir='ltr'><strong>Romam</strong></span> <span class='ocrx_word' id='word_1_301' title='bbox 667 3374 749 3435; x_wconf 88' lang='lat' dir='ltr'><strong>ad</strong></span> <span class='ocrx_word' id='word_1_302' title='bbox 766 3378 1045 3437; x_wconf 88' lang='lat' dir='ltr'><strong>senatum</strong></span> <span class='ocrx_word' id='word_1_303' title='bbox 1060 3372 1138 3434; x_wconf 86' lang='lat' dir='ltr'><strong>de</strong></span> <span class='ocrx_word' id='word_1_304' title='bbox 1154 3372 1314 3433; x_wconf 85' lang='lat' dir='ltr'><strong>duce</strong></span> <span class='ocrx_word' id='word_1_305' title='bbox 1336 3377 1396 3434; x_wconf 84' lang='lat' dir='ltr'><strong>et</strong></span> <span class='ocrx_word' id='word_1_306' title='bbox 1417 3372 1688 3435; x_wconf 82' lang='lat' dir='ltr'><strong>exercitu</strong></span> <span class='ocrx_word' id='word_1_307' title='bbox 1711 3372 1793 3435; x_wconf 89' lang='lat' dir='ltr'><strong>ad</strong></span> <span class='ocrx_word' id='word_1_308' title='bbox 1805 3372 2198 3434; x_wconf 87' lang='lat' dir='ltr'><strong>Herdoneam</strong></span> 
     </span>
     <span class='ocr_line' id='line_1_39' title="bbox 226 3454 2200 3533; baseline -0.002 -14"><span class='ocrx_word' id='word_1_309' title='bbox 226 3457 459 3520; x_wconf 86' lang='lat' dir='ltr'><strong>amisso</strong></span> <span class='ocrx_word' id='word_1_310' title='bbox 490 3456 730 3519; x_wconf 73' lang='lat' dir='ltr'><strong>scribitz</strong></span> <span class='ocrx_word' id='word_1_311' title='bbox 762 3460 1045 3521; x_wconf 78' lang='lat' dir='ltr'><strong>&#39;ceterum</strong></span> <span class='ocrx_word' id='word_1_312' title='bbox 1073 3456 1338 3520; x_wconf 85' lang='lat' dir='ltr'><strong>eundem</strong></span> <span class='ocrx_word' id='word_1_313' title='bbox 1366 3472 1454 3533; x_wconf 88' lang='lat' dir='ltr'><strong>se,</strong></span> <span class='ocrx_word' id='word_1_314' title='bbox 1503 3454 1606 3533; x_wconf 84' lang='lat' dir='ltr'><strong>qui</strong></span> <span class='ocrx_word' id='word_1_315' title='bbox 1637 3461 1782 3533; x_wconf 86' lang='lat' dir='ltr'><strong>post</strong></span> <span class='ocrx_word' id='word_1_316' title='bbox 1809 3456 2200 3519; x_wconf 83' lang='lat' dir='ltr'><strong>Cannensem</strong></span> 
     </span>
    </p>

    <p class='ocr_par' dir='ltr' id='par_1_10' title="bbox 312 3541 1776 3604">
     <span class='ocr_line' id='line_1_40' title="bbox 312 3541 1776 3604; baseline 0 -3"><span class='ocrx_word' id='word_1_317' title='bbox 312 3558 365 3601; x_wconf 80' lang='grc' dir='ltr'><strong>τ.</strong></span> <span class='ocrx_word' id='word_1_318' title='bbox 398 3557 521 3602; x_wconf 76' lang='lat' dir='ltr'><strong>mvi</strong></span> <span class='ocrx_word' id='word_1_319' title='bbox 550 3556 703 3604; x_wconf 67' lang='lat' dir='ltr'><strong>mins</strong></span> <span class='ocrx_word' id='word_1_320' title='bbox 728 3541 827 3602; x_wconf 86' lang='lat'>111.</span> <span class='ocrx_word' id='word_1_321' title='bbox 1716 3550 1776 3601; x_wconf 83' lang='grc'><strong>11</strong></span> 
     </span>
    </p>
   </div>
  </div>
 </body>
</html>
