2550 3959
414 241 533 308 186
742 243 975 304 LIBER
1001 242 1241 302 xxvii.
1291 241 1456 302 cAP.
1485 225 1573 305 io.
1619 243 1692 322 [a.
1723 249 1792 302 n.
1825 266 1873 304 ο.
1903 249 2031 317 543]

407 397 567 472 pulis
598 395 955 472 absumpsit.
1018 393 1236 452 Paucis
1266 400 1414 468 post
1443 393 1742 470 proelium
1774 395 1998 453 factum
2028 395 2108 453 ad
2137 395 2376 456 Baecu-

404 482 524 541 lam
573 479 821 555 diebus‚
882 493 1021 538 cum
1064 477 1271 554 Scipio
1315 478 1564 537 rediens
1605 479 1727 538 iam
1765 477 2173 538 Tarraconem
2217 479 2376 542 saltu

405 563 833 643 Castulonensi
847 563 1244 636 excessisset,
1268 560 1620 621 Hasdrubal
1637 561 1924 636 Gisgonis
1940 563 2102 622 filius
2120 569 2180 623 et
2191 563 2373 640 Mago

402 651 809 724 imperatores
836 661 915 705 ex
935 645 1224 706 ulteriore
1237 645 1538 720 Hispania
1561 647 1641 704 ad
1655 645 2105 707 Hasdrubalem
2131 663 2375 724 venere,

404 749 610 793 serum
640 737 784 807 post
811 732 969 789 male
998 737 1235 804 gestam
1261 745 1392 788 rem
1422 729 1742 804 auxilium,
1789 729 2049 792 consilio
2078 730 2139 790 in
2173 738 2377 792 cetera

404 815 808 889 exsequenda
846 813 989 874 belli
1022 811 1186 874 haud
1215 825 1433 890 parum
1477 815 1825 890 opportuni.
1889 814 1974 874 ibi
2013 814 2375 876 conferenti-

406 899 548 974 buS,
597 897 747 974 quid
788 896 849 956 in
892 898 1191 974 cuiusque
1221 897 1579 978 provinciae
1608 898 1860 972 regione
1903 898 2242 958 animorum
2271 899 2375 960 Hi-

402 983 617 1058 spanis
648 977 833 1058 esset,
862 997 1025 1042 unus
1050 980 1402 1042 Hasdrubal
1425 981 1715 1056 Gisgonis
1742 981 2016 1042 ultimam
2043 983 2377 1058 Hispaniae

404 1082 591 1138 oram,
638 1081 797 1140 quae
828 1065 908 1124 ad
940 1063 1249 1125 Oceanum
1281 1071 1340 1123 et
1369 1065 1574 1126 Gades
1603 1066 1828 1140 vergit,
1869 1065 2145 1140 ignaram
2175 1067 2374 1128 adhuc

400 1151 819 1232 Romanorum
874 1163 1047 1222 esse,
1108 1165 1310 1224 eoque
1353 1147 1952 1223 Carthaginiensibus
1997 1150 2146 1210 satis
2186 1149 2375 1213 fidam

404 1233 725 1295 censebat:
770 1233 925 1291 inter
944 1233 1394 1293 Hasdrubalem
1423 1234 1676 1292 alterum
1707 1239 1766 1294 et
1783 1231 2110 1308 Magonem
2133 1243 2376 1296 consta·

401 1319 523 1393 bat,
554 1317 873 1378 beneficiis
890 1315 1199 1392 Scipionis
1225 1324 1563 1392 occupatos
1588 1317 1854 1377 omnium
1879 1315 2114 1379 animos
2133 1319 2377 1394 publice

383 1403 809 1478 privatimque
832 1415 993 1473 esse,
1018 1416 1135 1460 nec
1154 1399 1620 1461 transitionibus
1644 1401 1828 1461 tinem
1853 1409 1992 1462 ante
2015 1403 2164 1475 fore,
2193 1418 2376 1478 quam

404 1501 619 1547 omnes
646 1485 908 1559 Hispani
949 1485 1169 1545 milites
1214 1491 1318 1545 aut
1360 1486 1419 1544 in
1447 1485 1656 1546 ultima
1684 1485 2018 1561 Hispaniae
2059 1487 2243 1549 amoti
2257 1496 2380 1552 aut

401 1570 661 1630 traducti
690 1569 751 1628 in
784 1567 1039 1628 Galliam
1070 1569 1286 1628 forent.
1353 1569 1587 1646 itaque,
1635 1569 1816 1629 etiam
1846 1570 1900 1630 si
1943 1580 2194 1631 senatus
2231 1569 2376 1630 Car-

400 1653 875 1728 thaginiensium
906 1668 1030 1713 non
1062 1653 1428 1728 censuisset,
1476 1653 1743 1713 eundum
1772 1661 1974 1714 tamen
2003 1653 2376 1715 Hasdrubali

401 1738 596 1798 fnisse
623 1737 685 1796 in
714 1737 966 1810 Italiam,
999 1736 1103 1796 ubi
1134 1736 1277 1796 belli
1309 1743 1510 1811 caput,
1539 1749 1746 1794 rerum
1777 1751 2016 1795 summa
2045 1742 2242 1807 esset;
2291 1738 2378 1797 si-

402 1823 523 1881 mul
553 1822 865 1896 Hispanos
910 1835 1123 1880 ornnes
1166 1821 1381 1894 procul
1424 1819 1502 1878 ab
1541 1818 1787 1878 nominc
1817 1817 2125 1894 Scipionis
2164 1833 2242 1878 ex
2268 1819 2380 1880 Hi-

364 1911 369 1914 '
402 1906 623 1982 spania
666 1904 1031 1964 abduceret:
1076 1904 1385 1964 exercitus
1419 1902 1550 1963 eius
1582 1916 1720 1962 cum
1753 1903 2216 1964 transitionibus
2243 1909 2373 1966 tum

402 1991 667 2050 adverso
699 1988 935 2064 proelio
967 1987 1346 2046 imminutum
1367 1985 1658 2062 Hispanis
1689 1987 1913 2061 repleri
1941 1987 2252 2048 militibus.
2315 1995 2382 2048 et

401 2065 726 2146 Magonem
746 2070 1117 2130 Hasdrubali
1142 2069 1431 2147 Gisgonis
1462 2071 1588 2131 filio
1617 2071 1838 2131 tradito
1871 2071 2140 2131 exercitu
2171 2072 2380 2148 ipsum

400 2171 541 2216 cum
580 2155 796 2230 grandi
839 2155 1102 2231 pecunia
1143 2155 1225 2214 ad
1270 2154 1677 2215 conducenda
1717 2155 2004 2214 mercede
2045 2155 2273 2215 auxilia
2313 2159 2377 2216 in

402 2239 675 2300 Baliares
696 2239 977 2299 traicere.
1016 2237 1464 2298 Hasdrubalem
1479 2237 1766 2314 Gisgonis
1798 2253 1937 2299 cum
1967 2241 2240 2300 exercitu
2263 2255 2377 2316 pe-

404 2325 564 2384 nitus
595 2324 655 2383 in
676 2323 1053 2384 Lusitaniam
1084 2322 1254 2382 abire
1276 2337 1393 2381 nec
1417 2339 1552 2383 cum
1577 2322 1874 2383 Romanis
1906 2337 2122 2382 manus
2153 2339 2381 2384 conse-

406 2423 559 2468 rere.
624 2405 998 2467 Masinissae
1028 2419 1107 2466 ex
1150 2407 1316 2467 omni
1345 2407 1649 2480 equitatu,
1699 2407 1867 2482 quod
1895 2404 2138 2468 roboris
2185 2413 2380 2484 esset,

402 2493 517 2551 tria
544 2491 711 2552 milia
740 2491 1013 2567 equitum
1040 2491 1296 2566 expleri,
1343 2505 1607 2566 eumque
1633 2505 1860 2565 vagum
1888 2505 2004 2566 per
2033 2491 2382 2552 citeriorem

400 2573 763 2652 Hispaniam
786 2575 975 2634 sociis
1006 2589 1186 2649 opem
1210 2575 1390 2648 ferre,
1424 2575 1688 2635 hostium
1719 2573 1949 2650 oppida
1973 2580 2156 2650 atque
2186 2591 2379 2651 agros

404 2658 711 2734 populari.
756 2658 855 2718 his
888 2656 1149 2718 decretis
1182 2657 1262 2719 ad
1294 2658 1698 2732 exsequenda
1729 2671 1888 2733 quae
1918 2663 2255 2720 statuerant
2286 2659 2376 2720 di·

402 2740 620 2818 gressi.
684 2742 839 2802 haec
868 2757 943 2802 eo
977 2754 1137 2802 anno
1168 2743 1230 2802 in
1258 2739 1557 2818 Hispania
1587 2748 1738 2801 acta.

574 2827 811 2886 Romae
857 2826 1019 2885 sama
1048 2825 1357 2902 Scipionis
1402 2825 1461 2884 in
1506 2825 1640 2886 dies
1686 2836 1994 2899 crescere,
2039 2821 2228 2888 Fabio
2259 2829 2380 2886 Ta·

402 2915 638 2969 rentum
693 2915 935 2984 captum
980 2917 1121 2970 astu
1160 2909 1357 2984 magis
1402 2925 1583 2984 quam
1625 2910 1848 2970 virtute
1899 2907 2133 2984 gloriae·
2171 2917 2376 2971 tamen

402 3008 565 3064 esse,
596 2991 794 3052 Fulvii
825 3004 1156 3053 senescere
1184 2995 1363 3065 fama,
1405 2993 1732 3053 Marcellus
1763 2993 1943 3052 etiam
1973 2995 2241 3056 adverso
2273 3008 2374 3056 ru⁴

402 3091 576 3137 more
606 3091 767 3150 esse,
802 3092 1176 3152 superquam
1201 3078 1368 3153 quod
1393 3079 1586 3152 primo
1615 3079 1772 3137 male
1796 3086 2194 3152 pugnaverat,
2221 3079 2383 3154 ‘quia

404 3167 667 3236 vagante
697 3176 809 3236 per
834 3161 877 3219 ΙΙ
888 3160 1063 3220 aliam
1098 3161 1436 3221 Hannibale
1463 3162 1664 3221 media
1691 3166 1924 3220 aestate
1946 3159 2287 3222 Venusiam
2317 3163 2384 3222 in

404 3252 565 3305 tecta
590 3245 813 3306 milites
844 3244 1225 3305 abduxisset.
1286 3245 1565 3305 inimicus
1596 3251 1725 3304 erat
1753 3245 1809 3304 ei
1840 3245 1904 3305 C.
1935 3245 2244 3306 Publicius
2273 3245 2384 3305 Bi·

404 3329 583 3393 bulus
624 3329 903 3391 tribunus
948 3329 1165 3405 plebis.
1226 3330 1280 3389 is
1323 3329 1443 3388 iam
1485 3345 1522 3388 a
1551 3329 1746 3404 prima
1775 3345 2010 3404 pugna,
2059 3345 2222 3405 quae
2266 3329 2380 3391 ad-

406 3427 589 3472 versa
630 3412 853 3488 fuerat,
900 3413 1178 3474 adsiduis
1224 3413 1610 3474 contionibus
1652 3413 1938 3472 infamem
1980 3413 2388 3490 invisumque

407 3494 608 3571 plebei
654 3495 971 3558 Claudium
1014 3497 1271 3571 fecerat,
1329 3504 1389 3556 et
1431 3497 1551 3557 iam
1591 3496 1670 3556 de
1709 3495 1965 3572 imperio
2010 3496 2387 3572 abrogando
