2550 3959
588 254 818 317 LIBER
846 254 1059 315 XXVI.
1106 254 1270 315 CAP.
1301 263 1390 319 43.
1421 263 1509 319 44.
1555 262 1630 331 [a.
1661 262 1726 319 C.
1756 264 1882 331 210]
2099 256 2226 321 151

251 426 433 487 saepe
452 408 545 469 ad
560 410 792 469 moenia
812 406 977 469 urbis
997 419 1279 469 recursus
1293 411 1546 483 pateret.
1606 406 1809 469 XLIII.
1849 417 2050 473 cetera
2067 426 2226 488 quae

250 479 579 556 munienda
598 498 775 554 erant
792 508 926 553 cum
943 492 1312 567 perfecisset,
1354 506 1537 554 naves
1557 496 1733 554 etiam
1755 494 1820 553 in
1831 500 2032 571 portu,
2067 502 2224 558 velut

252 578 617 639 maritimam
638 583 867 657 quoque
884 580 1181 637 ostentans
1199 576 1572 651 obsidionem,
1595 580 1913 649 instruxit:
1953 580 2215 639 circum-

254 668 568 737 vectusque
601 662 853 745 classem
869 666 1004 720 cu‘m
1024 661 1342 721 monuisset
1364 660 1709 735 praefectos
1729 658 1985 735 navium,
2029 668 2095 721 u't
2125 666 2220 723 vi-

247 744 433 823 pilias
466 747 793 807 nocturnas
826 746 1037 805 intenti
1061 751 1410 819 servarent,
1441 747 1640 805 omnia
1661 744 1872 823 ubique
1880 749 2083 822 primo
2110 745 2220 807 ob-

248 845 476 891 sessum
517 830 737 890 hostem
768 830 1006 909 conari,
1049 836 1356 903 repressus
1397 833 1462 889 in
1500 838 1705 891 castra
1719 876 1734 904 ,
1772 836 1840 891 ut
1867 830 2102 891 consilii
2128 842 2222 891 sui

250 913 575 989 rationein,
616 909 778 989 quod
794 913 871 973 ‘ab
890 913 1037 973 urbe
1052 912 1417 995 polis-simum
1439 915 1850 989 oppuondnda
1878 914 2088 991 bellum
2109 930 2221 976 or·-

247 1016 348 1059 sus
382 1002 564 1073 esset,
608 990 883 1057 militibus
908 996 1241 1057 ostenderet
1257 1002 1317 1057 et
1333 1011 1496 1073 spem
1514 999 1840 1074 potiundae
1857 998 2220 1061 cohortando

242 1082 519 1156 faceret,
563 1083 830 1154 contione
864 1082 1156 1141 'advocata
1190 1082 1273 1141 ita
1305 1072 1617 1141 disseruit.-
1661 1081 1787 1156 „ad
1802 1083 2005 1145 urbem
2037 1098 2220 1144 unam

245 1164 723 1243 oppuqnan'dam
754 1166 811 1225 si
836 1168 967 1241 quis
998 1165 1098 1226 vo's
1129 1165 1421 1225 adductos
1451 1166 1671 1240 credit,
1713 1168 1766 1227 is
1797 1170 1990 1241 maais
2024 1168 2221 1243 operis

248 1252 434 1310 vestri
464 1253 644 1325 q'uam
674 1250 1047 1311 emolumenti
1076 1251 1365 1310 rationem
1397 1254 1672 1310 exactam
1686 1296 1702 1325 ,
1745 1252 1982 1325 milites,
2026 1250 2218 1312 habet.

244 1331 668 1411 oppuonabilis
688 1334 844 1394 enim
864 1341 1003 1394 'vere
1022 1336 1254 1394 moenia
1288 1336 1465 1393 unius
1491 1334 1672 1409 urbis,
1713 1336 1905 1394 sedin
1927 1350 2052 1395 una
2072 1336 2220 1396 urbe

247 1418 590 1479 universam
611 1418 885 1493 ceperitis
896 1416 1273 1493 Hispaniam.
1303 1413 1402 1479 hic
1421 1424 1562 1479 sunt
1577 1418 1804 1480 obsides
1823 1420 2080 1479 omnium
2101 1432 2218 1480 no-

246 1502 453 1563 bilium
487 1518 695 1577 requm
721 1504 1194 1579 populorumque
1204 1522 1229 1572 ,·
1271 1504 1380 1577 qui
1404 1505 1584 1564 simul
1614 1506 1677 1563 in
1704 1508 1990 1579 potestate
2021 1510 2218 1564 vestra

246 1604 398 1649 erun
404 1591 442 1661 t,
466 1588 759 1663 extemplo
777 1590 976 1647 omnia
988 1603 1141 1664 quae
1154 1594 1315 1646 nunc
1333 1588 1442 1647 sub
1458 1587 2044 1663 Carthayiniensibus
2061 1594 2216 1663 sunt,

245 1673 309 1730 in
346 1662 638 1731 dic‘ionem
670 1671 945 1745 tradent,·
988 1670 1086 1731 hic
1107 1673 1376 1745 pecunia
1409 1673 1598 1732 omnis
1628 1670 1895 1746 hostium,
1937 1674 2065 1733 sine
2096 1688 2216 1747 qua

246 1770 440 1830 neque
473 1747 566 1815 illi
590 1771 805 1828 perere
836 1753 1049 1816 bellum
1072 1760 1342 1831 possunt,
1385 1754 1607 1831 quippe
1641 1757 1747 1830 qui
1775 1758 2218 1816 mercennarios

246 1837 553 1899 exercitus
584 1840 782 1912 alant,
824 1845 883 1901 et
899 1845 1053 1915 q'uae
1073 1836 1237 1899 nobis
1254 1840 1518 1899 maximo
1539 1842 1679 1901 usui
1695 1836 1784 1898 ad
1813 1840 2216 1899 conciliandos

244 1922 646 1985 barbarorum
688 1925 916 1985 animos
956 1926 1104 1995 erit:
1156 1917 1254 1983 lzic
1295 1927 1584 1985 tormenta
1625 1934 1997 1983 armamenta
2039 1936 2216 1983 arma

242 2009 435 2068 omnis
468 2009 805 2087 apparatus
825 2004 964 2070 belli
978 2006 1093 2082 es‘t,
1135 2010 1241 2087 qui
1258 2006 1438 2068 simul
1465 2015 1525 2069 et
1541 2024 1640 2069 vos
1673 2002 1924 2069 instruet
1949 2013 2010 2067 et
2027 2006 2216 2068 hostes

242 2088 514 2153 nudabit.
566 2093 867 2167 potiemur
894 2088 1213 2167 praeterea
1241 2100 1376 2153 cuin
1389 2089 1808 2169 pulcherrima
1835 2094 2215 2167 opulentissi-

240 2182 463 2251 maque
494 2173 655 2251 urbe,
694 2180 816 2237 tum
849 2176 1344 2252 opportunissima
1359 2184 1541 2252 portu
1567 2178 1823 2253 epreaio,
1866 2176 2028 2237 unde
2049 2180 2216 2237 terra

239 2260 518 2335 marique
550 2265 705 2335 quae
732 2248 873 2321 belli
901 2276 1043 2321 usus
1074 2266 1332 2338 poscunt
1360 2261 1832 2337 suppeditentur.
1895 2276 2050 2336 quae
2079 2271 2212 2321 cum

239 2360 470 2418 mopna
490 2343 611 2420 'ipsi
628 2339 967 2405 habebimus
1008 2338 1127 2405 tum
1150 2347 1576 2421 dempserimus
1598 2344 1853 2406 hostibus
1873 2344 2053 2404 multo
2074 2358 2213 2403 ma-

239 2430 399 2489 iora.
458 2416 609 2489 haec
629 2430 745 2489 illis
767 2438 907 2505 arx,
951 2392 1062 2489 noc·
1081 2430 1381 2503 horreum,
1424 2430 1752 2503 aerarium,
1797 2433 2214 2489 armamenta-

238 2512 401 2571 rium
417 2558 434 2585 ‚
477 2500 588 2573 hoc
620 2510 877 2580 omnium
908 2520 1113 2574 rerum
1144 2515 1586 2587 receptaculum
1618 2518 1739 2584 esi,·
1780 2513 1900 2573 huc
1917 2518 2115 2572 rectus
2134 2522 2214 2572 ex

238 2596 465 2669 Africa
485 2612 699 2657 cursus
717 2602 837 2665 est:
874 2585 1026 2658 haec
1046 2612 1171 2657 una
1204 2599 1364 2657 inter
1380 2596 1759 2672 Pyrenaeum
1777 2598 1838 2656 et
1863 2595 2062 2655 Gades
2079 2600 2214 2655 sta-—

236 2681 359 2749 tio:
400 2676 543 2741 hinc
570 2682 734 2741 omni
748 2677 1082 2759 Hispaniae
1102 2683 1364 2742 imminet
1381 2680 1619 2754 Africa.
1680 2680 1792 2741 sed
1817 2678 2095 2757 quoniam
2117 2693 2213 2739 vos

240 2764 555 2825 instructos
573 2768 633 2825 et
650 2764 956 2827 ordinatos
974 2772 1275 2841 coqnosco,
1300 2764 1388 2824 ad
1409 2764 1830 2840 Carthapinem
1850 2762 2076 2825 Novam
2097 2773 2210 2839 op-

230 2849 634 2923 puanandam
672 2850 803 2910 totis
835 2848 1057 2911 v'irilms
1076 2855 1135 2910 et
1152 2849 1300 2910 bono
1331 2850 1531 2910 animo
1553 2850 1982 2910 transeamus“.
2035 2860 2210 2907 cum-

238 2946 355 3007 que
375 2932 577 2993 omnes
607 2949 732 2994 una
752 2950 890 2996 voce
917 2932 1029 2995 hoc
1042 2934 1398 3009 faciendum
1431 2936 1887 3009 succlamarent,
1931 2947 2030 2994 eos
2052 2932 2212 2994 Car-

238 3006 544 3091 thapinem
568 3008 761 3079 duxit.
825 3024 946 3078 tum
966 3024 1134 3079 terra
1154 3020 1430 3093 marique
1451 3028 1584 3079 eam
1606 3019 1956 3095 oppupnari
1970 3014 2143 3078 iubet.

406 3096 615 3160 XLIV.
680 3098 866 3177 Maoo
894 3100 1223 3163 Poenorum
1263 3102 1394 3163 dux
1422 3118 1557 3163 cum
1599 3108 1764 3161 terra
1803 3100 2082 3175 marique
2122 3099 2218 3159 in·

236 3178 390 3242 strui
420 3184 951 3263 ‘oppugnationem
974 3184 1227 3259 videret,
1272 3191 1332 3244 et
1365 3184 1502 3262 ipse
1541 3184 1755 3261 copias
1791 3185 1874 3244 ita
1909 3182 2214 3259 disponits

237 3266 694 3343 oppidanorum
740 3268 863 3331 duo
894 3266 1060 3330 milia
1088 3263 1165 3328 ab
1196 3285 1269 3329 ea
1295 3272 1500 3345 parte,
1543 3283 1664 3343 qua
1705 3274 1908 3329 costra
1933 3264 2212 3329 Romana

234 3358 428 3425 erant,
479 3352 757 3431 opponit,
800 3352 1145 3428 quingentis
1174 3351 1464 3413 militibus
1497 3360 1701 3413 arcem
1730 3348 1986 3425 insedit,
2036 3348 2206 3427 quin-

230 3441 455 3509 gentos
486 3438 715 3499 tumulo
756 3435 1018 3498 urbisin
1059 3434 1356 3498 orientem
1385 3444 1572 3497 verso
1615 3435 1904 3513 imponit3
1949 3434 2212 3496 multitu-

230 3517 439 3581 dinem
462 3520 661 3597 aliam,
692 3536 813 3597 quo
830 3522 1077 3596 elamor,
1104 3535 1228 3596 quo
1244 3518 1448 3581 subita
1467 3526 1758 3582 vocasset
1770 3534 1890 3591 res,
1919 3520 2216 3579 intentam

980 3740 1011 3777 Α
