2550 3959
586 216 815 277 LIBER
842 216 1111 277 XXVIII.
1156 216 1324 275 CAP.
1354 224 1438 277 45.
1489 222 1559 288 [a.
1591 220 1657 273 e.
1686 220 1814 287 205]
2055 212 2176 280 275

223 384 401 428 mam
421 365 691 427 volueris
720 366 1027 441 extemplo
1053 365 1473 438 decernamuS,
1503 369 1778 441 paratam
1797 364 2176 440 rogationem

218 450 470 511 ambeas.
535 449 744 525 itaque
784 465 825 509 a
861 448 1073 523 vobis,
1113 448 1336 525 tribuni
1375 447 1606 525 plebis,
1651 450 1940 529 postulo“
1986 448 2180 525 inquit

220 543 321 611 „ut
348 532 711 595 sententiam
740 532 885 591 mihi
912 530 1052 593 ideo
1077 548 1201 593 non
1230 532 1476 609 dicenti,
1521 532 1706 609 quod,
1751 531 1867 594 etsi
1886 532 1950 593 in
1978 548 2178 593 meam

216 618 575 681 sententiam
627 616 1009 692 discedatur,
1066 634 1189 677 non
1230 617 1310 677 sit
1346 622 1542 678 ratum
1583 614 1898 678 habiturus
1943 619 2176 691 consul,

214 702 441 763 auxilio
484 700 683 762 sitis“.
740 701 885 763 inde
924 700 1235 770 altercatio
1281 705 1444 779 orta,
1492 716 1628 761 cum
1668 702 1886 763 consul
1927 707 2179 777 negaret

214 802 478 863 aequum
520 801 665 845 esse
688 784 969 847 tribunos
1011 784 1418 859 intercedere,
1467 787 1820 861 quominus
1860 801 1977 847 suo
2010 783 2176 860 quis-

214 886 336 947 que
365 872 505 931 loco
532 874 783 944 rogatus
812 868 1175 929 sententiam
1206 868 1456 928 diceret.
1519 868 1743 931 tribuni
1773 870 1856 931 ita
1885 870 2176 931 decreve-

216 961 378 1016 runta
424 952 521 1027 „si
551 954 771 1016 consul
798 953 1035 1015 senatui
1066 954 1147 1013 de
1176 952 1511 1029 provinciis
1541 954 1861 1031 permittit,
1899 956 2052 1015 stari
2082 969 2176 1029 eo,

214 1039 385 1114 quod
410 1043 659 1099 senatus
690 1037 995 1099 censuerit
1022 1036 1174 1112 fieri,
1202 1036 1426 1112 placet.
1465 1052 1582 1096 nec
1611 1038 1692 1097 de
1721 1054 1797 1098 ea
1821 1054 1890 1099 re
1925 1037 2068 1099 ferri
2097 1038 2178 1098 ad

214 1122 509 1199 populum
539 1121 865 1197 patiemur=
910 1120 1117 1183 sinon
1145 1120 1448 1197 permittit,
1495 1120 1602 1197 qui
1629 1122 1710 1182 de
1737 1138 1812 1181 ea
1837 1138 1906 1182 re
1936 1129 2176 1183 senten·

212 1208 357 1267 tiam
395 1204 705 1267 recusabit
748 1205 971 1279 dicere,
1018 1204 1247 1266 auxilio
1295 1206 1581 1265 erimus“.
1648 1206 1866 1267 consul
1907 1206 2070 1266 diem
2097 1206 2177 1266 ad

214 1289 691 1365 colloquendum
722 1305 859 1351 cum
890 1290 1128 1365 collega
1156 1288 1326 1366 petit.
1395 1296 1648 1367 postero
1679 1291 1778 1351 die
1809 1290 2175 1367 permissum

212 1374 448 1436 senatui
494 1380 606 1434 est.
672 1374 1028 1449 provinciae
1066 1381 1151 1434 Ita
1192 1374 1506 1435 decretae=
1555 1374 1724 1435 alteri
1755 1375 1994 1435 consuli
2023 1372 2174 1447 Sici,-

212 1459 292 1519 lia
320 1464 384 1519 et
408 1457 650 1532 triginta
676 1462 978 1519 rostratae
1007 1473 1219 1530 naves„
1255 1473 1410 1534 quas
1444 1455 1504 1517 C.
1526 1456 1825 1519 Servilius
1855 1459 2177 1535 superiore

212 1558 377 1603 anno.
400 1540 748 1613 habuissem
791 1540 1305 1619 permissumque,
1349 1542 1506 1603 utin
1533 1542 1822 1616 Africam,
1871 1542 1924 1603 si
1954 1542 2018 1603 id
2047 1558 2084 1603 e
2109 1558 2178 1603 re

212 1625 458 1702 publica
496 1640 641 1687 esse
684 1631 991 1700 censeret,
1037 1626 1350 1695 traiceret;
1407 1626 1578 1687 alteri
1605 1627 1820 1688 Bruttii
1849 1633 1910 1687 et
1947 1625 2174 1689 bellum

212 1726 348 1771 cum
386 1704 725 1771 Hannibale
766 1724 907 1771 cum
948 1724 1023 1769 eo
1066 1709 1342 1769 exercitu
1357 1755 1372 1781 ,
1420 1725 1602 1785 quem
1641 1710 1710 1769 L.
1738 1709 2032 1773 Veturius
2075 1717 2178 1771 aut

212 1794 277 1867 Q.
314 1791 636 1855 Caeciliae.
662 1792 724 1853 hi
749 1800 811 1853 et
834 1792 1197 1854 sortirentur
1218 1792 1376 1855 inter
1397 1811 1470 1856 se
1496 1801 2022 1871 compararentve,
2043 1802 2174 1857 uter

210 1878 270 1937 in
292 1876 538 1936 Bruttiis
562 1874 807 1939 duabus
826 1874 1195 1952 legionibus,
1227 1892 1382 1952 quas
1408 1877 1628 1937 conssul
1652 1877 2019 1955 reliquisset,
2048 1894 2177 1939 rem

208 1968 463 2036 gereret,
491 1959 935 2036 imperiumque
962 1960 1025 2020 in
1054 1975 1281 2019 annum
1311 1966 1761 2037 prorogaretur,
1805 1962 1900 2023 cui
1931 1978 2006 2022 ea
2035 1979 2175 2039 pro-

206 2043 411 2103 vincia
434 2044 763 2105 evenisset.
806 2051 869 2105 et
888 2043 1108 2105 ceteris
1132 2050 1376 2121 praeter
1399 2045 1686 2105 consules
1711 2053 2173 2123 praetoresque,

212 2129 314 2203 qui
342 2126 713 2189 exercitibus
740 2128 1204 2204 provinciisque
1230 2128 1566 2205 praestituri
1595 2137 1798 2204 erant,
1843 2139 2175 2208 prorogata

210 2211 481 2288 imperia.
547 2211 614 2285 Q.
649 2212 911 2273 Caecilio
941 2212 1091 2271 sorti
1122 2212 1342 2287 evenit,
1371 2220 1439 2274 ut
1465 2228 1603 2273 cum
1635 2216 1889 2275 consule
1917 2214 1977 2274 in
2001 2216 2169 2276 Brut·

208 2296 305 2357 tiis
336 2296 641 2357 adversus
668 2295 1073 2357 Hannibalern
1102 2294 1329 2359 bellum
1357 2302 1612 2371 gereret.

370 2379 524 2443 Ludi
568 2379 794 2441 deinde
836 2378 1147 2457 Scipionis
1192 2393 1416 2455 magna
1466 2379 1809 2455 frequentia
1859 2389 1920 2441 et
1963 2382 2175 2443 favore

208 2464 610 2539 spectantium
632 2462 940 2527 celebrati.
987 2461 1460 2539 legatiDelphos
1484 2464 1564 2523 ad
1587 2464 1813 2523 donum
1838 2480 1916 2523 ex
1943 2466 2174 2540 praeda

202 2547 603 2609 Hasdrubalis
652 2547 1021 2625 portandum
1069 2545 1245 2607 missi
1298 2546 1378 2607 M.
1421 2546 1796 2623 Pomponius
1839 2548 2046 2609 Matho
2100 2566 2173 2610 ac

209 2631 279 2706 Q.
306 2631 529 2693 Catius.
599 2634 863 2693 tulerunt
890 2647 1182 2696 coronam
1224 2647 1474 2692 auream
1505 2630 1830 2693 ducentum
1861 2633 2070 2709 pondo
2115 2642 2174 2694 et

204 2714 528 2777 simulacra
555 2716 893 2793 spoliorum
922 2732 1001 2780 ex
1033 2715 1198 2777 mille
1228 2716 1439 2791 pondo
1472 2716 1706 2791 argenti
1737 2717 1914 2777 facta.

370 2798 577 2875 Scipio
622 2814 763 2862 cum
802 2806 869 2861 ut
906 2800 1197 2861 dilectum
1236 2798 1493 2861 haberet
1534 2814 1738 2875 neque
1779 2800 2166 2875 impetrasset

200 2899 400 2959 neque
438 2898 813 2959 magnopere
851 2883 1238 2960 tetendisset,
1284 2888 1352 2945 ut
1379 2882 1760 2946 voluntarios
1791 2884 2018 2945 ducere
2049 2884 2166 2945 sibi

202 2966 423 3029 milites
454 2966 667 3029 liceret
692 2967 912 3044 tenuit,
952 2973 1015 3027 et
1040 2967 1189 3043 quia
1229 2967 1547 3044 impensae
1575 2975 1910 3043 negaverat
1934 2968 2024 3031 rei
2055 2986 2166 3045 pu-

200 3050 395 3109 blicae
436 3051 697 3113 futuram
728 3053 1021 3124 classem,
1068 3057 1165 3125 ut,
1213 3066 1372 3128 quae
1413 3051 1490 3111 ab
1535 3053 1722 3112 sociis
1754 3053 2044 3115 darentur
2087 3054 2168 3113 ad
2247 3100 2256 3107 .

199 3148 397 3195 novas
428 3133 817 3199 fabricandas
847 3150 1059 3208 naves,
1092 3134 1416 3211 acciperet,
1461 3136 2021 3211 Etruriaeprimum
2053 3154 2162 3213 po-

197 3217 323 3294 puli
376 3232 487 3293 pro
538 3218 667 3279 suis
721 3220 985 3297 quisque
1035 3219 1424 3281 facultatibus
1477 3220 1796 3282 consulem
1847 3218 2162 3281 adiuturos

194 3300 476 3377 pollicitis
522 3302 793 3367 „Caerites
836 3304 1199 3365 trumentum
1252 3302 1439 3363 sociis
1482 3300 1803 3363 navalibus
1861 3319 2163 3367 commea-

195 3391 443 3462 tumque
496 3387 693 3448 omnis
744 3387 1017 3463 generis,
1070 3384 1558 3463 Populonienses
1611 3386 1860 3462 ferrum,
1906 3388 2160 3465 Tarqui-

192 3470 439 3533 nienses
468 3472 652 3533 lintea
682 3474 738 3531 in
774 3474 938 3529 vela,
964 3472 1352 3533 Volaterrani
1388 3470 1798 3532 inceramenta
1824 3470 2067 3533 navium
2098 3480 2156 3533 et

1635 3554 1746 3617 18*
