2550 3959
485 196 715 261 LIBER
740 200 950 260 XXIV.
993 200 1157 261 CAP.
1186 208 1273 265 45.
1304 211 1391 265 46.
1418 210 1507 267 47.
1556 210 1631 279 [a.
1652 212 1718 263 c.
1747 211 1874 280 ω]
2070 204 2153 273 47

193 349 427 425 Altlnii,
459 349 600 411 dein
624 356 916 427 quantum
937 351 1070 413 auri
1098 352 1457 429 argentique
1478 354 1644 415 domi
1665 357 1940 419 relictum
1966 366 2151 436 esset,

193 435 348 495 satis
381 432 644 509 cognitis
675 434 957 495 omnibus
988 432 1164 497 vivos
1195 436 1550 499 combussit.

361 517 576 577 XLVI.
617 516 842 579 Fabius
875 518 954 579 ab
983 516 1283 581 Suessula
1312 522 1625 597 proiectus
1654 522 1860 599 Arpos
1890 525 2149 599 primum

192 601 408 663 institit
437 612 814 677 oppugnare.
835 601 961 661 nbi
990 618 1125 663 cum
1154 620 1191 663 a
1215 606 1557 680 quingentis
1588 607 1715 667 fere
1738 606 2025 682 passibus
2050 624 2149 669 ca·

191 692 322 746 sti-a
363 684 712 759 posuisset,
759 688 1204 763 contemplatus
1247 705 1327 747 ex
1366 690 1717 765 propinquo
1760 693 1939 753 situm
1980 692 2147 753 urbis

191 769 582 843 moeniaque,
627 782 788 845 quae
815 785 962 846 pars
991 770 1293 831 tutissima
1318 773 1639 834 moenibus
1666 781 1813 846 erat,
1854 776 1997 849 quia
2024 792 2139 835 ma·

191 854 361 912 xime
399 853 740 927 neglectam
793 854 1072 914 custodia
1109 855 1291 929 vidit,
1354 872 1429 916 ea
1475 858 1856 933 potissimum
1896 860 2145 935 adgredi

191 936 422 997 statuit.
489 937 853 1012 conum-atis
899 938 1179 999 omnibus
1196 986 1210 1011 ‚
1257 956 1417 1014 quae
1446 942 1525 1001 ad
1567 942 1751 1003 urbes
1793 958 2147 1019 oppugnan-

191 1021 310 1081 das
339 1019 482 1080 usui
509 1027 680 1093 sunt,
725 1021 1140 1082 centurionum
1167 1023 1394 1084 robora
1422 1038 1501 1083 ex
1529 1032 1655 1087 toto
1685 1027 1956 1088 exercitu
1984 1027 2146 1087 dele·

192 1106 298 1179 git,
345 1103 749 1180 tribunosque
776 1105 945 1165 viros
977 1106 1164 1167 fortes
1191 1109 1285 1167 eis
1316 1108 1627 1182 praefecit,
1672 1116 1733 1171 et
1759 1112 1976 1171 milites
2006 1127 2150 1171 sex-

193 1194 445 1263 centos,
486 1195 778 1263 'quantum
819 1190 972 1249 satis
999 1189 1198 1250 visum
1239 1197 1359 1263 est,
1404 1192 1701 1268 attribuit,
1746 1204 2001 1269 eosque,
2044 1194 2145 1253 ubi

193 1277 456 1349 quartae
479 1271 723 1347 vigiliae
751 1272 990 1349 signum
1031 1274 1384 1347 cecinisset,
1428 1275 1509 1334 ad
1550 1292 1689 1336 eum
1718 1277 1917 1336 locum
1944 1278 2147 1337 scalas

191 1354 378 1416 iussit
406 1355 582 1415 l'erre.
649 1362 826 1431 porta
853 1356 934 1415 ibi
964 1358 1206 1419 humilis
1241 1364 1301 1419 et
1328 1366 1588 1433 angusta
1618 1367 1747 1420 erat
1782 1360 2144 1436 infrequenti

191 1440 296 1499 via
333 1454 448 1515 per
487 1439 790 1499 desertam
819 1446 1051 1516 partem
1079 1443 1266 1502 urbis.
1336 1458 1471 1501 eam
1500 1450 1735 1519 portam
1764 1444 1949 1505 scalis
1978 1444 2147 1519 prius

194 1531 624 1598 transgressos
663 1539 898 1584 murum
941 1526 1180 1601 aperire
1209 1542 1287 1585 ex
1328 1526 1611 1587 interiore
1640 1536 1811 1603 parte
1852 1535 1956 1589 aut
1984 1528 2145 1588 clau-

193 1612 328 1667 stra
367 1606 702 1683 refringere
743 1607 940 1682 iubet,
981 1614 1040 1667 et
1067 1616 1345 1669 tenentes
1377 1619 1604 1684 partem
1648 1612 1815 1671 urbis
1847 1626 2037 1673 cornu
2066 1614 2146 1672 si-

191 1704 385 1766 gnum
407 1690 572 1764 dare,
597 1697 665 1752 ut
685 1698 925 1752 ceterae
946 1692 1163 1768 copiae
1186 1695 1367 1753 admo
1376 1702 1681 1754 venenturz
1713 1703 1925 1769 parata
1944 1696 2149 1754 omnia

192 1782 384 1849 atque
412 1774 704 1835 instructa
731 1789 874 1835 sese
903 1776 1260 1835 habiturum.
1302 1792 1375 1835 ea
1402 1777 1657 1851 impigre
1686 1778 1860 1849 facta,
1892 1783 1957 1837 et
1980 1780 2147 1852 quod

195 1858 696 1933 impedimentum
737 1858 1056 1932 agentibus
1101 1860 1230 1919 sore
1270 1860 1615 1931 videbatur,
1662 1860 1725 1920 id
1766 1860 2027 1920 maxime
2069 1862 2147 1919 ad

197 1941 532 2002 fallendum
571 1941 823 2015 adiuvit.
887 1942 1079 2002 imber
1121 1944 1198 2003 ab
1229 1952 1407 2003 nocte
1438 1944 1639 2004 media
1667 1952 1912 2007 coortus
1945 1952 2147 2006 custo-

193 2026 310 2087 des
356 2024 698 2101 vigilesque
739 2026 1016 2101 dilapsos
1057 2043 1094 2085 e
1137 2026 1499 2087 stationibus
1546 2025 1855 2104 suffugere
1894 2029 1954 2089 in
1992 2035 2151 2090 tecta

194 2108 420 2184 coegit,
451 2109 774 2185 sonituque
804 2111 998 2186 primo
1028 2110 1307 2185 largioris
1336 2112 1643 2186 procellae
1672 2113 1989 2188 strepitum
2016 2130 2146 2173 mo-

195 2194 470 2253 lientium
499 2198 736 2267 portam
767 2192 1043 2254 exaudiri
1073 2194 1397 2270 prohibuit,
1427 2195 1643 2255 lentior
1668 2196 1893 2257 deinde
1920 2212 2147 2271 aequa-

193 2278 439 2352 liorque
467 2276 755 2337 accidens
795 2275 1042 2337 auribus
1072 2293 1352 2353 magnam
1384 2285 1613 2353 partem
1642 2278 1949 2341 hominum
1980 2278 2147 2355 sopi-

191 2361 302 2421 vit.
355 2366 678 2436 postquam
707 2367 943 2437 portam
969 2360 1270 2433 tenebant,
1304 2362 1645 2422 cornicines
1677 2363 1735 2422 in
1770 2363 1869 2423 via
1896 2364 2147 2439 paribus

193 2443 536 2505 intervallis
559 2444 896 2521 dispositos
919 2460 1141 2504 canere
1169 2444 1392 2518 iubent,
1422 2452 1489 2505 ut
1511 2447 1828 2511 consulem
1854 2448 2146 2506 excirent.

193 2527 258 2588 id
285 2526 396 2588 ubi
418 2528 640 2589 factum
667 2542 746 2589 ex
775 2529 1116 2604 composito
1147 2534 1258 2599 est,
1292 2528 1467 2603 signa
1494 2528 1695 2588 efferri
1719 2530 1935 2588 consul
1965 2529 2145 2602 iubet,

192 2628 272 2672 ae
303 2612 490 2687 paulo
523 2618 664 2673 ante
692 2612 887 2672 lucem
929 2626 1042 2687 per
1079 2612 1391 2671 effractam
1428 2618 1666 2687 portam
1704 2610 1917 2672 urbem
1948 2610 2144 2687 ingre-

194 2696 380 2757 ditur.
431 2695 666 2755 XLVII.
696 2703 819 2757 tum
849 2696 1089 2755 demum
1121 2696 1333 2757 hostes
1362 2696 1604 2757 excitati
1634 2703 1776 2757 sunt
1804 2696 1919 2756 iam
1946 2702 2010 2755 et
2037 2696 2144 2754 im-

191 2779 308 2839 bre
341 2779 816 2854 conquiescente
844 2787 904 2840 et
933 2780 1281 2856 propinqua
1310 2781 1462 2839 luce.
1510 2780 1881 2856 praesidium
1908 2780 1967 2839 in
1996 2779 2147 2841 urbe

191 2868 330 2922 erat
362 2862 714 2923 Hannibalis
759 2863 1028 2940 quinque
1067 2864 1232 2925 milia
1273 2865 1461 2923 ferme
1499 2872 1884 2940 armatorum,
1926 2870 1989 2924 et
2028 2864 2147 2940 ipsi

191 2946 414 3022 Arpini
457 2947 569 3007 tria
595 2948 758 3007 milia
787 2947 1098 3009 hominum
1135 2946 1469 3007 armabunt.
1530 2964 1647 3009 eos
1682 2949 1911 3025 primos
1940 2947 2146 3023 Poeni,

189 3045 273 3090 ne
317 3030 466 3105 quid
510 3031 589 3091 ab
615 3038 786 3106 tergo
815 3031 1047 3091 fraudis
1087 3038 1286 3102 esset,
1330 3031 1492 3093 hosti
1534 3038 1972 3109 opposuerunt.
2036 3048 2147 3107 pu·-

189 3120 443 3190 gnatum
473 3115 666 3191 primo
710 3114 770 3175 in
799 3114 1068 3176 tenebris
1108 3115 1507 3191 angustisque
1534 3116 1649 3177 viis
1681 3123 1794 3178 est.
1860 3130 1997 3177 cum
2024 3114 2146 3173 Ro-

191 3198 362 3259 mani
389 3212 512 3259 uon
535 3199 670 3260 vias
699 3206 930 3261 tantum
957 3199 1070 3259 sed
1100 3204 1260 3259 tecta
1288 3200 1467 3260 etiam
1494 3201 1775 3277 proxima
1801 3204 2016 3275 portae
2044 3210 2145 3257 oc-

191 3290 558 3360 cupassent,
601 3300 680 3344 ne
707 3284 832 3359 peti
863 3298 1132 3359 superne
1159 3298 1231 3342 ac
1258 3285 1564 3344 vulnerari
1594 3289 1877 3360 possent,
1922 3279 2145 3357 cogniti

189 3366 352 3428 inter
371 3382 446 3428 se
468 3367 714 3443 quidam
737 3366 1076 3444 Arpinique
1098 3372 1162 3426 et·
1178 3368 1435 3427 Romani
1464 3374 1647 3443 atque
1676 3368 1818 3429 inde
1841 3365 2147 3441 colloquia

191 3456 418 3528 coepta
457 3450 619 3523 fleri,
665 3449 1200 3533 percunctantibus
1230 3450 1554 3523 Romanis»,
1598 3450 1745 3526 quid
1774 3449 1892 3512 sibi
1921 3449 2145 3510 vellent
