2550 3959
614 208 839 270 Lissa
866 209 1073 269 XXIX.
1120 209 1288 270 CAP.
1321 220 1368 273 1.
1398 219 1450 271 2.
1494 210 1567 288 [a.
1601 216 1664 267 c.
1694 212 1822 291 205]
2070 213 2186 275 281

222 364 523 426 finitimos
550 362 667 423 sibi
696 369 883 438 atque
910 362 1030 423 illis
1053 362 1343 438 populos.
1385 361 1590 439 itaque
1618 363 1774 423 intra
1793 379 2029 441 paucos
2061 366 2192 427 dies

228 449 478 523 triginta
505 447 670 507 milia
697 446 971 523 peditum
1001 453 1288 522 quattuor
1317 446 1505 506 ferme
1545 448 1817 523 equitum
1845 448 1908 509 in
1941 448 2192 511 Sedeta-
2303 486 2312 499 ·

232 548 383 593 uum
410 548 643 607 agrum,
676 546 801 607 quo
831 530 1097 591 edictum
1125 537 1269 603 erat,
1303 537 1739 591 convenerunt.
1825 532 1897 591 II.
1935 534 2195 595 Romani

232 631 485 691 quoque
524 616 927 691 imperatores
953 614 1019 673 L.
1049 615 1341 675 Lentulus
1385 621 1446 674 et
1485 615 1552 674 L.
1584 614 1845 676 Manlius
1875 616 2193 695 AcidinuS,

228 716 311 760 ne
340 700 629 775 glisceret
652 700 850 775 primo
883 698 1265 775 neglegendo
1294 698 1552 772 bellum,
1598 698 1818 760 iunctis
1849 707 1910 762 et
1938 700 2058 777 ipsi
2089 720 2194 763 ex-

228 784 523 845 ercitibus
552 800 666 859 per
694 798 907 859 agrum
933 782 1334 858 Ausetanum,
1365 782 1605 843 hostico
1636 789 1947 861 tamquam
1973 793 2195 863 pacato

232 870 563 929 clementer
590 868 791 929 ductis
819 865 1137 941 militibus,
1176 866 1259 927 ad
1288 865 1502 927 sedem
1529 866 1796 928 hostium
1837 884 2176 945 pervenere

230 954 413 1013 trium
441 952 670 1012 milium
697 951 901 1028 spatio
931 952 1151 1028 procul
1177 966 1216 1010 a
1243 948 1460 1011 castris
1491 966 1698 1011 eorum
1731 962 2070 1029 posuerunt
2097 970 2193 1015 ca-

231 1044 380 1097 stra.
453 1036 653 1113 primo
678 1052 803 1119 per⁸
821 1038 1057 1111 legatos
1088 1034 1460 1111 nequiquam
1491 1040 1863 1113 temptatum,
1905 1045 1968 1097 ut
1997 1038 2193 1100 disce-

231 1122 479 1182 deretur
506 1119 581 1181 ab
611 1120 817 1181 armis.
872 1118 1032 1194 dein,
1064 1133 1202 1179 cum
1230 1118 1294 1178 in
1323 1116 1716 1195 pabulatores
1745 1120 2058 1183 Romanos
2088 1124 2188 1183 im-

230 1212 413 1282 petus
434 1210 687 1281 repente
705 1204 782 1263 ab
806 1202 1112 1279 equitibus
1126 1202 1419 1279 Hispanis
1437 1203 1632 1263 factus
1657 1212 1842 1279 esset,
1866 1206 2194 1267 summisso

234 1290 313 1351 ab
343 1288 605 1350 statione
632 1288 913 1349 Romana
939 1287 1211 1363 equitatu
1234 1293 1528 1362 equestre
1558 1287 1856 1363 proelium
1887 1287 1998 1350 ruit
2026 1289 2191 1353 haud

234 1389 389 1433 sane
430 1372 829 1434 memorando
870 1371 933 1431 in
977 1378 1213 1447 partem
1259 1372 1440 1431 ullam
1483 1378 1724 1433 eventu.
1787 1374 1921 1433 sole
1965 1374 2196 1436 oriente

234 1463 487 1533 postero
512 1456 612 1515 die
639 1455 855 1516 armati
882 1455 1285 1529 instructique
1315 1471 1531 1517 omnes
1560 1456 1724 1516 mille
1746 1456 1935 1517 ferme
1964 1474 2192 1534 passus

231 1541 453 1617 procul
494 1556 532 1601 a
562 1540 781 1601 castris
808 1540 1104 1601 Romanis
1136 1540 1330 1600 aciem
1373 1536 1720 1601 ostendere.
1783 1542 1966 1602 medii
1996 1543 2192 1603 Ause-

232 1623 357 1685 tani
399 1632 597 1700 erpnt,
638 1639 869 1685 cornua
910 1624 1194 1685 dextrum
1234 1624 1556 1701 IlergeteS,
1606 1626 1847 1685 laevum
1891 1624 2190 1701 ignobiles

232 1709 521 1769 tenebant
546 1708 801 1785 Hispani
844 1708 1092 1785 populi;
1138 1709 1294 1767 inter
1323 1724 1554 1768 cornua
1595 1714 1656 1769 et
1693 1710 1958 1769 mediam
2002 1712 2191 1771 aciem

233 1792 557 1853 intervalla
584 1792 853 1868 patentia
882 1792 1035 1853 satis
1064 1792 1184 1851 late
1215 1792 1506 1867 fecerunt,
1551 1808 1674 1866 qua
1703 1792 2052 1869 equitatum,
2089 1794 2193 1855 ubi

232 1887 474 1953 tempus
505 1882 689 1953 esset,
730 1875 1087 1938 emitterent.
1152 1884 1212 1935 et
1230 1876 1492 1937 Romani
1519 1891 1687 1937 more
1717 1892 1832 1937 suo
1863 1878 2192 1939 exercitum

230 1979 374 2023 cum
410 1960 809 2033 sanxissent,
856 1960 919 2019 id
958 1960 1143 2021 modo
1173 1960 1440 2021 hostium
1482 1958 1692 2021 imitati
1723 1967 1892 2035 sunt,
1939 1968 2001 2022 ut
2041 1962 2192 2023 inter

229 2046 509 2121 legiones
552 2052 613 2106 et
649 2045 769 2121 ipsi
810 2051 1090 2121 patentes
1134 2044 1322 2119 equiti
1363 2043 1776 2120 relinquerent
1812 2044 1968 2106 vias.
2033 2054 2188 2107 cete·

228 2148 363 2190 rum
391 2128 681 2191 Lentulus
712 2130 767 2189 ei
798 2131 955 2205 parti
984 2145 1163 2190 usum
1190 2128 1413 2206 equitis
1446 2130 1576 2190 rore
1603 2136 1792 2205 ratuS,
1840 2144 1998 2205 quae
2027 2130 2192 2206 prior

230 2216 294 2275 in
326 2212 743 2275 dehiscentem
786 2213 1121 2273 intervallis
1150 2212 1418 2273 hostium
1449 2213 1643 2273 aciem
1685 2212 1922 2289 equites
1953 2214 2189 2274 emisis-

231 2305 356 2373 set,
401 2296 534 2358 Ser.
567 2297 848 2359 Cornelio
888 2296 1131 2359 tribuno
1173 2294 1427 2357 militum
1468 2296 1754 2371 imperat,
1800 2298 2038 2373 equites
2079 2312 2193 2373 per

232 2390 511 2459 patentes
555 2380 617 2442 in
657 2382 923 2444 hostium
978 2381 1112 2441 acie
1152 2380 1286 2441 vias
1328 2380 1678 2456 permittere
1727 2396 1924 2456 equos
1966 2379 2190 2441 iubeat.

230 2467 369 2542 ipse
399 2472 621 2543 coepta
646 2482 865 2543 parum
895 2480 1199 2542 prospere
1228 2463 1497 2541 pedestri
1527 2480 1761 2540 pugna,
1803 2470 2036 2525 tantum
2063 2480 2188 2525 mo-

232 2558 402 2611 ratus
454 2550 599 2611 dum
649 2549 889 2611 cedenti
939 2549 1344 2611 duodecimae
1391 2548 1646 2625 legioni,
1702 2562 1860 2623 quae
1907 2547 1972 2607 in
2014 2544 2190 2608 laevo

231 2651 425 2695 cornu
466 2634 771 2695 adversus
814 2633 1103 2709 Ilergetes
1147 2634 1350 2693 locata
1388 2637 1548 2705 erat,
1603 2631 1840 2693 tertiam
1895 2630 2194 2693 decimam

233 2718 535 2793 legionem
577 2734 655 2779 ex
686 2716 980 2779 subsidiis
1012 2717 1072 2777 in
1103 2717 1360 2794 primam
1390 2716 1584 2776 aciem
1613 2712 2053 2777 firmamentum
2084 2716 2192 2775 du-

233 2803 332 2872 cit,
366 2807 698 2879 postquam
727 2807 991 2877 aequata
1019 2800 1104 2861 ibi
1134 2816 1342 2878 pugna
1373 2806 1484 2876 est,
1517 2799 1598 2859 ad
1623 2798 1689 2859 L.
1720 2798 2008 2860 Manlium
2039 2798 2189 2857 inter

232 2886 431 2961 prima
458 2887 636 2961 signa
655 2884 1013 2959 hortantem,
1045 2901 1118 2945 ac
1150 2882 1427 2947 subsidia
1459 2882 1683 2959 quibus
1713 2898 1816 2943 res
1843 2882 2194 2959 postulabat

230 2970 387 3031 locis
416 2970 803 3029 inducentem
832 2967 1028 3039 venit;
1074 2966 1304 3030 indicat
1329 2974 1456 3030 tuta
1486 2967 1560 3028 ab
1586 2968 1765 3028 laevo
1797 2981 1988 3027 cornu
2017 2981 2190 3026 essee

232 3052 355 3112 iam
382 3052 641 3114 missum
670 3068 813 3114 esse
842 3050 920 3113 ab
945 3067 1013 3112 se
1038 3052 1378 3114 Cornelium
1405 3050 1684 3113 Servium
1707 3052 1980 3128 procella
2008 3065 2192 3125 eque—

232 3136 340 3198 stri
370 3135 584 3198 hostes
614 3136 1140 3198 circumfusurum.
1201 3136 1309 3195 vix
1337 3134 1491 3195 haec
1521 3133 1684 3197 dicta
1725 3136 2011 3209 dederat,
2056 3149 2190 3193 cum

231 3219 493 3281 Romani
522 3220 761 3297 equites
802 3220 865 3281 in
892 3219 1131 3279 medios
1162 3218 1388 3280 invecti
1416 3219 1628 3279 hostes
1659 3218 1835 3279 simul
1867 3218 2192 3293 pedestres

230 3304 398 3365 acies
420 3302 755 3379 turbarunt,
800 3302 1316 3386 simul-equitibus
1347 3301 1759 3379 Hispanorum
1787 3302 1948 3361 viam
1977 3300 2190 3361 immit—

228 3388 397 3448 tendi
426 3403 625 3464 equos
656 3389 1023 3450 clauserunt.
1081 3388 1290 3463 itaque
1319 3386 1551 3447 omissa
1577 3401 1785 3462 pugna
1813 3398 2080 3461 equestri
2113 3384 2192 3445 ad

230 3472 583 3551 pedestrem
606 3472 863 3549 Hispani
894 3470 1366 3532 descenderunt.
1409 3469 1666 3531 Romani
1697 3468 2098 3552 imperatores
2122 3473 2187 3528 ut
