2550 3959
363 228 485 295 156
654 226 883 287 LIBER
914 225 1127 287 XXVI.
1174 226 1338 287 cAP.
1363 234 1449 291 48<
1483 234 1568 289 49.
1614 232 1685 301 [a.
1709 231 1779 288 U.
1805 250 1853 291 r.
1885 232 2012 299 542]

361 394 741 458 cognoscere
768 378 965 441 iussit.
1007 393 1145 439 cum
1173 393 1275 439 res
1307 393 1383 439 eo
1406 378 1634 440 maiore
1663 384 1944 454 ageretur
1972 382 2313 443 certamine

361 465 527 541 quod
572 463 752 525 annoti
784 468 987 525 tantae
1018 462 1324 537 dignitatis
1355 478 1476 523 non
1505 468 1626 522 tam
1663 460 1945 523 advocati
1977 478 2162 539 quam
2189 480 2320 525 mo-

361 550 674 611 deratores
718 546 1059 610 studiorum
1088 547 1358 619 ruerant,
1404 546 1466 607 C.
1495 545 1770 619 Laeliu3‚
1815 546 2026 607 relicto
2059 547 2325 610 consilio

362 639 500 693 ante
537 632 827 705 tribunal,
871 630 952 690 ad
982 629 1332 707 Scipionem
1377 629 1642 705 accedit,
1687 646 1952 709 eumque
1981 630 2163 691 docet
2191 646 2325 691 rem

361 718 493 779 sine
521 716 707 777 modo
739 730 813 775 ac
840 713 1143 777 modestia
1172 714 1290 790 agi,
1321 730 1396 774 ac
1427 730 1625 791 prope
1654 730 1798 775 esse
1825 721 1893 775 ut
1918 730 2136 775 manus
2165 714 2332 775 inter

358 818 431 862 sc
458 801 791 863 conferant.
837 803 1107 861 ceterum
1136 797 1318 859 etiam
1349 798 1403 859 si
1431 798 1529 859 vis
1558 798 1736 873 absit,
1766 798 1955 860 nihilo
1983 798 2182 859 minus
2215 799 2330 860 de·-

358 884 621 947 testabili
665 882 950 959 exemplo
978 898 1106 943 rem
1135 881 1267 958 agi,
1315 884 1545 959 quippe
1573 882 1678 943 ubi
1707 882 1922 944 fraude
1951 898 2023 943 ac
2053 883 2332 960 periurio

359 969 551 1030 decus
580 974 821 1045 petatur
841 966 1099 1027 virtutis.
1145 973 1310 1028 stare
1337 966 1481 1028 hinc
1509 966 1878 1043 legionarios
1907 968 2145 1043 milites,
2175 966 2332 1028 hinc

360 1052 693 1127 classicoS‚
737 1068 851 1130 per
879 1067 1093 1114 omnes
1127 1050 1282 1113 deos
1325 1059 1658 1128 apparatos
1687 1052 1889 1112 iurare
1923 1051 2118 1127 magis
2163 1066 2330 1130 quae

360 1138 550 1199 velint
580 1152 763 1214 quam
795 1151 953 1211 quae
984 1135 1180 1197 sciant
1212 1150 1358 1196 vera
1401 1151 1574 1211 esse,
1620 1142 1681 1197 et
1710 1134 2090 1213 obstringere
2117 1136 2328 1213 perim-

357 1222 449 1283 rio
492 1238 613 1283 non
659 1236 730 1281 se
772 1222 971 1283 solum
1000 1236 1306 1297 suumque
1348 1227 1559 1297 caput,
1603 1220 1717 1280 sed
1747 1219 1925 1295 signa
1954 1220 2236 1281 militaria
2263 1227 2329 1283 et

359 1306 600 1383 aquilas
631 1304 1119 1379 sacramentique
1158 1304 1534 1380 religionem.
1596 1304 1750 1365 haec
1779 1304 1860 1365 ad
1901 1319 2040 1365 eum
2071 1304 2150 1365 de
2179 1320 2328 1365 sen-

358 1390 545 1452 tentia
570 1389 636 1449 P.
668 1388 928 1451 Cornelii
958 1396 1016 1449 et
1044 1388 1126 1448 M.
1157 1388 1501 1465 Sempronii
1534 1388 1793 1448 deferre.
1851 1386 2062 1464 Scipio
2093 1388 2314 1449 collau.

359 1476 501 1535 dato
530 1472 738 1535 Laelio
780 1473 860 1533 ad
903 1472 1249 1534 contionem
1290 1472 1642 1545 advocavit,
1685 1472 2222 1549 pronuntiavitque
2251 1488 2330 1533 se

360 1557 508 1618 satis
564 1563 942 1633 compertum
982 1556 1211 1618 habere
1252 1556 1322 1631 Q.
1363 1554 1708 1617 Tiberilium
1748 1562 1809 1617 et
1849 1554 1994 1617 Sex.
2038 1556 2326 1633 Digitium

362 1641 589 1719 pariter
630 1642 690 1701 in
732 1657 973 1703 murum
1014 1640 1408 1720 escendisse,
1464 1655 1661 1717 seque
1703 1656 1815 1702 eos
1853 1640 2089 1703 virtutis
2133 1656 2330 1703 causa

362 1724 609 1788 coronis
650 1725 981 1787 muralibus
1025 1726 1276 1787 donare.
1350 1731 1476 1785 tum
1522 1724 1825 1801 reliquos,
1875 1733 2059 1802 prout
2098 1725 2330 1801 cuique

360 1810 635 1872 meritum
664 1818 768 1872 aut
794 1811 986 1871 virtus
1012 1817 1174 1887 crat,
1218 1809 1502 1871 donavit=
1547 1816 1688 1870 ante
1716 1825 1929 1870 omnes
1959 1809 2023 1870 C.
2051 1808 2328 1870 Laelium

360 1894 735 1972 praesectum
780 1894 999 1961 classis
1042 1901 1103 1956 et
1142 1894 1316 1965 ,omni
1365 1909 1591 1969 genere
1639 1893 1838 1955 laudis
1890 1893 2132 1955 sibimet
2184 1894 2328 1971 ipse

361 1979 666 2055 aequavit,
712 1984 772 2039 et
801 1992 1032 2039 corona
1058 1994 1247 2039 aurea
1269 1994 1351 2038 ac
1379 1976 1630 2054 triginta
1645 1977 1848 2039 bubus
1880 1978 2148 2041 donavit.

526 2061 730 2123 XLIX.
771 2062 920 2123 Tum
952 2060 1205 2123 obsides
1238 2061 1568 2124 civitatium
1595 2061 1930 2139 Hispaniae
1960 2062 2167 2125 vocari
2195 2061 2325 2123 ius-

306 2178 315 2189 ·
361 2148 471 2217 sit;
506 2162 762 2223 quorum
786 2150 1049 2223 quantus
1072 2161 1364 2208 numerus
1388 2146 1567 2207 fuerit
1589 2146 1757 2223 piget
1777 2145 2064 2224 scribere,
2091 2145 2329 2223 quippe

362 2230 463 2293 ubi
500 2230 643 2291 alibi
671 2237 979 2293 trecentos
1009 2232 1229 2304 ferme,
1274 2230 1418 2292 alibi
1449 2230 1562 2291 tria
1589 2230 1752 2291 milia
1781 2231 2201 2307 septingentos
2229 2229 2327 2289 vi·-

360 2314 509 2392 ginti
540 2321 825 2391 quattuor
854 2315 1047 2377 ruisse
1076 2314 1404 2377 inveniam.
1469 2330 1669 2391 aeque
1697 2321 1759 2375 ct
1785 2315 1905 2376 alia
1933 2314 2088 2375 inter
2113 2320 2327 2377 aucto-

360 2414 464 2461 res
508 2398 881 2475 discrepant.
945 2398 1323 2476 praesidium
1351 2398 1643 2461 Punicum
1684 2400 1840 2461 alius
1871 2399 2116 2472 decem,
2165 2396 2330 2459 atius

362 2490 616 2561 septem,
646 2485 805 2545 alius
826 2484 994 2547 haud
1025 2485 1164 2562 plus
1190 2500 1373 2561 quam
1403 2485 1588 2547 duum
1618 2483 1846 2545 milium
1876 2483 2069 2545 fuisse
2093 2482 2334 2544 scribit.

364 2576 547 2645 capta
584 2568 728 2629 alibi
771 2568 985 2630 decem
1025 2568 1191 2629 milia
1234 2568 1528 2644 capitum,
1571 2567 1714 2629 alibi
1746 2583 1937 2644 supra
1965 2566 2234 2643 quinque
2267 2569 2334 2623 et

362 2652 571 2728 viginti
596 2649 894 2713 invenias.
952 2652 1316 2728 scorpiones
1339 2651 1606 2713 maiores
1627 2652 2022 2728 minoresque
2041 2651 2121 2713 ad
2144 2666 2330 2712 sexa-

360 2737 529 2813 ginta
558 2741 775 2812 captos
806 2737 1179 2817 scripserim,
1224 2736 1280 2797 si
1309 2742 1618 2797 auctorem
1649 2737 1946 2798 Graccum
1979 2750 2201 2811 sequar
2222 2735 2326 2797 Si·-

360 2822 596 2892 lenum;
642 2820 696 2881 si
727 2820 1035 2899 Valerium
1064 2819 1400 2895 Antiatem,
1447 2820 1740 2882 maiorum
1781 2820 2174 2896 scorpionum
2211 2834 2333 2879 sex

360 2904 557 2979 milia,
601 2904 905 2966 minorum
933 2904 1148 2965 decem
1177 2904 1292 2963 tria
1319 2904 1511 2965 milia=
1563 2903 1722 2965 adeo
1752 2904 1954 2965 nullus
1996 2902 2334 2963 mentiendi

362 2987 587 3047 modus
630 2994 743 3049 est.
821 3003 901 3048 ne
942 2988 1021 3049 de
1062 2987 1323 3049 ducibus
1365 2988 1614 3063 quidem
1669 2988 1972 3049 convenit.
2049 2986 2336 3062 plerique

362 3071 631 3132 Laelium
670 3070 1015 3147 praefuisse
1062 3072 1282 3145 classi;
1330 3077 1471 3133 sunt
1513 3072 1616 3146 qui
1659 3070 1740 3132 M.
1780 3070 2018 3133 Iunium
2056 3069 2334 3131 Silanum

364 3156 585 3217 dicant
651 3154 879 3216 Arinen
922 3156 1267 3233 praefuisse
1307 3156 1536 3218 Punico
1580 3154 1892 3231 praesidio
1934 3154 2338 3229 deditumque

365 3238 657 3301 Romanis
700 3240 919 3301 Antias
958 3240 1274 3314 Valerius,
1319 3240 1644 3316 Magonem
1688 3239 1789 3300 alii
1831 3238 2168 3316 scriptores
2209 3244 2332 3298 tra-

367 3324 533 3384 dunt.
596 3340 720 3385 non
750 3323 830 3385 de
858 3340 1112 3387 numero
1142 3324 1389 3387 navium
1421 3332 1756 3401 captarum,
1791 3340 1915 3386 non
1943 3322 2024 3384 de
2050 3320 2340 3399 pondere

366 3406 494 3467 auri
536 3413 721 3483 atq-ue
762 3408 993 3485 argenti
1024 3414 1085 3469 et
1121 3409 1410 3469 redactae
1439 3408 1739 3483 pecuniae
1768 3406 2072 3469 convenit.
2136 3404 2191 3467 si
2224 3403 2334 3467 ali-

370 3489 504 3565 quis
534 3490 828 3553 adsentiri
858 3508 1117 3555 necesse
1148 3502 1257 3568 est,
1287 3491 1489 3553 media
1511 3490 1814 3552 simillima
1838 3490 2000 3553 veris
2025 3495 2186 3552 sunt.
2227 3504 2336 3551 co-
