2550 3959
347 208 438 273 60
678 206 912 269 LIBER
938 207 1124 268 XXV.
1167 206 1334 267 cAP.
1364 214 1416 269 7.
1440 214 1492 269 8.
1518 215 1572 269 9.
1616 214 1690 281 [a.
1714 213 1784 265 U.
1810 231 1857 267 c.
1881 214 2008 280 540]

355 366 562 419 rentur
601 357 680 418 ab
707 357 1036 417 Tarracina
1074 371 1477 433 comprensos
1522 373 1735 419 omnes
1765 364 2165 419 retraxerunt.
2210 358 2316 421 de-

355 442 524 505 ducti
561 440 626 502 in
668 440 978 503 comitium
1017 440 1333 515 virgisque
1360 442 1745 517 approbante
1772 443 2005 518 populo
2037 442 2208 507 caesi
2235 444 2318 505 de

355 543 510 587 saxo
567 525 928 587 deiciuntur.
998 525 1159 584 VIII.
1212 523 1397 585 huius
1446 526 1733 587 atrocitas
1774 542 2015 602 poenae
2056 528 2317 588 duarum

351 610 868 673 nobilissimarmn
895 608 958 667 in
980 608 1150 669 Italia
1176 608 1547 669 Graecarum
1570 610 1897 670 civitatium
1920 612 2159 685 animos
2180 612 2316 672 irri-

351 694 503 756 tavit
532 709 670 754 cum
700 693 944 769 publice
970 700 1101 754 tum
1126 692 1305 753 etiam
1328 692 1607 769 singulos
1630 694 1931 769 privatim,
1958 701 2029 755 ut
2049 695 2319 772 quisque

351 786 475 839 tam
501 777 686 838 foede
713 780 1112 852 interemptos
1141 783 1244 838 aut
1269 778 1727 853 propinquitate
1755 785 1858 839 aut
1884 779 2147 840 amicitia
2170 795 2316 840 con-

351 862 640 936 tingebat.
697 878 780 921 ex
815 862 894 921 iis
932 861 1228 921 tredecim
1267 862 1397 921 fere
1440 862 1681 923 nobiles
1722 862 1980 925 iuvenes
2006 864 2317 925 Tarentini

354 945 861 1017 coniuraverunt,
919 960 1181 1019 quorum
1206 946 1551 1021 ,principes
1604 946 1753 1007 Nico
1812 954 1873 1008 et
1924 946 2317 1009 Philemenus

351 1036 542 1090 erant.
584 1028 646 1088 hi
669 1029 1030 1105 priusquam
1054 1029 1284 1104 aliquid
1311 1037 1645 1105 moverent,
1678 1030 2155 1106 colloquendum
2177 1046 2317 1091 cum

348 1112 689 1174 Hannibale
728 1114 873 1186 rati,
914 1119 1097 1173 nocte·
1136 1128 1250 1189 per
1292 1114 1564 1189 speciem
1606 1115 1869 1175 venandi
1896 1114 2050 1175 urbe
2076 1116 2320 1190 egressi

349 1197 430 1257 ad
461 1213 602 1257 eum
630 1196 1124 1271 proficiscuntur.
1189 1204 1250 1256 et
1277 1212 1417 1257 cum
1444 1197 1610 1259 haud
1638 1199 1855 1273 procul
1886 1198 2105 1259 castris
2136 1197 2315 1259 abes-

351 1287 516 1355 sent,
563 1281 750 1341 ceteri
793 1280 952 1342 silva
991 1296 1192 1355 prope
1222 1282 1387 1343 viam
1414 1296 1559 1341 sese
1602 1284 2031 1357 occuluerunt,
2071 1282 2224 1343 Nico
2254 1289 2315 1343 et

348 1364 735 1426 Philemenus
765 1364 1085 1439 progressi
1115 1365 1197 1424 ad
1223 1366 1519 1425 stationes
1551 1365 2121 1441 comprehensique,
2153 1368 2316 1427 ultro

347 1448 413 1508 id
441 1452 742 1524 petentes,
777 1448 856 1507 ad
883 1446 1288 1508 Hannibalem
1316 1448 1561 1510 deducti
1590 1454 1751 1510 sunt.
1796 1449 1902 1525 qui
1926 1465 2065 1510 cum
2084 1456 2146 1509 et
2168 1465 2315 1511 cau-

350 1546 456 1591 sas
487 1531 727 1592 consilii
757 1531 854 1591 sui
883 1538 946 1591 et
973 1531 1122 1606 quid
1157 1538 1447 1607 pararent
1472 1532 1940 1608 exposuissent,
1985 1532 2317 1594 collaudati

349 1615 707 1689 oneratique
735 1615 1062 1689 promissis
1089 1614 1393 1691 iubentur,
1422 1622 1490 1676 ut
1515 1616 1700 1677 fidem
1722 1616 2124 1693 popularibus
2149 1618 2314 1677 face-

347 1703 481 1759 rent
507 1698 848 1775 praedandi
877 1716 1068 1765 causa
1095 1714 1167 1760 se
1195 1701 1349 1761 urbe
1376 1715 1667 1775 egressos
1681 1746 1698 1775 ‚
1742 1716 1973 1777 pecora
2003 1700 2315 1775 Carthagi·

347 1782 670 1858 niensium,
702 1798 867 1859 qnae
891 1791 1139 1859 pastum
1167 1786 1469 1861 propulsa
1496 1789 1723 1858 essent,
1758 1786 1837 1845 ad
1858 1785 2071 1845 urbem
2094 1799 2315 1859 agere=

347 1874 476 1928 tuto
519 1882 593 1927 ac
631 1867 773 1927 sine
811 1868 1140 1929 certamine
1178 1868 1244 1929 id
1284 1869 1555 1931 facturos
1595 1870 1968 1945 promissum
2004 1876 2117 1929 est.
2164 1884 2315 1929 con-

346 1958 564 2026 specta
601 1966 680 2011 ea
715 1953 952 2027 praeda
987 1953 1283 2013 iuvenum-
1306 1960 1430 2028 est,
1474 1954 1799 2028 minusque
1826 1954 2043 2014 iterum
2070 1968 2145 2013 ac
2172 1967 2313 2012 sae-

345 2036 488 2109 pius
529 2034 597 2094 id·
635 2050 747 2095 eos
779 2035 1009 2095 audere
1047 2036 1339 2097 miraculo
1370 2037 1499 2098 ruit.
1566 2037 1887 2111 congressi
1916 2051 2054 2097 curn
2081 2036 2314 2097 Hanni-

347 2118 486 2177 bale
522 2133 744 2179 rursus
786 2118 911 2178 fide
953 2125 1292 2180 sanxerunt
1318 2120 1549 2182 liberos
1574 2120 1933 2182 Tarentinos
1962 2121 2133 2195 leges
2164 2136 2312 2181 sua-

348 2216 470 2277 que
501 2202 708 2263 omnia
732 2202 1070 2279 habituros,
1101 2218 1311 2279 neque
1332 2205 1523 2265 ullum
1548 2204 1811 2279 vectigal
1836 2204 2044 2266 Poeno
2074 2219 2309 2280 pensu—

343 2300 452 2346 ros
494 2286 955 2362 praesidiumve
993 2286 1220 2349 invitos
1259 2296 1621 2363 recepturos
1638 2312 1653 2343 ε
1710 2289 1956 2362 prodita
1994 2287 2315 2364 praesidia

345 2367 932 2445 Carthaginiensium
961 2371 1110 2432 fore.
1175 2372 1333 2432 haec
1360 2372 1464 2432 ubi
1494 2379 1939 2445 convenerunt,
1985 2378 2127 2436 tunc
2154 2386 2310 2434 vero

342 2452 730 2515 Philemenus
761 2454 1269 2517 consuetudinem
1298 2464 1479 2518 nocte
1500 2456 1860 2531 egrediundi
1882 2456 2311 2532 redeundique

343 2536 405 2596 in
431 2538 648 2598 urbem
677 2539 1151 2615 frequentiorem
1179 2542 1403 2600 facere.
1447 2547 1509 2601 et
1538 2548 1670 2600 erat
1692 2540 1959 2601 venandi
1986 2540 2193 2602 studio
2215 2540 2307 2600 in·

343 2620 558 2696 signis,
601 2637 914 2696 canesque
941 2629 1001 2684 et
1029 2623 1185 2684 alius
1215 2632 1549 2698 apparatus
1580 2624 1984 2699 sequebatur-3
2030 2630 2307 2698 captum-

269 2748 303 2783 „
344 2718 468 2779 que
508 2705 700 2765 ferme
747 2706 980 2781 aliquid
1021 2714 1126 2767 aut
1161 2705 1240 2766 ab
1288 2706 1469 2767 hoste
1508 2724 1587 2767 ex
1625 2714 1992 2782 praeparato
2036 2708 2311 2769 adlatum

339 2788 714 2864 reportando
757 2789 1026 2849 donabat
1065 2797 1184 2851 aut·
1209 2792 1523 2864 praefecto
1564 2798 1671 2852 aut
1698 2791 2061 2853 custodibus
2092 2798 2302 2867 porta-

339 2886 496 2931 rum.
559 2878 742 2932 nocte
779 2871 1044 2932 maxime
1091 2888 1437 2934 commeare
1475 2882 1731 2950 propter
1769 2881 1996 2935 metum
2035 2874 2308 2935 hostium

343 2954 694 3015 credebant.
759 2955 868 3015 ubi
905 2956 1026 3016 iam
1053 2972 1130 3017 eo
1162 2959 1627 3019 consuetudinis
1656 2958 1927 3019 adducta
1950 2972 2053 3018 rm
2084 2965 2207 3034 est,
2237 2966 2311 3020 ut

343 3052 742 3114 quocumque
767 3038 969 3099 noctis
997 3046 1274 3115 tempore
1306 3041 1483 3103 sib-ilo
1515 3042 1792 3103 dedisset
1816 3042 2088 3117 signum,
2122 3048 2311 3117 porta

341 3121 698 3197 aperiretur,
724 3128 966 3198 tempus
991 3124 1269 3199 agendae
1288 3126 1378 3186 rei
1399 3126 1723 3186 Hannibali
1742 3126 1945 3187 visum
1964 3133 2089 3185 est:
2119 3124 2311 3187 tridui

338 3205 501 3265 viam
527 3212 772 3277 aberat3
817 3206 953 3280 ubi,
985 3224 1122 3282 quo·
1138 3209 1340 3269 minus
1366 3208 1583 3271 mirum
1606 3215 1777 3270 esset
1800 3226 1925 3271 uno
1956 3209 2311 3283 eodemque

339 3290 478 3351 Ioco
508 3290 730 3351 stativa
757 3306 900 3351 eum
929 3297 1054 3352 tam
1083 3292 1189 3353 diu
1215 3292 1473 3368 habere,
1514 3309 1767 3368 aegrum
1794 3293 2135 3354 simulabat.
2176 3294 2309 3355 Ro-

339 3372 534 3433 manis
577 3389 858 3451 quoque,
903 3374 1010 3451 qui
1049 3376 1110 3435 in
1153 3376 1465 3452 praesidio
1493 3377 1735 3438 Tarenti
1763 3384 1965 3452 erant,
2010 3383 2312 3452 suspecta

339 3472 482 3519 esse
523 3456 644 3518 iam
683 3458 896 3533 segnis
933 3475 1108 3521 mora
1149 3460 1284 3522 eius
1327 3460 1612 3522 desierat.
1680 3461 1782 3521 IX.
1822 3467 2089 3523 ceterum
2131 3466 2307 3536 post·
