2550 3959
531 238 762 301 LIBER
780 239 969 301 XXV.
1010 240 1177 301 cAP.
1196 243 1288 301 39.
1309 246 1397 301 40.
1445 245 1518 313 [a.
1543 246 1608 297 C.
1632 247 1758 313 212]
2049 242 2134 305 99

31 378 33 397 '
154 392 315 455 milia
356 407 554 453 caesa
592 391 893 461 hostium;
941 394 1133 454 altero
1166 394 1402 469 proelio
1433 393 1758 471 eruptione
1786 405 2123 473 pugnatum

155 494 287 537 cum
315 475 741 550 Hasdrubale,
772 476 989 538 decem
1018 477 1185 537 milia
1210 478 1453 552 occisa,
1501 484 1790 554 quattuor
1819 481 1986 543 milia
2011 489 2128 544 tre-

156 567 371 623 centos
403 560 652 635 triginta
677 566 914 637 captos.
957 560 1103 623 Piso
1135 561 1414 638 quinque
1438 562 1605 623 milia
1625 563 1957 639 hominum,
1992 582 2131 628 cum

152 646 335 721 Mago
376 645 671 706 cedentes
714 651 963 707 nostros
992 644 1194 707 effuse
1220 654 1617 722 sequeretur,
1661 664 1848 711 caesa
1877 665 1958 710 ex
1983 650 2129 711 insi-

156 731 268 791 diis
299 728 534 792 scribit.
566 728 743 805 apud
771 744 987 791 omnes
1017 742 1306 805 magnum
1333 744 1556 793 nomen
1580 732 1797 794 Marcii
1814 732 1990 795 ducis
2013 741 2111 795 est

154 822 211 875 et
233 826 428 874 verae
466 812 701 887 gloriae
742 812 873 877 eius
902 812 1085 875 etiam
1110 814 1408 875 miracula
1434 815 1694 893 addunt,
1737 816 2046 879 flammam
2073 818 2129 879 ei

154 896 533 959 contionanti
560 897 761 957 fusam
790 912 831 959 e
859 898 1061 974 capite
1102 897 1237 959 sine
1279 898 1479 974 ipsius
1519 916 1712 963 sensu
1741 918 1879 963 cum
1905 918 2142 979 magno-

153 997 389 1058 pavore
430 980 953 1045 circumstant-‘mm
992 982 1275 1043 militum=
1319 991 1906 1062 monumentumque
1933 988 2124 1049 victo-

151 1067 277 1127 riae
304 1064 444 1126 eius
486 1064 565 1127 de
592 1064 817 1129 Poenis
860 1082 1063 1142 usque
1090 1068 1174 1127 ad⁴
1200 1067 1521 1129 incensum
1550 1068 1910 1145 Capitolium
1938 1070 2130 1133 fuisse

151 1150 209 1211 in
234 1150 475 1226 templo
506 1149 770 1225 clipeum
795 1150 1089 1213 Marcium
1120 1152 1498 1228 appellatum
1526 1168 1664 1214 cum
1689 1154 1954 1230 imagine
1971 1155 2127 1215 Has-

151 1234 449 1299 drubalis.
518 1232 775 1308 Quietae
844 1234 1071 1297 deinde
1126 1235 1506 1312 aliquamdiu
1558 1237 1622 1297 in
1670 1237 1972 1313 Hispania
2019 1254 2125 1299 res

151 1320 355 1392 suere,
396 1317 683 1394 utrisque
725 1324 869 1395 post
904 1324 1103 1381 tantas
1144 1318 1206 1380 in
1234 1320 1438 1381 vicem
1472 1326 1768 1397 acceptas
1797 1322 2128 1399 illatasque

154 1404 367 1465 clades
398 1402 829 1465 cunctantibus
860 1404 1197 1479 periculum
1230 1420 1506 1467 summae
1531 1422 1740 1467 rerum
1770 1405 1993 1467 iacere.

316 1486 444 1549 XL
488 1487 647 1549 Dum
668 1486 825 1549 haec
846 1488 908 1548 in
921 1488 1221 1564 Hispania
1239 1496 1552 1565 geruntur,
1577 1490 1904 1551 Marcellus
1929 1491 2126 1567 captis

151 1570 487 1652 Syracusis
500 1618 522 1645 ,
562 1586 702 1633 cum
744 1578 953 1635 cetera
990 1573 1052 1633 in
1084 1571 1292 1634 Sicilia
1321 1579 1487 1635 tanta
1515 1574 1640 1636 fide
1668 1581 1855 1652 atque
1882 1575 2126 1651 integri·

150 1664 269 1718 tate
310 1655 802 1731 composuisset,
844 1664 915 1718 ut
939 1673 1064 1719 non
1091 1658 1280 1719 modo
1311 1674 1487 1719 suam
1515 1659 1774 1733 gloriam
1802 1658 1917 1719 scd
1945 1659 2126 1719 etiam

148 1740 527 1802 maiestatem
552 1740 767 1816 populi
780 1741 1040 1803 Romani
1062 1750 1333 1818 augeret,
1357 1750 1714 1804 ornamenta
1734 1742 1925 1818 urbis,
1948 1742 2128 1818 signa

148 1824 521 1901 tabulasque
572 1824 797 1901 quibus
850 1825 1245 1889 abundabant
1287 1824 1642 1905 Syracusae
1656 1873 1672 1901 ,
1720 1827 1978 1889 Romam
2019 1827 2126 1887 de-

146 1909 335 1983 vexit,
362 1908 633 1971 hostium
664 1909 912 1985 quidem
940 1910 1043 1971 illa
1068 1910 1273 1987 spolia
1301 1919 1362 1973 et
1391 1915 1566 1987 parta
1591 1909 1736 1971 belli
1758 1910 1920 1971 iure:
1963 1916 2126 1971 cete·-

146 2009 275 2055 rum
305 1991 455 2054 inde
483 1993 745 2068 primum
764 1993 998 2055 initium
1019 1994 1275 2056 mirandi
1303 1995 1669 2057 Graecarum
1691 1995 1910 2057 artium
1934 2009 2130 2071 opera

148 2077 559 2153 licentiaeque
586 2076 731 2139 huic
758 2094 941 2139 sacra
964 2080 1350 2156 profanaque
1375 2078 1582 2141 omnia
1603 2082 1788 2155 vulgo
1814 2079 2124 2156 spoliandi

151 2164 385 2223 factum
414 2166 527 2237 est,
564 2175 727 2239 quae
752 2168 1069 2239 postremo
1098 2163 1161 2224 in
1186 2163 1505 2225 Romanos
1536 2163 1710 2240 deoS,
1741 2164 2036 2239 templum
2063 2163 2130 2224 id

150 2247 353 2323 ipsum
411 2245 701 2320 primum,
760 2248 930 2323 quod
971 2264 1006 2308 a
1045 2246 1337 2309 Marcello
1396 2248 1620 2309 eximie
1675 2254 1956 2309 ornatum
2011 2254 2125 2309 est.

147 2330 346 2391 vertit.
415 2329 774 2402 visebantur
814 2330 974 2393 enim
1014 2332 1095 2391 ab
1132 2333 1406 2393 externis
1435 2332 1520 2392 ad
1549 2338 1788 2408 portam
1817 2330 2125 2408 Capenam

148 2414 437 2475 dedicata
472 2430 513 2475 a
551 2413 635 2475 M.
676 2414 967 2477 Marcello
1016 2417 1243 2491 templa
1285 2423 1542 2493 propter
1584 2416 1951 2477 excellentia
1987 2414 2126 2476 cius

146 2498 393 2574 generis
450 2506 832 2573 ornamenta,
896 2514 1157 2576 quorum
1204 2501 1545 2575 perexigua
1592 2515 1739 2575 pars
1791 2504 2123 2573 comparet.

146 2582 515 2658 Legationes
544 2582 813 2644 omnium
843 2584 1035 2645 fenne
1062 2582 1396 2645 civitatium
1419 2582 1666 2645 Siciliae
1695 2582 1778 2643 ad
1806 2597 1948 2644 eum
1978 2596 2122 2642 con--

148 2664 494 2728 veniebant.
550 2666 765 2743 dispar
790 2674 859 2729 ut
886 2683 1079 2729 causa
1106 2682 1316 2729 earum
1333 2714 1348 2743 ,
1379 2668 1464 2729 ita
1492 2666 1775 2729 condicio
1807 2672 1955 2728 erat.
2020 2665 2126 2740 qui

146 2757 289 2813 ante
331 2756 551 2826 captas
578 2749 934 2830 Syracusas
976 2759 1083 2815 aut
1109 2769 1235 2813 non
1266 2750 1658 2813 desciverant
1685 2758 1788 2813 aut
1815 2749 2126 2811 redierant

144 2834 203 2893 in
232 2832 579 2911 amicitiam,
608 2841 677 2897 ut
698 2835 857 2897 socii
886 2835 1105 2897 fideles
1136 2837 1374 2913 accepti
1399 2835 1696 2913 cultique=
1743 2850 1902 2913 quos
1924 2840 2124 2897 metus

144 2924 291 2993 post
319 2924 538 2993 captas
574 2917 927 2997 Syracusas
957 2919 1310 2995 dediderat,
1353 2926 1420 2981 ut
1445 2920 1589 2981 victi
1623 2936 1664 2981 a
1690 2919 1922 2981 victore
1949 2920 2123 2993 leges
2225 2970 2236 2981 .

143 3010 542 3079 acceperunt,
578 3003 771 3065 Erant
796 3010 994 3065 tamen
1027 3004 1191 3067 haud
1222 3020 1454 3081 parvae
1473 3004 1772 3081 reliquiae
1795 3002 1938 3065 belli
1961 3003 2125 3065 circa

140 3087 549 3163 Agrigentum
586 3087 913 3163 Romanis,
956 3087 1273 3167 Epicydes
1314 3095 1381 3149 et
1404 3089 1624 3149 Hanno
1665 3089 1860 3149 duces
1901 3086 2121 3160 reliqui

142 3170 373 3247 prioris
415 3170 561 3233 belli
600 3180 665 3234 et
689 3173 905 3235 tertius
940 3188 1141 3233 novus
1172 3173 1251 3233 ab
1279 3172 1622 3233 Hannibale
1651 3171 1712 3231 in
1740 3172 1944 3231 locum
1971 3168 2117 3243 Hip·-

143 3256 423 3330 pocratis
462 3255 727 3332 missus,
768 3255 1300 3335 Libyphoenicum
1339 3256 1586 3333 generis
1613 3253 1906 3331 Hippacri
1941 3257 2122 3313 natus

138 3372 227 3384 —-
252 3339 557 3401 Muttinen
606 3342 946 3417 populares
994 3341 1303 3402 vocabant
1327 3372 1415 3385 -—-
1440 3340 1537 3401 vir
1583 3337 1844 3414 impiger
1893 3341 1956 3397 et
2005 3336 2122 3397 sub

142 3422 493 3485 Hannibale
530 3425 824 3500 magistro
868 3439 1085 3486 omnes
1126 3424 1270 3485 belli
1312 3431 1476 3485 artes
1519 3422 1800 3484 edoctus.
1871 3419 2013 3483 huic
2043 3421 2124 3481 ab

140 3506 427 3587 Epicyde
456 3517 518 3570 et
542 3508 849 3573 Hannone
866 3508 1165 3570 Numidae
1194 3508 1318 3570 dati
1349 3505 1698 3581 auxiliares,
1729 3521 1868 3567 cum
1899 3504 2120 3581 quibus

1621 3596 1654 3654 7
1673 3594 1702 3628 *
