2550 3959
540 211 774 270 LIBER
800 211 1042 270 XXVII.
1086 211 1250 272 cAP.
1281 221 1369 274 28.
1399 221 1486 274 29.
1533 219 1607 288 [a.
1639 214 1703 273 C.
1731 221 1857 288 208]
2061 215 2184 280 193)

210 362 413 424 sulem
454 360 703 422 adesse.
771 361 987 438 vigiles
1019 363 1186 422 velut
1214 361 1297 422 ad
1327 377 1545 422 vocem
1575 377 1787 425 eorum
1817 366 2061 427 excitati
2089 375 2182 430 tu-

208 445 511 520 multuari,
533 444 859 520 trepidare,
886 444 1084 505 moliri
1108 452 1364 520 portam.
1398 453 1702 508 cataracta
1718 448 1956 510 deiecta
1969 450 2182 512 clausa

207 537 356 592 emt.
422 545 561 612 eam
590 529 807 604 partim
840 528 1115 589 vectibus
1146 530 1379 604 levant,
1423 531 1642 605 partim
1671 532 1918 596 funibus
1948 534 2180 596 subdu-

208 620 357 676 cunt
378 613 443 672 in
462 620 691 672 tantum
714 611 1065 686 altitudinis,
1089 619 1156 672 ut
1175 613 1384 673 subire
1406 621 1572 674 recte
1594 623 1870 691 possent.
1924 617 2180 680 vixdum

208 698 361 758 satis
378 696 628 772 patebat
648 696 778 770 iter,
804 713 940 756 cum
967 697 1262 772 perfugae
1283 698 1554 758 certatim
1575 705 1758 760 ruunt
1777 715 1891 776 per
1903 708 2175 778 portam3

206 791 269 842 et
322 797 461 842 cum
522 779 801 842 sexcenti
856 780 1047 840 ferme
1096 780 1458 855 intrassent,
1513 784 1776 844 remisso
1823 785 1998 858 fune,
2055 801 2178 862 quo

210 880 523 941 suspensa
550 869 698 938 erat,
732 871 1037 926 cataracta
1066 880 1290 939 magno
1320 865 1527 926 sonitu
1558 867 1796 928 cecidit.
1838 865 2176 944 Salapitani

208 949 307 1009 alii
336 949 631 1024 perfugas
660 949 1054 1024 neglegenter
1082 963 1161 1008 ex
1189 948 1405 1010 itinere
1435 965 1747 1026 suspensa
1775 950 2066 1028 humeriS,
2111 961 2178 1016 ut

206 1032 362 1094 inter
388 1038 677 1109 pacatos,
725 1040 1009 1107 gerentes
1040 1047 1209 1092 arma
1236 1031 1566 1102 invadunt;
1609 1035 1710 1093 alii
1753 1050 1832 1094 ex
1860 1036 2006 1096 turri
2043 1037 2175 1100 eius

206 1125 423 1192 portae
446 1115 761 1189 murisque
784 1116 955 1176 saxis
979 1115 1237 1177 sudibus
1263 1117 1402 1190 pilis
1427 1117 1771 1179 absterrent
1791 1118 2050 1178 hostem.
2093 1121 2176 1182 ita

206 1201 349 1260 inde
370 1199 675 1262 Hannibal
706 1207 947 1270 suamet
974 1199 1113 1274 ipse
1142 1199 1359 1260 fraude
1388 1206 1604 1275 captus
1632 1200 1796 1275 abiit,
1829 1203 2172 1277 profectus·

208 1300 329 1360 que
360 1283 441 1344 ad
468 1284 806 1346 Locrorum
842 1283 1205 1344 solvendam
1249 1283 1667 1357 obsidionem,
1716 1300 1897 1360 quam
1929 1285 2174 1348 Cincius

206 1383 445 1431 summa
473 1367 565 1442 vi,
608 1366 899 1443 operibus
914 1375 1490 1442 ,tomentommque
1519 1369 1684 1429 omni
1711 1383 1938 1443 genere
1969 1385 2046 1430 ex
2077 1369 2172 1432 Si-

207 1451 345 1514 cilia
375 1451 635 1514 advecto
666 1449 1081 1526 oppugnabat.
1124 1451 1373 1526 Magoni
1402 1451 1522 1512 iam
1545 1451 1710 1513 haud
1740 1452 1931 1514 femie
1958 1453 2172 1518 fidenti

206 1541 573 1596 retenturum
615 1535 1137 1611 defensurumque
1178 1551 1251 1596 se
1292 1535 1509 1596 urbem
1547 1537 1744 1614 prima
1784 1553 1934 1612 spes
1977 1544 2173 1599 morte

206 1619 476 1681 nuntiata
503 1618 772 1678 Marcelli
802 1618 1071 1680 adfulsit.
1139 1625 1389 1682 secutus
1420 1618 1564 1680 inde
1591 1621 1836 1681 nuntius
1863 1621 2148 1684 Hanniba

203 1705 320 1764 lem
349 1701 741 1764 Numidarum
786 1702 1065 1776 equitatu
1092 1701 1436 1777 praemisso
1467 1703 1672 1778 ipsum
1685 1748 1702 1777 ,
1747 1710 2040 1777 quantum
2070 1721 2172 1766 ac-

208 1789 479 1848 celerare
524 1791 771 1860 posset,
813 1800 951 1844 cum
983 1784 1253 1860 peditum
1297 1785 1538 1860 agmine
1567 1785 1766 1861 sequi.
1828 1785 2038 1862 itaque
2064 1787 2170 1848 ubi

204 1869 461 1946 primum
489 1868 783 1928 Numidas
814 1867 979 1927 edito
1010 1883 1046 1927 e
1074 1867 1348 1943 speculis
1378 1866 1558 1944 signo
1588 1869 1926 1930 adventare
1955 1871 2166 1944 sensit,

203 1960 263 2014 et
298 1954 439 2029 ipse
480 1953 786 2027 patefacta
825 1957 1077 2028 repente
1116 1958 1297 2028 porta
1326 1953 1501 2014 ferox
1541 1953 1604 2014 in
1631 1952 1843 2014 hostes
1890 1953 2168 2030 erumpit.

204 2045 263 2099 et
289 2036 489 2112 primo
518 2035 715 2110 magis
746 2034 893 2111 quia
921 2035 1259 2112 improviso
1291 2035 1354 2096 id
1378 2038 1621 2112 fecerat,
1656 2053 1842 2112 quam
1869 2037 2036 2113 quod
2059 2054 2171 2115 par

202 2120 436 2182 viribus
478 2126 677 2191 esset,
722 2134 955 2195 anceps
986 2125 1293 2182 certamen
1335 2127 1496 2190 erat;
1554 2121 1808 2196 deinde,
1852 2128 1921 2182 ut
1955 2138 2168 2198 super-

203 2220 429 2266 venere
464 2202 792 2278 Numidae,
828 2209 1031 2267 tantus
1074 2219 1273 2279 pavor
1298 2204 1596 2266 Romanis
1638 2211 1734 2267 est
1773 2204 2030 2266 iniectus
2045 2251 2062 2281 ‚
2104 2210 2170 2266 ut

202 2288 440 2366 passim
462 2288 543 2350 ad
565 2302 733 2347 mare
753 2301 827 2350 ac
849 2303 1043 2348 naves
1067 2288 1345 2362 sugerent
1365 2288 1592 2350 relictis
1623 2288 1915 2363 operibus
1937 2289 2166 2350 machi-

200 2372 441 2448 nisque,
474 2370 698 2446 quibus
726 2386 937 2432 muros
968 2370 1338 2444 quatiebant.
1398 2371 1483 2431 ita
1509 2371 1777 2435 adventu
1805 2372 2166 2434 Hannibalis

200 2457 403 2523 soluta
427 2455 761 2517 Locrorum
792 2454 1037 2516 obsidio
1067 2460 1179 2514 est.

364 2538 579 2602 XXIX.
659 2537 973 2612 Crispinus
1023 2543 1349 2613 postquam
1399 2537 1459 2595 in
1505 2535 1776 2597 Bruttios
1827 2539 2168 2612 profectum

200 2622 603 2685 Hannibalem
649 2622 871 2694 sensit,
938 2621 1272 2682 exercitum
1287 2666 1304 2695 ,
1366 2619 1462 2680 cui
1514 2620 1753 2694 collega
1799 2621 2166 2696 praefuerat,

196 2708 280 2768 Μ.
312 2705 663 2768 Marcellum
701 2704 1005 2766 tribunum
1043 2705 1295 2766 militum
1321 2703 1658 2765 Venusiam
1702 2703 2010 2767 abducere
2039 2706 2168 2766 ius-

194 2791 313 2862 sit3
344 2790 483 2866 ipse
513 2803 652 2851 cum
680 2789 1025 2864 legionibus
1054 2789 1185 2850 suis
1208 2788 1478 2864 Capuam
1502 2787 1836 2864 profectus,
1865 2789 1972 2850 vix
1999 2788 2165 2849 lecti-

194 2890 315 2936 cae
344 2873 735 2949 agitationem
765 2889 915 2949 prae
942 2872 1240 2946 gravitate
1268 2871 1590 2934 vulnerum
1617 2871 1876 2947 patiens,
1906 2871 2162 2934 Romam

192 2960 431 3020 litteras
460 2957 540 3020 de
569 2965 765 3018 morte
793 2957 1069 3032 collegae
1099 2956 1379 3031 scripsit,
1417 2966 1774 3036 quantoque
1795 2956 1933 3034 ipse
1955 2955 2019 3018 in
2042 2954 2163 3016 dis-

194 3038 455 3102 crimine
492 3049 691 3102 esset=
770 3057 841 3102 se
884 3040 1267 3103 comitiorum
1297 3056 1488 3104 causa
1516 3055 1640 3100 non
1682 3056 1877 3116 posse
1903 3041 2160 3102 Romam

190 3126 447 3204 venire,
488 3124 635 3201 quia
662 3141 779 3186 nec
804 3125 944 3186 viae
973 3123 1246 3184 laborem
1275 3140 1578 3199 passurus
1607 3123 1945 3198 videretur,
1990 3132 2051 3184 et
2082 3124 2160 3183 de

188 3215 461 3274 Tarento
491 3209 792 3272 sollicitus
834 3214 1033 3284 esset,
1074 3223 1153 3268 ne
1183 3223 1263 3268 ex
1291 3207 1538 3268 Bruttiis
1567 3207 1870 3268 Hannibal
1911 3220 1986 3267 eo
2019 3221 2164 3266 con-

190 3301 468 3356 verteret
494 3309 733 3368 agmen.
795 3295 1031 3369 legatos
1062 3308 1221 3368 opus
1250 3306 1398 3352 esse
1425 3292 1507 3351 ad
1529 3306 1601 3351 se
1623 3291 1790 3365 mitti,
1819 3289 1990 3351 viros
2019 3307 2162 3366 pru·

192 3381 441 3452 dentes,
483 3394 622 3439 cum
654 3378 876 3452 quibus
908 3393 1068 3452 quae
1094 3375 1280 3437 vellet
1309 3375 1389 3435 de
1416 3391 1484 3435 re
1513 3374 1762 3451 publica
1787 3376 2162 3452 loqueretur.

192 3465 318 3524 hae
359 3463 594 3523 litterae
645 3462 932 3524 recitatae
973 3473 1257 3537 magnum
1299 3466 1361 3520 et
1398 3459 1626 3520 luctum
1665 3467 1862 3605 igione
1917 3457 2160 3520 alterius

1649 3553 1674 3603 1
