2550 3959
424 203 509 271 78
731 202 964 264 LIBER
989 202 1177 263 XXV.
1223 201 1390 261 cAP.
1418 210 1508 265 22.
1539 209 1627 263 23.
1675 208 1748 275 [a.
1772 208 1844 260 U.
1877 224 1926 260 c.
1957 207 2084 275 54⁰]

424 356 725 420 Suessula
748 372 827 415 ex
852 354 1200 417 Claudianis
1225 353 1446 416 castris
1471 356 1844 416 exciverunt.
1889 356 1943 416 is
1968 372 2238 433 quoque,
2271 374 2403 421 mo-

426 442 567 503 dico
618 440 704 500 ibi
756 439 1068 515 praesidio
1112 439 1193 499 ad
1241 439 1574 500 tenendum
1616 439 1818 499 locum
1847 438 2108 513 ¹relicto,
2175 442 2405 502 ceteris

424 524 709 589 omnibus
753 523 950 598 copiis
993 524 1075 583 ad
1105 522 1374 599 Capuam
1417 522 1756 584 descendit.
1818 523 1900 583 ita
1928 523 2044 586 tria
2085 526 2404 600 praetoria

423 610 590 671 circa
619 609 888 685 Capuam
929 612 1165 682 erecta,
1209 614 1335 667 tres
1366 614 1426 667 et
1466 606 1772 667 exercitus
1803 607 2068 669 diversis
2115 610 2400 685 partibus

422 711 582 771 opus
624 689 907 767 adgressi
948 691 1123 753 fossa
1160 691 1451 767 valloque
1483 691 1861 751 circumdare
1902 691 2117 753 urbem
2153 703 2399 768 parant,

421 786 483 839 et
525 776 777 854 castella
819 775 1087 836 excitant
1127 775 1387 835 modicis
1430 775 1798 850 intervallis,
1840 775 2170 851 multisque
2211 777 2399 839 simul

421 862 576 924 locis
620 875 757 921 cum
798 858 1267 935 prohibentibus
1311 875 1502 935 opera
1533 858 1860 934 Campanis
1901 874 1978 919 eo
2027 868 2250 921 eventu
2281 878 2398 937 pu-

420 951 629 1023 gnant,
674 949 740 1004 ut
771 951 1082 1019 postremo
1113 944 1309 1020 portis
1339 958 1639 1019 muroque
1669 958 1739 1003 se
1769 944 2108 1005 contineret
2138 944 2384 1021 Cam-pa-

420 1046 555 1091 nus.
596 1027 769 1104 prius
792 1034 1011 1101 tamen,
1046 1044 1229 1104 quam
1256 1026 1412 1088 haec
1442 1027 1935 1089 continuarentur
1964 1043 2174 1104 opera,
2205 1029 2395 1105 legati

420 1114 502 1174 ad
542 1112 944 1173 Hannibalem
991 1112 1194 1188 missi,
1253 1112 1357 1188 qui
1403 1118 1798 1186 quererentur
1842 1113 2150 1173 desertam
2191 1112 2271 1173 ab
2315 1128 2395 1173 eo

425 1198 693 1273 Capuam
734 1212 807 1257 ac
851 1211 1047 1273 prope
1088 1196 1388 1256 redditam
1417 1196 1742 1267 RomaniS,
1797 1196 2394 1273 obtestarenturque,

422 1290 487 1344 ut
526 1288 670 1342 tunc
712 1282 927 1341 saltem
972 1296 1155 1356 opem
1194 1297 1319 1341 non
1362 1280 1790 1341 circumsessis
1832 1280 2018 1341 modo
2049 1280 2166 1341 sed
2206 1282 2394 1343 etiam

422 1366 889 1427 circumvallatis
941 1365 1143 1426 ferret.
1230 1363 1586 1425 consulibus
1628 1364 1864 1425 litterae
1914 1380 1953 1424 a
1991 1363 2054 1423 P.
2100 1363 2388 1427 Cornelio

422 1456 705 1527 praetore
734 1448 979 1522 missae,
1012 1454 1078 1508 ut
1107 1448 1465 1523 priusquam
1495 1449 1848 1509 clauderent
1879 1448 2154 1523 Capuam
2181 1449 2361 1524 operi

422 1534 555 1607 buS,
586 1539 950 1609 potestatem
981 1531 1305 1608 Campanis
1334 1532 1622 1607 facerent,
1663 1539 1732 1593 ut
1752 1530 1866 1609 'qui
1896 1548 2108 1593 eorum
2141 1533 2388 1607 vellent,

421 1616 657 1678 eXIrent
678 1616 936 1692 aCapua
960 1631 1232 1692 suasque
1253 1632 1357 1677 res
1389 1632 1598 1677 secum
1629 1617 1953 1677 auferrent.
1997 1616 2226 1677 liberos
2253 1617 2390 1677 fore

420 1718 660 1777 suaque
702 1701 906 1763 omnia
946 1699 1264 1762 habituros
1298 1700 1402 1776 qui
1441 1706 1581 1761 ante
1609 1700 1751 1762 idus
1779 1700 2030 1761 Martias
2077 1700 2388 1761 exissenta

422 1792 561 1862 post
589 1802 725 1847 eam
746 1786 907 1846 dlem
931 1782 1160 1861 quique
1191 1785 1465 1845 exissent
1488 1784 1716 1860 quique
1746 1783 1827 1845 ibi
1851 1784 2240 1860 mansissent,
2271 1784 2388 1845 ho-

420 1871 599 1931 stium
630 1870 865 1930 l'uturos
894 1884 1167 1930 numero.
1212 1886 1288 1929 ea
1317 1868 1706 1945 pronuntiata
1729 1868 2053 1945 Campanis
2085 1876 2272 1943 atque
2301 1868 2391 1929 ita

420 1960 643 2029 spreta,
674 1962 741 2014 ut
761 1956 919 2014 ultro
945 1954 1342 2014 contumelias
1369 1953 1641 2013 dicerent
1662 1953 2174 2027 minarenturque.
2215 1952 2386 2013 Han-

418 2037 582 2097 nibal
625 2036 701 2095 ab
732 2037 1063 2097 Herdonea
1088 2037 1410 2096 Tarentum
1440 2036 1699 2097 duxerat
1725 2036 2002 2112 legiones
2033 2052 2148 2113 spe
2190 2042 2294 2095 aut
2321 2036 2388 2096 vi

419 2127 524 2181 aut
545 2121 688 2181 dolo
714 2121 872 2181 arcis
886 2120 1247 2182 Tarentinae
1268 2120 1624 2197 potiundae.
1672 2122 1842 2197 quod
1869 2120 1974 2181 ubi
1998 2136 2213 2197 parum
2235 2135 2386 2195 pro-

418 2205 622 2281 cessit,
667 2205 748 2265 ad
774 2203 1166 2265 Brundisium
1194 2202 1368 2264 flexit
1394 2206 1522 2277 iter,
1557 2205 1736 2281 prodi
1765 2205 1830 2266 id
1862 2204 2160 2280 oppidum
2188 2210 2385 2265 ratuS.

418 2289 501 2349 ibi
532 2304 781 2366 quoque
812 2306 949 2351 cum
979 2289 1202 2349 frustra
1228 2295 1452 2349 tereret
1476 2295 1740 2365 tempuS‚
1770 2288 1952 2364 legati
1976 2288 2269 2365 Campani
2297 2290 2386 2349 ad

418 2389 557 2433 eum
603 2380 896 2434 venerunt
926 2379 1251 2449 querentes
1283 2373 1462 2433 simul
1505 2381 1892 2449 orantesque.
1962 2373 2182 2448 quibus
2211 2372 2383 2432 Han-

416 2456 579 2518 nibal
619 2457 942 2535 magnifice
981 2458 1334 2535 respondit,
1380 2464 1441 2518 et
1468 2463 1649 2517 antea
1679 2473 1748 2518 se
1792 2456 2060 2518 solvisse
2104 2454 2380 2519 obsidio-

414 2558 571 2616 nem,
604 2551 665 2605 et
692 2560 854 2603 nunc
882 2543 1211 2604 adventum
1241 2559 1422 2603 suum
1453 2544 1743 2603 consules
1772 2558 1897 2603 non
1926 2542 2178 2602 laturos.
2235 2554 2385 2601 cum

413 2626 531 2686 hac
571 2642 685 2701 spe
729 2627 967 2687 dimissi
1007 2627 1190 2701 legati
1231 2626 1340 2685 vix
1390 2626 1632 2699 regredi
1675 2624 1944 2701 Capuam
1985 2625 2105 2685 iam
2149 2625 2384 2699 duplici

416 2711 588 2770 fossa
614 2711 903 2784 valloque
934 2710 1191 2771 clnctam
1220 2716 1564 2787 potuerunt.

580 2793 790 2855 XXIII.
848 2794 993 2855 Cum
1022 2794 1284 2854 maxime
1317 2793 1524 2868 Capua
1553 2794 2138 2866 circumvallaretur‚
2185 2792 2382 2871 Syra-

415 2892 699 2937 cusarum
723 2878 1100 2953 oppugnatio
1126 2878 1202 2937 ad
1218 2878 1403 2937 finem
1423 2878 1605 2952 venit,
1631 2884 2061 2953 praeterquam
2079 2878 2142 2937 vi
2163 2892 2236 2937 ac
2254 2878 2380 2937 vir-

414 2966 539 3021 tute
562 2961 737 3027 ducis
774 2962 1223 3037 exercitusque,
1264 2960 1550 3023 intestina
1572 2962 1752 3021 etiam
1775 2961 2124 3039 proditione
2147 2961 2379 3023 adiuta.

414 3060 679 3120 namque
690 3044 1018 3106 Marcellus
1045 3045 1213 3106 initio
1242 3045 1408 3106 veris
1438 3046 1726 3121 incertuS,
1755 3053 1955 3106 utrum
1976 3045 2383 3121 Agrigentum

414 3130 495 3190 ad
522 3128 940 3190 Hamilconem
982 3137 1043 3192 et
1080 3130 1497 3207 Hippocraten
1539 3136 1807 3191 verteret
1841 3130 2098 3205 bellum,
2143 3146 2224 3189 an
2267 3128 2381 3190 ob·

414 3213 655 3274 sidione
686 3212 1033 3291 Syracusas
1074 3221 1408 3291 premeret,
1455 3230 1823 3290 quamquam
1866 3229 1981 3275 nec
2008 3213 2073 3273 vi
2102 3213 2243 3291 capi
2284 3214 2382 3273 vi-

412 3297 598 3359 debat
647 3315 839 3375 posse
888 3298 1425 3376 inexpugnabilem
1467 3299 1737 3360 terrestri
1787 3315 1860 3359 ac
1907 3296 2204 3359 maritimo
2257 3298 2381 3358 situ

413 3380 623 3443 urbem
653 3400 766 3443 nec
795 3384 971 3459 fame,
1016 3389 1083 3446 ut
1113 3399 1295 3459 quam
1325 3398 1522 3461 prope
1552 3383 1724 3444 liberi
1753 3399 1790 3443 a
1820 3382 2180 3459 Carthagine
2210 3397 2384 3443 com-

412 3472 647 3527 meatus
690 3468 949 3542 alerent‚
997 3474 1229 3543 tamen,
1273 3483 1351 3529 ne
1382 3467 1529 3544 quid
1570 3468 1956 3543 inexpertum
1985 3466 2382 3543 relinqueret.
