2550 3959
524 234 751 295 ussmz
777 234 991 295 xx1v.
1037 234 1431 297 manau.
1477 240 1549 313 [a.
1576 238 1795 317 σω]
1887 294 1895 305 ,
2036 235 2121 299 25

167 403 346 463 quam
389 385 658 447 amicum
697 400 772 445 ac
812 385 1080 459 socium,
1124 385 1413 462 paruisse
1452 387 1709 462 imperio
1745 388 1911 465 eiuS,
1955 387 2130 450 cuius

168 472 502 547 imperator
550 485 703 529 suus
752 469 1033 530 voluerit.
1103 471 1265 531 velle
1318 471 1397 531 ad
1446 469 1849 532 Hannibalem
1898 472 2129 534 redirea
2242 538 2261 549 ο

169 561 470 629 ceterum,
515 570 654 613 cum
695 553 809 613 iter
844 560 1037 615 tutum
1076 570 1199 615 non
1241 554 1323 615 sit
1348 554 1714 629 vagantibus
1757 556 1991 630 passim
2023 571 2133 632 per

168 646 352 701 totam
384 636 659 699 Siciliam
690 637 986 699 Romanis
1028 637 1248 712 armis,
1292 644 1502 714 petere
1542 645 1611 700 ut
1652 638 1945 716 praesidii
1988 640 2134 699 dent

169 721 430 798 aliquid,
492 736 616 797 quo
672 720 907 783 Locros
966 722 1026 781 in
1082 722 1312 781 Italiam
1370 723 1803 797 perducantur.
1877 722 2131 797 gratiam

169 821 456 882 magnam
495 818 607 865 eos
650 820 846 880 parva
873 821 1066 882 opera
1092 806 1263 881 apud
1289 806 1691 868 Hannibalem
1724 806 1998 869 inituros.
2046 806 2132 865 ra-

170 890 282 951 cile
317 904 426 949 res
467 888 817 964 impetrata=
861 889 1030 950 abire
1071 890 1234 950 enim
1265 890 1459 950 duces
1489 892 1696 965 regios
1728 906 1867 951 cum
1895 890 2133 966 peritos

170 972 420 1035 militIae
469 978 594 1033 tum
643 980 896 1047 egentes
946 973 1204 1034 eosdem
1245 980 1433 1048 atque
1474 975 1742 1035 audaces
1786 972 2133 1051 cupiebant.

170 1058 282 1119 sed
314 1056 489 1133 quod
517 1056 822 1130 volebant,
853 1072 976 1119 non
1009 1073 1193 1133 quam
1213 1062 1512 1119 maturato
1538 1074 1699 1135 opus
1724 1066 1871 1132 erat,
1900 1058 2137 1119 naviter

171 1140 606 1218 expediebant.
677 1139 916 1201 interim
955 1141 1210 1202 iuvenes
1251 1140 1543 1203 militares
1580 1147 1641 1201 et
1668 1141 1911 1203 adsueti
1939 1140 2137 1202 militi·

169 1225 308 1301 bus,
340 1239 507 1284 nunc
535 1224 706 1299 apud
733 1240 845 1286 eos
865 1224 1061 1301 ipsoS,
1093 1240 1255 1286 nunc
1277 1224 1451 1299 apud
1471 1225 1843 1300 transfugae,
1874 1240 2135 1301 quorum

172 1307 442 1369 maxima
468 1323 616 1383 pars
647 1323 728 1367 ex
755 1308 1075 1371 navalibus
1105 1307 1297 1369 sociis
1322 1307 1741 1369 Romanorum
1770 1314 1931 1383 erat,
1972 1323 2139 1369 nunc

173 1394 356 1454 etiam
398 1392 567 1467 apud
605 1392 848 1453 infimae
890 1392 1089 1468 plebis
1132 1391 1416 1454 homines
1460 1392 1713 1457 crimina
1753 1392 2045 1453 serebant
2077 1391 2135 1452 in

175 1484 460 1538 senatum
487 1475 970 1552 optimatesque=
1001 1476 1064 1537 id
1098 1476 1297 1538 moliri
1328 1478 1485 1537 clam
1520 1491 1633 1538 eos
1670 1482 1857 1553 atque
1879 1483 2138 1550 struere,

177 1568 238 1623 ut
265 1560 627 1640 Syracusae
667 1575 780 1635 per
821 1560 1094 1636 speciem
1135 1559 1569 1621 reconciliatae
1612 1560 1927 1622 societatis
1956 1561 2016 1621 in
2049 1558 2139 1619 di-

174 1644 358 1707 cione
375 1644 796 1705 Romanorum
826 1644 964 1716 sint,
997 1642 1140 1705 dein
1170 1644 1355 1705 factio
1385 1660 1459 1705 ac
1490 1644 1672 1721 pauci
1702 1651 1987 1706 auctores
2012 1644 2139 1704 foe-

174 1728 344 1791 deris
376 1728 657 1790 renovati
688 1728 1092 1789 dominentur.

341 1812 562 1873 xva.
603 1812 717 1872 His
759 1810 1083 1873 audiendis
1129 1810 1581 1886 credendisque
1610 1816 1961 1886 opportuna
1990 1811 2139 1870 mul·

175 1897 372 1961 titudo
415 1895 612 1957 maior
649 1895 712 1955 in
753 1896 886 1956 dies
919 1894 1270 1974 Syracusas
1315 1893 1693 1969 confluebat,
1735 1909 1851 1954 nec
1876 1892 2143 1970 Epicydi

173 1986 380 2048 solum
421 1996 599 2057 spem
643 1978 1064 2043 novandarum
1105 1994 1309 2039 rerum
1337 1978 1452 2039 sed
1479 1976 1931 2039 Andranodoro
1962 1976 2142 2038 etiam

175 2066 535 2145 praebebat.
599 2065 707 2141 qui
747 2065 952 2125 fessus
983 2062 1227 2124 tandem
1253 2062 1471 2124 uxoris
1501 2062 1792 2138 vocibus,
1836 2061 2141 2123 monentis

176 2167 342 2215 nunc
371 2149 524 2211 illud
552 2164 696 2209 esse
721 2156 960 2223 tempus
984 2146 1332 2223 occupandi
1356 2162 1479 2223 res,
1510 2147 1655 2207 dum
1679 2146 1920 2207 turbata
1940 2145 2143 2206 omnia

175 2252 344 2297 nova
385 2241 574 2309 atque
601 2232 914 2293 incondita
941 2231 1219 2291 libertate
1231 2237 1476 2305 essent,
1519 2230 1664 2290 dum
1692 2229 1881 2304 regiis
1911 2229 2141 2304 stipen-

177 2321 294 2383 diis
340 2324 560 2394 pastus
604 2316 1039 2377 obversaretur
1064 2314 1240 2375 miles
1256 2359 1272 2387 ,
1319 2314 1465 2375 dum
1492 2314 1571 2374 ab
1598 2312 1943 2373 Hannibale
1969 2310 2144 2371 missi

178 2406 376 2473 duces
405 2400 650 2463 adsueti
678 2399 967 2461 militibus
999 2398 1211 2460 iuvare
1238 2404 1505 2473 possent
1532 2397 1794 2473 incepta,
1826 2412 1964 2457 cum
1989 2395 2143 2455 The-

177 2488 380 2559 misto,
415 2485 515 2547 cui
545 2483 796 2546 Gelonis
825 2483 949 2544 fllia
975 2490 1169 2558 nupta
1195 2488 1344 2554 erat,
1384 2496 1515 2541 rem
1546 2478 1963 2541 consociatam
1994 2494 2143 2553 pau-

177 2588 288 2634 cos
335 2575 487 2646 post
525 2568 658 2631 dies
689 2566 965 2629 Aristoni
1007 2566 1250 2627 cuidam
1280 2563 1510 2639 tragico
1542 2563 1765 2636 actori,
1810 2560 1907 2622 cui
1937 2569 1999 2621 et
2026 2562 2147 2621 alia

176 2670 410 2717 arcana
439 2652 813 2715 committere
841 2652 1149 2726 adsuerat,
1178 2650 1421 2710 incaute
1445 2648 1658 2724 aperit.
1703 2645 1846 2707 huic
1868 2651 1930 2706 et
1947 2660 2145 2721 genus

177 2747 236 2801 et
278 2740 531 2801 fortuna
566 2738 828 2800 honesta
869 2743 1074 2807 erant3
1118 2748 1235 2795 nec
1275 2750 1409 2808 ars,
1457 2732 1600 2807 quia
1640 2730 1786 2791 nihil
1827 2730 1948 2791 tale
1978 2730 2145 2805 apud

178 2825 458 2885 Graecos
486 2820 709 2898 pudori
736 2826 851 2896 est,
882 2835 960 2881 ea
987 2818 1386 2881 deformabat.
1429 2815 1637 2893 itaque
1666 2814 1853 2877 fidem
1877 2812 2144 2891 priorem

179 2907 609 2984 potioremque
653 2911 826 2987 ratus
875 2919 1058 2980 quam
1099 2901 1335 2979 patriae
1383 2900 1647 2961 debebat
1660 2945 1676 2975 ,
1726 2897 2018 2960 indicium
2066 2897 2147 2958 ad

179 2998 504 3068 praetores
535 2990 749 3051 desert.
795 2987 902 3066 qui
929 2988 1036 3048 ubi
1062 3003 1193 3048 rem
1221 2985 1389 3047 haud
1418 3000 1639 3045 vanam
1668 2998 1812 3044 esse
1842 2980 2025 3043 certis
2056 2981 2145 3042 in-

179 3077 362 3138 diciis
414 3079 874 3150 compererunt,
935 3069 1231 3133 consultis
1282 3068 1628 3130 senioribus
1679 3073 1741 3128 ct
1789 3065 2147 3129 auctoritate

179 3175 400 3222 eorum
443 3158 754 3235 praesidio
789 3158 870 3219 ad
899 3157 1066 3217 fores
1102 3154 1341 3230 posito,
1383 3152 1703 3228 ingressos
1734 3149 1964 3213 curiam
1992 3148 2144 3207 The-

177 3244 430 3306 mistum
454 3249 638 3318 atque
657 3240 1178 3303 Andranodorum
1200 3237 1651 3298 interfecerunt.
1683 3240 1745 3294 et
1768 3248 1907 3293 cum
1929 3229 2147 3292 tumul-

179 3335 278 3390 tus
309 3327 396 3388 ab
423 3325 582 3387 rein
615 3325 890 3401 speciem
918 3322 1238 3398 atrociore,
1268 3336 1519 3382 causam
1550 3319 1683 3379 aliis
1706 3314 2146 3391 ignorantibus,

179 3419 357 3473 ortus
385 3417 573 3484 esset,
605 3408 847 3471 silentio
877 3409 1120 3469 tandem
1150 3406 1311 3467 tacto
1343 3403 1603 3464 indicem
1626 3402 1688 3461 in
1712 3399 1941 3461 curiam
1961 3399 2148 3459 intro·

179 3494 514 3558 duxerunt.
535 3494 668 3571 -qui
710 3509 850 3554 cum
893 3492 1106 3553 ordine
1145 3489 1353 3551 omnia
1392 3485 1776 3557 edocuisset,
1826 3490 1889 3544 et
1926 3480 2146 3559 princi-
