2550 3959
414 242 533 309 164
726 244 955 307 LIBER
980 246 1222 308 XXVII.
1266 246 1434 307 CAP.
1462 252 1514 307 4.
1546 257 1598 310 5.
1643 254 1716 322 [a.
1744 251 1816 306 U.
1841 272 1889 306 c.
1911 254 2040 321 542]

411 400 662 461 fecisset
699 405 1139 474 memorantes,
1183 414 1391 474 regem
1419 414 1533 459 nec
1574 398 1970 461 inimiciorem
1995 398 2102 460 ulli
2135 404 2380 477 populo

411 500 594 561 quam
626 482 1106 559 Carthaginiensi
1148 498 1262 543 nec
1304 482 1652 544 amiciorem
1695 499 1877 559 quam
1903 484 2183 545 Romano
2227 500 2380 547 esse

410 564 829 629 adflnnabant.
893 566 1139 627 misisse
1166 582 1306 627 eum
1333 572 1514 628 antea
1541 566 1777 642 legatos
1809 566 1870 627 iu
1899 567 2260 644 Hispaniam
2288 571 2373 629 ad

412 652 517 712 Cn.
562 658 622 711 et
648 652 712 710 Ρ.
746 650 1059 711 Cornelios
1102 650 1506 726 imperatores
1538 651 1884 721 Romanos-‚3
1927 667 2090 713 nune
2117 650 2196 711 ab
2233 653 2377 728 ipso

410 736 577 796 velut
607 736 773 796 sonte
803 741 1013 809 petere
1040 734 1376 795 Romanam
1405 733 1726 795 amicitiam
1757 734 2052 795 voluisse.
2117 742 2376 796 senatus

410 836 533 880 non
576 818 790 894 legatis
820 818 1006 878 modo
1033 818 1300 893 benigne
1326 819 1676 894 respondit,
1724 819 1838 879 sed
1868 824 1928 879 et
1965 818 2102 895 ipse
2131 818 2376 895 legatos

411 918 551 963 cum
596 902 775 963 donis
830 900 911 962 ad
950 916 1159 978 regem
1201 902 1394 977 misit,
1449 902 1516 961 L.
1562 902 1897 963 Genucium
1933 902 1998 961 P.
2039 902 2376 965 Poetelium

410 985 473 1045 Ρ.
503 986 843 1061 Popillium.
908 985 1075 1046 dona
1116 987 1306 1047 tulere
1347 983 1552 1083 togam
1593 994 1655 1048 et
1691 986 1956 1047 tunicam
1985 1002 2378 1063 purpuream,

410 1070 625 1129 sellam
654 1070 998 1145 eburneam,
1029 1076 1304 1145 pateram
1331 1084 1412 1129 ex
1439 1070 1711 1147 quinque
1731 1072 1941 1155 pondo
1971 1070 2102 1131 auri
2132 1070 2377 1131 factam.

412 1152 689 1230 protinus
730 1158 791 1213 et
820 1152 974 1215 alios
1004 1153 1250 1214 Africae
1291 1155 1538 1229 regulos
1577 1153 1731 1215 iussi
1759 1134 1950 1214 adire.
2015 1152 2091 1214 iis
2122 1168 2381 1231 quoque

412 1254 569 1313 quae
614 1238 902 1298 darentur
942 1243 1211 1313 portata,
1256 1245 1438 1313 togae
1479 1241 1832 1315 praetextae
1875 1245 1938 1300 et
1961 1243 2134 1298 terna
2162 1237 2380 1315 pondo

413 1327 661 1398 paterae
691 1336 933 1382 aureae.
994 1327 1055 1381 et
1079 1318 1533 1382 Alexandream
1561 1321 1642 1382 ad
1670 1318 2100 1383 Ptolemaeum
2109 1327 2169 1381 et
2197 1320 2380 1383 Cleo·

414 1410 649 1482 patram
678 1421 857 1481 reges
887 1404 964 1464 Μ.
996 1404 1215 1466 Atilius
1243 1403 1345 1465 Μ’.
1375 1404 1621 1471 Acilius
1641 1405 1848 1481 legati,
1893 1407 1976 1466 ad
2004 1419 2378 1466 commemo—

408 1490 662 1549 randam
684 1488 1226 1564 renovandamque
1247 1488 1571 1549 amicitiam
1591 1489 1784 1563 missi,
1816 1490 1981 1552 dona
2005 1490 2208 1561 tulere,
2242 1490 2376 1564 regi

410 1579 616 1649 togam
643 1578 705 1632 et
730 1573 995 1633 tunicam
1023 1586 1393 1649 purpuream
1425 1588 1561 1634 cum
1591 1574 1747 1634 sella
1775 1572 2077 1646 eburnea,
2119 1572 2374 1649 reginae

415 1656 638 1733 pallam
670 1655 893 1733 pictam
924 1670 1062 1717 cum
1092 1656 1355 1717 amiculo
1388 1672 1717 1733 purpureo.

580 1741 767 1801 Multa
796 1757 870 1801 ea
898 1746 1148 1817 aestate,
1182 1758 1307 1816 qua
1332 1740 1489 1801 haec
1518 1742 1680 1802 sacta
1709 1746 1866 1815 sunt,
1897 1754 1978 1801 ex
2007 1739 2380 1818 propinquis

409 1824 665 1886 urbibus
708 1824 997 1901 agrisque
1024 1826 1297 1885 nuntiata
1326 1831 1466 1885 sunt
1493 1824 1804 1901 prodigia=
1860 1824 2107 1885 Tusculi
2147 1840 2380 1900 agnum

412 1924 549 1969 cum
596 1908 787 1971 ubere
828 1909 1072 1975 lactenti
1120 1915 1358 1984 natum,
1414 1908 1580 1970 Iovis
1621 1908 1795 1971 aedis
1844 1908 2084 1969 culmen
2127 1908 2382 1969 fulmine

412 1994 593 2054 ictum
624 2008 696 2053 ac
726 2004 921 2069 prope
950 1992 1114 2053 omni
1144 1999 1304 2053 tecto
1337 1994 1656 2065 nudatum3
1700 1991 1899 2053 isdem
1931 1992 2120 2059 ferme
2149 1991 2378 2075 diebus

411 2076 729 2151 Anagniae
759 2082 978 2137 terram
1009 2082 1151 2137 ante
1180 2082 1421 2154 portam
1463 2077 1641 2138 ictam
1672 2076 1837 2137 diem
1866 2090 1939 2135 ac
1968 2082 2209 2139 noctem
2239 2076 2384 2138 sine

410 2161 535 2221 ullo
567 2159 725 2236 ignis
755 2160 1041 2221 alimento
1071 2161 1323 2235 arsisse,
1365 2167 1427 2221 et
1455 2176 1604 2221 aves
1636 2160 1716 2221 ad
1747 2159 2077 2237 compitum
2107 2155 2385 2235 Anagni-

411 2260 553 2304 num
583 2244 643 2304 in
674 2244 813 2307 luco
845 2243 1077 2305 Dianae
1106 2244 1288 2305 nidos
1317 2244 1379 2304 in
1408 2243 1730 2305 arboribus
1757 2243 2122 2319 reliquisse;
2163 2243 2386 2303 Tarra-

412 2328 589 2389 cinae
618 2328 859 2400 iii-mari
891 2328 1053 2389 haud
1086 2328 1302 2405 procul
1333 2334 1516 2405 portu
1543 2342 1777 2405 angues
1806 2326 2238 2403 magnitudinis
2265 2326 2388 2387 mi·
2407 2394 2428 2409 θ
2534 2402 2535 2417 ¹

412 2427 518 2472 rae
564 2410 1010 2473 lascivientium
1060 2412 1322 2491 piscium
1371 2412 1555 2473 modo
1607 2413 1985 2483 exsultass03
2034 2409 2386 2487 Tarquiniis

412 2510 668 2573 porcum
696 2512 834 2557 cum
863 2510 971 2557 erc
998 2496 1267 2557 humano
1297 2496 1582 2572 genitum,
1613 2495 1761 2557 etin
1789 2510 1938 2571 agro
1963 2494 2271 2572 Capenate
2301 2495 2388 2554 ad

412 2581 615 2642 lucum
656 2579 954 2641 Feroniae
996 2586 1288 2656 quattuor
1324 2581 1504 2656 signa
1541 2580 1842 2655 sanguine
1881 2578 2069 2640 multo
2102 2578 2260 2639 diem
2302 2593 2388 2638 ae

414 2670 654 2724 noctem
684 2663 967 2724 sudasse.
1032 2663 1187 2724 haec
1216 2662 1502 2739 prodigia
1527 2662 1750 2725 hostiis
1777 2660 2112 2724 maioribus
2157 2676 2386 2739 procu-

411 2753 544 2808 rata
583 2747 834 2808 decreto·
872 2746 1262 2823 pontificum3
1310 2754 1370 2809 et
1409 2746 1777 2823 supplicatio
1821 2746 1984 2807 diem
2027 2746 2258 2807 Romae
2298 2746 2386 2806 ad

413 2830 619 2891 omnia
662 2829 1032 2905 pulvinaria,
1054 2850 1059 2857 ·
1091 2830 1347 2891 alterum
1375 2830 1438 2891 in
1469 2830 1763 2909 Capenati
1795 2846 1944 2907 agro
1975 2828 2058 2891 ad
2082 2828 2386 2891 Feroniae

414 2916 612 2975 lucum
642 2913 889 2975 indicta

584 2996 663 3055 V.
746 2996 826 3056 Μ.
867 2996 1152 3059 Valerius
1203 2999 1422 3060 consul
1463 2998 1677 3060 litteris
1727 2998 1994 3072 excitus,
2065 2995 2390 3073 provincia

414 3066 812 3156 exercituque
839 3081 1127 3145 mandato
1148 3080 1355 3143 Cincio
1385 3082 1668 3158 praetori,
1709 3080 1792 3142 M.
1815 3082 2068 3142 Valerio
2088 3080 2394 3143 Messalla

418 3164 729 3241 praefecto
752 3164 975 3226 classis
1006 3182 1143 3228 cum
1167 3172 1340 3242 parte
1369 3166 1616 3227 navium
1645 3166 1706 3226 in
1721 3164 1991 3226 Africam
2021 3164 2389 3242 praedatum

414 3248 598 3310 simul
626 3249 1159 3326 speculatumque,
1202 3264 1362 3325 quae
1392 3252 1658 3327 populus
1689 3246 2206 3325 Carthaginiensis
2235 3262 2394 3323 age-

415 3336 509 3392 ret
547 3339 911 3409 pararetque
951 3332 1177 3409 misse,
1222 3332 1360 3411 ipse
1389 3334 1603 3395 decem
1645 3332 1908 3394 navibus
1937 3334 2196 3394 Romam
2234 3346 2394 3408 pro-

420 3417 613 3477 fectus
656 3432 794 3477 cum
836 3432 1136 3497 prospere
1176 3416 1578 3494 pervenisset,
1625 3424 1906 3479 senatum
1936 3416 2241 3494 extemplo
2269 3414 2360 3474 ba

418 3499 577 3573 buit;
608 3498 710 3560 ubi
738 3500 819 3561 de
848 3503 979 3567 suls
1006 3501 1191 3563 rebus
1222 3502 1413 3579 gestis
1443 3501 1959 3565 commemoravit.
2016 3516 2154 3562 cum
2180 3513 2398 3560 annos
