2550 3959
377 199 462 263 46
697 178 970 260 *mmm
997 199 1211 259 xxiv.
1257 199 1421 261 CAP.
1450 208 1541 261 45.
1584 207 1657 275 [a.
1680 206 1751 258 υ.
1778 222 1831 257 0.
1852 204 1981 273 539]

379 356 523 427 post
537 350 914 423 Cannensem
938 350 1192 423 cladem,
1214 358 1525 425 tamquam
1549 365 1686 411 eum
1703 351 1945 411 fortuna
1964 350 2151 413 fidem
2177 358 2345 413 stare

380 440 719 511 oporteret,
762 434 841 495 ad
869 432 1270 495 Hannibalem
1312 433 1644 506 descisset,
1683 434 2095 510 traxissetque
2122 435 2203 495 ed
2230 436 2339 495 de-

379 516 702 581 sectionem
721 516 964 593 Arp0s;
1009 524 1154 593 tum,
1185 517 1475 594 quoniam
1502 534 1603 579 res
1618 518 1895 579 Romana
1920 523 2134 579 eontra
2162 535 2340 595 spem

379 609 646 679 votaque
674 600 808 663 eius
837 601 1006 663 velut
1031 610 1394 677 resurgeret,
1438 601 1672 679 turpius
1698 601 1974 663 videatur
1992 618 2220 663 novun-1
2244 620 2339 663 re-

379 686 537 746 ferre
567 684 974 763 proditionem
1005 684 1265 761 proditis
1296 686 1471 756 olim;
1516 686 1621 763 qui
1650 686 1897 747 aiiuude
1926 693 2045 747 stet
2072 702 2336 763 semper,

377 768 620 829 aliunde
651 769 902 844 sentiat,
946 766 1172 829 infidus
1204 770 1423 843 sociiS,
1466 785 1663 831 vanus
1691 768 1919 831 hostisz
1962 771 2045 831 ad
2067 770 2335 832 Falerio·

377 869 510 913 rum
538 851 832 931 Pyrrhive
864 850 1238 931 proditorem
1265 856 1506 915 tertium
1545 854 1876 929 transfugis
1906 854 2335 915 documentum

376 953 537 998 esse.
596 944 808 997 contra
847 953 924 999 ee
950 938 1222 1000 consulis
1250 946 1429 1014 pater
1456 937 1683 999 Fabius
1722 945 2068 1014 temporum
2106 938 2335 999 oblitos

379 1020 658 1081 homines
689 1021 750 1081 in
779 1018 984 1084 medio
1013 1022 1236 1083 ardore
1264 1022 1437 1095 beili,
1482 1028 1791 1097 tamquam
1822 1022 1882 1081 in
1912 1037 2097 1098 pace,
2144 1021 2331 1088 libera

377 1106 456 1165 de
498 1120 747 1182 quoque
787 1104 1035 1167 arbitria
1075 1121 1262 1183 agere
1304 1106 1535 1177 aiebat3
1582 1106 1715 1181 qui,
1760 1121 1899 1165 cum
1939 1105 2088 1167 iilud
2126 1106 2335 1182 potius

377 1188 684 1265 agendum
713 1198 898 1267 atque
927 1189 1314 1265 cogitandum
1344 1190 1453 1265 sit,
1496 1189 1551 1251 si
1582 1206 1705 1266 quo
1736 1190 1923 1251 modo
1952 1187 2085 1249 fieri
2110 1190 2333 1265 possit,

377 1289 453 1333 ne
477 1273 581 1349 qui
603 1274 756 1336 socii
785 1290 824 1335 a
845 1275 1077 1351 populo
1092 1274 1369 1337 Romano
1400 1274 1766 1350 desciscant,
1795 1273 1860 1333 id
1885 1288 2007 1335 non
2030 1273 2330 1349 cogitent,

378 1358 804 1419 documentum
842 1365 1048 1419 autem
1090 1358 1297 1419 dicant
1336 1359 1519 1419 statui
1560 1366 1875 1434 oportere,
1920 1358 1976 1420 si
2008 1358 2149 1433 quis
2178 1358 2332 1419 resi·

377 1441 574 1515 piscat
603 1446 665 1502 et
692 1442 1002 1518 antiquam
1031 1441 1385 1503 societatem
1412 1442 1720 1519 respiciat.
1766 1442 1936 1517 quod
1970 1441 2024 1502 si
2050 1441 2225 1503 abire
2252 1443 2334 1502 ab

375 1524 666 1585 Romanis
711 1526 916 1597 liceat,
972 1526 1174 1587 redire
1215 1526 1293 1585 ad
1354 1542 1465 1587 eos
1508 1542 1631 1589 non
1674 1527 1882 1601 liceat,
1940 1524 2039 1587 cui
2078 1525 2333 1587 dubium

377 1624 551 1680 esse,
599 1608 741 1684 quin
771 1610 942 1669 brevi
973 1610 1323 1670 desiderata
1352 1610 1430 1669 ab
1460 1611 1649 1671 sociis
1676 1612 1953 1671 Romana
1981 1624 2083 1669 res
2118 1610 2331 1671 foede·

375 1690 543 1753 ribus
570 1692 812 1754 Punicis
857 1693 1060 1753 omnia
1099 1694 1157 1754 in
1188 1694 1360 1755 ltalia
1394 1694 1603 1757 iuncta
1628 1694 1840 1755 visura
1868 1693 1988 1755 sit?
2028 1708 2100 1753 se
2128 1701 2331 1753 tamen

375 1780 497 1835 n‘on
527 1790 666 1837 eum
696 1793 857 1851 esse,
899 1778 1002 1853 qui
1030 1777 1257 1839 Altinio
1289 1778 1432 1838 fidei
1466 1778 1795 1855 quicquam
1824 1784 2075 1839 censeat
2100 1775 2335 1837 baben-

375 1859 536 1934 dum,
567 1863 681 1921 sed
709 1861 972 1923 mediam
1001 1868 1469 1923 consecuturum
1497 1862 1734 1924 consilii
1757 1861 1938 1923 viam.
1984 1876 2184 1937 neque
2213 1876 2333 1937 pro

373 1943 551 2005 hoste
581 1962 780 2023 neque
801 1962 914 2021 pro
939 1946 1112 2007 socio
1143 1946 1204 2007 in
1228 1948 1576 2022 praesentia
1603 1945 1872 2008 habitum
1901 1945 2093 2006 tibere
2121 1952 2329 2005 custo-

373 2026 476 2087 dia
515 2026 682 2089 haud
723 2030 938 2105 procul
966 2046 1005 2091 a
1045 2030 1264 2090 castris
1308 2031 1553 2106 placere
1581 2032 1645 2091 in
1684 2028 1890 2105 aliqua
1918 2030 2045 2089 fida
2086 2028 2333 2089 civitate

373 2126 514 2169 eum
542 2112 777 2172 servari
807 2128 920 2189 per
945 2114 1089 2175 beili
1130 2119 1403 2189 tempus2
1448 2120 1795 2192 perpetrato
1820 2112 1982 2173 bello
2012 2120 2137 2175 tum
2180 2128 2329 2173 con-

372 2195 735 2268 sultandum,
767 2205 965 2257 utrum
990 2199 1156 2274 prior
1175 2197 1439 2260 desectio
1465 2199 1602 2276 plus
1630 2198 1847 2259 merita
1874 2198 1953 2257 sit
1980 2212 2217 2273 poenae
2246 2213 2327 2256 en

369 2278 469 2339 hic
495 2280 728 2341 reditus
757 2282 994 2342 veniae.
1055 2281 1242 2343 Fabio
1273 2283 1606 2345 adsensum
1636 2288 1749 2357 est,
1793 2282 2149 2358 catenisque
2176 2280 2329 2356 tiga-

369 2369 468 2425 tus
497 2363 752 2425 traditus
783 2372 844 2427 et
870 2365 1008 2443 ipse
1037 2372 1098 2427 et
1115 2366 1407 2439 comites;
1432 2374 1493 2427 et
1521 2367 1649 2427 auri
1676 2366 1830 2427 setis
1858 2381 2142 2442 magnum
2172 2378 2330 2441 pon-

371 2448 507 2522 duS,
539 2449 707 2523 quod
729 2464 940 2511 secum
961 2456 1088 2511 tum
1115 2451 1412 2527 attineret,
1441 2451 1498 2513 ei
1520 2449 1753 2511 servari
1779 2451 2035 2511 iussum.
2080 2447 2329 2510 Calibus

369 2547 509 2591 eum
549 2533 811 2595 interdiu
838 2534 1101 2596 solutum
1131 2534 1424 2596 custodes
1463 2534 1905 2611 sequebantur,
1948 2539 2130 2595 nocte
2158 2532 2328 2593 clau-

369 2632 504 2675 sum
547 2616 978 2679 adservabant.
1038 2619 1228 2694 Arpis
1259 2620 1426 2681 domi
1467 2618 1727 2695 primum
1766 2617 2107 2679 desiderari
2137 2631 2326 2692 quae-

369 2699 543 2776 rique
583 2708 680 2763 est
719 2710 1008 2778 coeptus;
1065 2702 1207 2763 dein
1249 2701 1413 2763 rama
1451 2718 1565 2779 per
1602 2708 1789 2762 totam
1824 2702 2037 2763 urbem
2078 2700 2328 2776 vulgata

370 2784 686 2845 tumultum
712 2792 778 2847 ut
806 2786 1082 2862 principe
1109 2786 1341 2847 amisso
1372 2787 1545 2857 fecit;
1588 2792 1876 2860 metuque
1902 2800 2105 2846 rerum
2132 2799 2327 2845 nova-

367 2882 501 2927 rum
543 2869 848 2943 extemplo
879 2869 1066 2931 nuntii
1093 2868 1286 2930 missi.
1354 2871 1575 2945 quibus
1616 2882 2004 2945 nequaquem
2045 2866 2324 2930 offensus

368 2948 626 3022 Poenus,
660 2953 804 3027 quia
832 2959 892 3013 et
919 2954 1119 3029 ipsum
1147 2961 1216 3014 ut
1241 2953 1561 3030 ambiguae
1583 2953 1729 3014 fidei
1746 2953 1947 3015 virum
1966 2959 2323 3028 suspectum

368 3030 488 3093 iam
518 3035 755 3109 pridem
781 3034 1075 3113 habebat,
1113 3044 1173 3097 et
1199 3052 1449 3099 causam
1480 3044 1694 3099 nactus
1724 3043 1853 3097 erat
1879 3044 2001 3097 tam
2031 3036 2173 3097 ditis
2205 3035 2321 3097 ho-

369 3115 547 3177 minis
579 3117 740 3179 bona
765 3120 1131 3196 possidendi
1159 3120 1621 3199 vendendique=
1653 3127 1918 3181 ceterum
1945 3127 2012 3181 ut
2036 3121 2165 3181 irae
2193 3135 2321 3179 rna·

367 3199 463 3275 gis
489 3214 672 3277 quarn
694 3203 984 3266 avaritiae
1007 3206 1213 3266 datum
1237 3206 1554 3267 crederent
1574 3204 1874 3281 homines,
1904 3204 2321 3267 crudelitatem

369 3299 616 3361 quoque
641 3288 920 3363 gravitati
955 3289 1218 3365 addidit,
1261 3290 1706 3365 coniugemque
1732 3290 1867 3351 eius
1896 3304 1968 3349 ac
1998 3287 2229 3349 liberos
2258 3287 2321 3347 in

369 3373 570 3430 cestra
597 3371 845 3446 accitos,
879 3374 1236 3449 quaestione
1263 3374 1437 3452 prius
1463 3373 1669 3435 habita
1696 3379 1755 3433 et
1782 3372 2039 3448 primum
2068 3372 2149 3432 de
2174 3371 2319 3446 sugo
