2550 3959
2142 3 2549 10 ——-—-———-...

502 201 732 261 LIBER
758 201 1000 260 XXVII.
1048 203 1212 263 cAP.
1241 209 1331 262 39.
1370 209 1456 261 40.
1501 203 1573 278 [a.
1605 207 1670 260 ο.
1699 203 1824 279 207]
2061 199 2188 266 20⁷

212 353 361 414 dam
392 349 517 426 peti
546 349 956 410 crediderant:
1002 349 1163 411 fama
1190 349 1414 410 deinde
1440 349 1650 411 Punici
1676 351 1840 425 belli,
1873 367 1996 426 quo
2030 352 2184 414 duo-

211 435 525 497 decimum
549 449 775 494 annum
786 433 959 494 ltalia
986 432 1291 508 urebatur,-
1308 433 1475 497 ‘satis
1504 434 1834 496 edocuerat
1861 436 2024 498 viam
2051 443 2184 498 tan-

208 529 345 580 mm
372 518 569 593 Alpes
596 532 771 590 esse,
816 517 972 578 duas
1002 516 1392 592 praevalidas
1423 517 1634 592 urbes,
1679 535 1898 594 magno
1929 520 2086 581 inter
2113 535 2185 580 se

209 603 405 665 maris
432 609 854 676 terrarumque
882 601 1082 677 spatio
1112 601 1434 676 discretaS,
1478 603 1556 662 de
1586 602 1840 678 imperio
1871 610 1933 664 et
1960 602 2184 680 opibus

213 692 473 746 certare.
538 685 657 744 hae
684 699 912 746 causae
940 692 1310 760 aperuerant
1333 685 1528 761 Alpes
1555 685 1949 749 Hasdrubali.
2023 693 2182 746 cete-

210 785 353 830 rum
384 769 553 844 quod
592 768 902 829 celeritate
942 767 1173 828 itineris
1214 769 1558 844 profectum
1601 775 1762 844 erat,
1806 771 1870 830 id
1899 785 2074 830 mora
2099 769 2182 829 ad

212 853 610 927 Placentiam,
656 852 803 912 dum
833 853 1057 914 frustra
1096 851 1342 912 obsidet
1380 853 1576 928 magis
1620 870 1804 929 quam
1846 860 2181 931 oppugnat,

214 935 506 1010 corrupit.
578 935 924 997 credi-derat
952 935 1315 1011 campestris
1347 937 1564 1011 oppidi
1593 938 1832 998 facilem
1862 953 2182 1012 expugna-

212 1020 445 1080 tionem
466 1035 627 1092 esse,
659 1024 722 1078 et
742 1019 1027 1080 nobilitas
1052 1019 1332 1082 coloniae
1359 1020 1685 1080 induxerat
1706 1036 1863 1094 eum,
1894 1036 2180 1096 magnum

212 1119 286 1164 se
328 1102 569 1163 excidio
614 1102 748 1162 eius
787 1102 958 1164 urbis
985 1109 1282 1164 terrorem
1310 1103 1530 1164 ceteris
1559 1111 1756 1169 ratum
1797 1105 2176 1166 iniecturum.

211 1202 341 1248 non
362 1186 565 1262 ipsum
588 1186 789 1246 solum
814 1201 891 1248 ea
914 1187 1290 1262 oppugnatio
1314 1187 1608 1264 impediit,
1641 1188 1754 1248 sed
1776 1188 2182 1248 Hannibalem

211 1277 361 1348 post
400 1271 623 1330 famam
661 1269 953 1330 transitus
994 1270 1129 1333 eius
1158 1276 1326 1334 tanto
1359 1287 1474 1346 spe
1503 1287 1619 1332 sua
1661 1272 2018 1349 celeriorem
2057 1269 2179 1329 iam

212 1361 565 1414 moventem
605 1369 685 1414 ex
724 1352 995 1415 hibernis
1048 1355 1458 1430 continuerat,
1520 1355 1774 1436 quippe·
1797 1359 2180 1429 reputantem

212 1454 339 1498 non
380 1439 609 1513 solum,
674 1453 859 1512 quam
900 1437 1064 1498 lenta
1102 1437 1342 1498 urbium
1384 1438 1762 1514 oppugnatio
1810 1445 2006 1512 esset,
2064 1437 2180 1498 sed

210 1522 425 1595 etiam,
469 1537 655 1597 quam
682 1520 821 1596 ipse
850 1521 1077 1582 frustra
1106 1523 1368 1583 eandem
1407 1523 1569 1582 illam
1603 1521 1905 1582 coloniam
1935 1521 2010 1580 ab
2036 1521 2176 1582 Tre·

211 1605 316 1666 bia
340 1605 539 1664 victor
566 1619 893 1679 regressus
921 1611 1300 1679 temptasset.

380 1688 501 1748 XL.
536 1687 842 1748 Consules
868 1687 1134 1750 diversis
1157 1688 1474 1749 itineribus
1494 1689 1752 1764 profecti
1775 1687 1852 1746 ab
1874 1687 2027 1748 urbe
2052 1688 2176 1746 vel-

213 1771 361 1834 utin
384 1771 509 1832 duo
544 1771 773 1847 pariter
791 1770 957 1831 bella
990 1769 1412 1830 distenderant
1431 1787 1612 1831 curas
1635 1771 1964 1843 hominum,
1997 1770 2177 1834 simul

209 1855 680 1930 recordantium,
712 1871 869 1931 quas
894 1854 1127 1930 primus
1156 1854 1462 1928 adventus
1485 1854 1844 1916 Hannibalis
1873 1853 2178 1916 intulisset

208 1939 422 2000 Italiae
450 1939 679 2014 clades,
708 1938 889 2000 simul
918 1955 1055 1999 cum
1084 1937 1199 2000 illa·
1215 1945 1468 2013 angeret
1496 1953 1659 2013 cura,
1693 1953 1852 2013 quos
1879 1943 2004 2002 tam
2033 1952 2175 2013 pro-

210 2023 399 2100 pitios
440 2023 577 2084 urbi
615 2029 801 2098 atque
842 2022 1099 2098 imperio
1130 2024 1264 2085 rore
1293 2022 1478 2096 deos,
1519 2023 1604 2082 uti
1646 2022 1867 2084 eodem
1896 2029 2176 2097 tempore

209 2106 535 2182 utrobique
562 2121 663 2166 res
693 2106 939 2182 publica
966 2122 1269 2184 prospere
1296 2113 1626 2182 gereretur.
1677 2106 1881 2168 adhuc
1909 2106 2171 2166 adversa

213 2191 507 2252 secundis
531 2191 851 2267 pensando
874 2205 1003 2250 rem
1024 2190 1186 2250 adid
1213 2196 1454 2266 tempus
1478 2197 1810 2252 extractam
1832 2205 1995 2250 esse.
2035 2205 2171 2252 cum

208 2274 275 2334 in
316 2275 489 2335 Italia
529 2275 610 2334 ad
636 2273 1116 2334 Trasumennum
1162 2281 1223 2334 et
1264 2272 1505 2334 Cannas
1547 2273 2016 2349 praecipitasset
2048 2273 2172 2333 Ro-

208 2373 391 2426 mana
416 2373 541 2431 reS,
570 2352 1056 2434 prespertfbella
1082 2355 1143 2416 in
1165 2357 1464 2431 Hispania
1491 2359 1846 2432 prolapsam
1874 2372 2010 2416 earn
2041 2371 2173 2414 ere-

208 2441 413 2502 xisset
458 2446 711 2517 postea,
758 2456 893 2501 cum
935 2440 996 2500 in
1024 2440 1323 2515 Hispania
1361 2440 1482 2500 alia
1511 2455 1702 2515 super
1741 2439 1920 2498 aliam
1963 2439 2172 2500 clades

209 2523 455 2586 duobus
497 2525 764 2600 egregiis
794 2523 1051 2585 ducibus
1083 2523 1330 2586 amissis
1367 2523 1527 2582 duos
1557 2522 1860 2582 exercitus
1892 2537 1970 2580 ex
1999 2526 2172 2596 parte

210 2609 499 2684 delesset,
544 2609 732 2668 multa
758 2608 1037 2669 secunda
1063 2607 1124 2668 in
1146 2606 1320 2668 Italia
1345 2605 1680 2680 Siciliaque
1703 2612 1881 2680 gesta
1911 2619 2169 2679 quassa-

208 2698 333 2752 tam
360 2707 491 2752 rem
522 2692 826 2768 publicam
870 2691 1227 2767 excepisse;
1272 2697 1335 2752 et
1371 2691 1576 2765 ipsum
1621 2689 2000 2750 intervallum
2030 2687 2168 2759 loci,

210 2776 381 2850 quod
424 2777 485 2836 in
512 2776 753 2836 ultimis
794 2782 1089 2836 terrarum
1132 2774 1259 2835 oris
1301 2775 1553 2835 alterum
1582 2773 1805 2832 bellurn
1841 2777 2170 2846 gereretur,

209 2860 477 2934 spatium
508 2860 763 2920 dedisse
799 2859 881 2918 ad
906 2859 1352 2932 respirandum.
1416 2873 1578 2916 nune
1607 2857 1730 2916 duo
1761 2855 1924 2916 bella
1963 2853 2024 2912 in
2055 2855 2170 2912 Ita-

206 2941 353 3003 liam
382 2951 653 3019 accepta‚
702 2945 827 3005 duo
858 2940 1233 3002 celeberrimi
1262 2940 1524 3002 nominis
1555 2941 1746 3000 duces
1777 2938 2169 2998 circumstare

206 3025 424 3088 urbem
434 3027 792 3101 Romanam,
824 3031 883 3086 et
910 3041 1098 3086 unum
1124 3025 1189 3086 in
1211 3026 1410 3088 locum
1432 3032 1620 3089 totam
1643 3021 1899 3100 periculi
1927 3023 2168 3092 molem,

208 3126 392 3171 omne
432 3127 593 3172 onus
632 3109 1009 3172 incubuisse.
1082 3109 1185 3184 qui
1226 3125 1436 3170 eorum
1479 3109 1648 3184 prior
1685 3107 1968 3178 vicisset,
2013 3105 2169 3164 intra
2203 3147 2212 3169 ⁴.

205 3210 447 3271 paucos
472 3195 607 3255 dies
632 3203 835 3255 castra
855 3209 995 3255 cum
1022 3194 1213 3254 altero
1242 3192 1604 3258 iuncturam.
1650 3189 1914 3252 terrebat
1940 3194 2000 3248 et
2027 3203 2164 3262 pro—

204 3278 411 3340 ximus
452 3295 654 3340 annus
690 3278 963 3354 lugubris
1004 3277 1264 3338 duorum
1306 3277 1626 3340 consulum
1665 3271 1998 3334 funeribus.
2070 3269 2166 3330 his

208 3362 377 3422 anxii
418 3363 582 3423 curis
625 3363 905 3424 homines
948 3358 1361 3436 digredientes
1390 3359 1450 3420 in
1491 3357 1841 3434 provincias
1881 3355 2166 3416 consules

208 3446 523 3523 prosecuti
550 3453 710 3508 sunt.
756 3447 1082 3508 memoriae
1104 3443 1413 3520 proditum
1438 3447 1532 3502 est
1552 3441 1796 3516 plenum
1817 3439 2020 3499 adhuc
2043 3439 2168 3499 irae
