2550 3959
360 224 491 289 322
756 223 986 285 L113ER
1014 223 1195 285 xxx.
1238 180 1498 285 cAP.1.'
1532 229 1607 297 μ.
1631 228 1699 281 υ.
1725 246 1772 281 0.
1796 228 1921 294 549]

462 390 563 427 non
597 377 945 435 convenisset,
978 374 1087 425 acie
1118 374 1282 423 vietus
1313 382 1406 424 est.
1463 388 1568 439 pax
1587 374 2084 441 Carthaginiensibus
2104 376 2224 427 data
2243 384 2321 427 est

458 445 761 511 petentibus.
818 443 1065 495 Hannibal
1100 442 1374 507 Gisgonem
1408 456 1588 507 pacem
1623 444 2002 495 dissuadentem
2033 458 2190 495 mauu
2223 460 2319 495 sua

464 514 703 575 detraxitg
750 521 990 563 excusata
1017 512 1199 562 deinde
1230 513 1510 562 temeritate
1541 512 1661 563 facti
1689 514 1802 578 ipse
1825 526 2004 577 pacem
2021 514 2201 563 suasit.
2236 529 2316 565 re·

460 596 637 633 versus
667 583 719 631 in
745 583 918 634 urbem
941 580 1111 647 Scipio
1132 580 1501 645 amplissimum
1523 580 1993 645 nobilissimumque
2011 582 2116 647 egit
2137 582 2316 633 trium·

456 651 632 716 pirum,
652 665 801 714 quem
822 650 878 710 Q.
898 649 1161 700 Terentius
1178 648 1351 701 Culleo
1369 658 1572 701 senator
1590 648 1826 716 pilleatus
1847 658 2052 701 secutus
2071 657 2166 700 est.
2208 649 2315 702 Sci·

461 721 547 785 pio
565 720 835 770 Africanus
869 720 1113 769 incertum
1146 717 1353 769 militari
1383 720 1526 784 prius
1562 719 1736 769 favore
1753 732 1818 768 an
1846 717 2084 785 populari
2101 734 2226 770 aura
2243 721 2316 770 ita

458 789 843 855 cognominatus
875 788 965 837 sit:
1001 788 1198 853 primus
1223 795 1358 840 certe
1389 788 1472 839 hic
1501 790 1775 854 imperator
1795 787 1960 837 victae
1987 801 2021 836 a
2035 801 2094 837 se
2111 790 2316 839 nomine

459 859 625 924 gentis
644 856 932 906 nobilitatus
952 866 1045 907 est.
1107 856 1276 921 Mago,
1298 857 1385 921 qui
1401 856 1532 907 bello
1553 858 1606 905 in
1628 872 1752 923 agro
1772 856 2057 907 Insubrium
2076 873 2190 907 eum
2209 858 2314 908 Ro-

458 928 622 977 manis
655 926 975 992 conflixerat,
1010 924 1331 991 vulneratur»,
1371 926 1493 977 dum
1525 926 1576 975 in
1595 925 1816 976 Africam
1834 938 1928 989 per
1947 922 2143 991 legatos
2168 942 2311 976 revo-

452 1002 595 1044 catus
634 1003 993 1060 reverteretur,
1021 1008 1085 1045 ex
1114 994 1320 1043 vulnere
1353 1002 1579 1044 mortuus
1612 1002 1702 1044 est.
1765 992 2065 1043 Masinissae
2098 1009 2312 1061 regnum

456 1065 741 1113 restitutum
768 1072 860 1112 est.

523 1230 567 1273 1.
608 1214 711 1274 Cn.
734 1213 1020 1274 Servilius
1045 1222 1103 1274 et
1132 1215 1193 1273 C.
1220 1211 1516 1272 Servilius
1547 1214 1837 1273 consules
1857 1241 1944 1254 —-
1964 1219 2179 1274 sextus
2203 1214 2306 1273 de-

352 1299 547 1360 cimus
580 1298 633 1359 is
664 1313 861 1358 annus
894 1297 1035 1357 belli
1062 1296 1271 1357 Punici
1303 1303 1539 1356 erat—
1561 1311 1698 1355 cum
1719 1296 1798 1355 dc
1823 1312 1893 1356 re
1915 1296 2162 1374 publiea
2181 1297 2310 1357 bel-

351 1385 540 1459 loque
581 1389 642 1442 et
676 1380 1010 1456 provinciis
1053 1381 1134 1441 ad
1172 1387 1452 1441 senatum
1491 1380 1894 1452 rettulissent,
1939 1387 2310 1443 censuerunt

350 1474 590 1543 patres,
633 1472 703 1526 ut
743 1466 1033 1525 eonsules
1074 1464 1231 1525 inter
1272 1479 1344 1524 se
1385 1470 1811 1539 compararent
1851 1464 2310 1539 sortirenturve,

350 1559 485 1611 uter
510 1550 779 1610 Bruttios
820 1549 1121 1610 adversus
1150 1548 1576 1618 Hannibalem,
1624 1553 1758 1608 uter
1783 1547 2084 1610 Etruriam
2111 1564 2185 1609 ac
2211 1549 2305 1609 Li-

348 1650 535 1709 gures
568 1633 941 1709 provinciam
967 1631 1237 1693 haberet.
1305 1632 1402 1691 cui
1431 1630 1643 1693 Bruttii
1670 1633 2040 1706 evenissent,
2071 1633 2305 1693 exerci-

349 1724 473 1779 tum
506 1735 543 1777 a
571 1717 634 1776 Ρ.
667 1715 1032 1792 Sempronio
1063 1716 1400 1792 acciperet=
1439 1714 1504 1773 P.
1536 1715 2044 1793 Sempronius—
2065 1717 2123 1777 ei
2153 1734 2305 1792 quo-

351 1817 473 1877 que
500 1802 659 1861 enim
687 1800 1043 1876 proconsuli
1071 1800 1388 1876 imperium
1419 1798 1482 1859 in
1511 1816 1736 1861 annum
1765 1800 2309 1875 prorogabatur—

348 1885 413 1944 P.
443 1885 673 1949 Licinio
704 1885 1081 1945 succederet.
1138 1884 1193 1945 is
1222 1884 1478 1944 Romam
1505 1891 1929 1959 reverteretur,
1959 1883 2120 1944 bello
2153 1901 2308 1959 quo-

352 1984 471 2043 que
497 1968 699 2029 bonus
728 1968 969 2030 habitus
1000 1968 1081 2027 ad
1110 1974 1346 2043 cetera,
1377 1967 1602 2043 quibus
1630 1984 1810 2029 nemo
1839 1982 1914 2028 ea
1943 1973 2310 2043 tempestate

348 2052 703 2112 instructior
742 2052 895 2111 civis
936 2050 1294 2112 habebatur.
1361 2052 1672 2127 congestis
1709 2051 1990 2112 omnibus
2019 2051 2306 2113 humanis

349 2136 426 2195 ab
469 2141 685 2196 natura
723 2135 1089 2210 fortunaque
1129 2134 1311 2196 bonis
1353 2134 1575 2195 nobilis
1616 2135 1779 2195 idem
1817 2151 1891 2195 ac
1933 2135 2108 2195 dives
2149 2143 2308 2210 erat,

350 2220 545 2280 forma
565 2218 923 2295 viribusque
944 2218 1225 2295 corporis
1246 2220 1606 2293 excellebat,
1619 2218 2094 2280 facundissimus
2116 2218 2310 2279 habe-

349 2303 527 2363 batur
568 2320 681 2364 seu
723 2319 915 2364 causa
943 2304 1205 2379 oranda,
1248 2318 1364 2364 seu
1391 2302 1453 2362 in
1482 2308 1701 2363 senatu
1729 2303 1811 2363 ad
1837 2304 2133 2379 populum
2161 2318 2305 2363 sua-

348 2386 533 2447 dendi
574 2404 648 2447 ac
679 2387 1079 2449 dissuadendi
1108 2389 1286 2447 locus
1317 2392 1514 2459 esset,
1559 2386 1707 2447 iuris
1736 2385 2034 2463 pontificii
2061 2386 2303 2461 peritis·

348 2469 561 2531 simus.
635 2488 827 2547 super
880 2471 1034 2532 haec
1082 2470 1341 2531 bellicae
1399 2485 1648 2546 quoque
1695 2470 1898 2531 laudis
1947 2470 2304 2531 consulatus

348 2560 694 2631 compotem
739 2556 983 2615 fecerat.
1055 2553 1225 2629 quod
1264 2554 1325 2613 in
1367 2552 1617 2614 Bruttiis
1662 2553 2006 2629 provincia,
2051 2553 2212 2613 idem
2240 2554 2305 2614 in

342 2637 585 2699 Etruria
625 2652 697 2697 ac
725 2638 1047 2712 Liguribus
1092 2638 1434 2698 decretumz
1484 2637 1564 2696 Μ.
1596 2636 1912 2698 Cornelius
1951 2652 2116 2698 novo
2157 2652 2305 2699 con-

347 2721 465 2782 suli
513 2721 757 2781 tradere
806 2722 1140 2781 exercitum
1180 2722 1425 2787 iussusz
1492 2720 1629 2795 ipse
1671 2728 2002 2796 prorogato
2044 2720 2305 2796 imperio

350 2804 601 2865 Galliam
646 2803 1023 2879 provinciam
1054 2804 1326 2866 obtinere
1357 2820 1495 2864 curn
1526 2805 1868 2879 legionibus
1897 2805 1970 2865 iis
1988 2850 2004 2879 ,
2051 2821 2207 2880 quas
2232 2805 2305 2865 L.

345 2888 705 2949 Scribonius
737 2888 942 2962 priore
970 2903 1131 2949 anno
1161 2887 1501 2949 habuisset.
1575 2887 1772 2949 sortiti
1802 2888 2025 2949 deinde
2055 2888 2304 2963 provin·

348 2972 508 3031 ciasz
575 2972 865 3046 Caepioni
903 2971 1148 3045 Bruttii,
1208 2970 1466 3032 Servilio
1510 2970 1763 3033 Gemino
1802 2971 2042 3033 Etruria
2081 2972 2303 3033 evenit.

344 3061 471 3116 tum
506 3061 858 3130 praetorum
901 3056 1253 3129 provinciae
1296 3055 1360 3115 in
1387 3062 1616 3118 sortem
1645 3056 1990 3117 coniectae=
2032 3055 2185 3116 iuris
2213 3056 2298 3116 di·

345 3139 607 3200 ctionem
649 3139 948 3199 urbanam
975 3138 1196 3199 Paetus
1224 3139 1470 3212 Aelius,
1515 3138 1858 3200 Sardiniam
1897 3138 1963 3198 P.
1988 3138 2309 3214 LentuluS,

346 3220 611 3283 Siciliam
642 3222 705 3281 P.
736 3224 990 3296 Villius»,
1030 3222 1367 3283 Ariminum
1411 3238 1549 3283 cum
1578 3223 1819 3283 duabus
1849 3222 2193 3299 legionibus
2219 3255 2309 3267 —-

345 3305 461 3366 sub
492 3307 774 3367 Lucretio
806 3305 1031 3383 Spurio
1074 3322 1185 3366 eae
1226 3308 1572 3367 ruerant—
1592 3305 1950 3380 Quinctilius
1979 3306 2182 3367 Varus
2211 3313 2312 3366 est

344 3390 616 3449 sortitus.
686 3397 747 3451 et
782 3390 1066 3452 Lucretio
1106 3398 1503 3466 prorogatum
1543 3390 1864 3466 imperium
1878 3436 1894 3465 ,
1936 3396 2005 3451 ut
2033 3390 2310 3451 Genuam

342 3472 645 3549 oppidum
676 3489 715 3533 a
736 3474 1000 3549 Magone
1028 3474 1237 3537 Poeno
1280 3473 1543 3536 dirutum
1569 3474 2024 3536 exaedificaret.
2078 3474 2148 3534 P.
2175 3471 2296 3536 Sci·
