2550 3959
636 206 868 265 LlssER
895 206 1109 266 XXVI.
1156 206 1320 267 CAP.
1352 214 1437 271 17.
1485 214 1556 282 [a.
1580 214 1644 268 e.
1673 216 1802 283 211]
2079 208 2200 275 121

408 358 597 419 XVII.
665 358 923 419 Romani
961 366 1169 433 patres
1214 360 1546 435 perfuncti,
1602 360 1774 435 quod
1811 362 1893 421 ad
1935 362 2201 439 capuam

230 442 563 516 attinebat,
610 458 759 503 cura
788 442 851 503 C.
880 442 1103 504 Neroni
1126 458 1209 503 ex
1248 442 1325 503 iis
1357 443 1596 505 duabus
1623 444 1997 520 legionibuS,
2045 464 2200 522 quas

234 528 321 587 ad
338 526 608 603 Capuam
628 525 943 599 habuerat,
974 542 1087 587 sex
1116 526 1282 587 milia
1302 528 1576 603 peditum
1605 533 1665 588 et
1689 534 1998 589 trecentos
2025 532 2200 605 equi-

235 618 355 687 tce,
402 625 561 685 quos
588 610 729 686 ipse
749 610 1019 685 legisset,
1060 616 1123 670 et
1148 610 1389 671 socium
1409 611 1603 673 Latini
1631 607 1895 673 nominis
1927 613 2200 689 peditum

238 710 557 755 numerum
601 709 815 770 parom
852 700 916 754 et
958 694 1342 770 octingentos
1373 696 1612 771 equites
1641 698 1993 757 decernunt.
2061 712 2200 759 eum

238 778 573 839 exercitum
592 777 857 839 Puteolis
884 778 947 837 in
974 794 1168 838 naves
1196 778 1550 854 impositum
1564 780 1722 841 Nero
1751 780 1812 839 in
1841 779 2200 857 Hispaniam

239 862 693 938 transportavit.
773 877 910 923 cum
937 862 1344 923 Tarraconem
1372 862 1634 924 navibus
1660 864 1962 939 venisset,
2005 880 2201 941 expo—

239 948 501 1022 sitisque
523 945 612 1005 ibi
634 946 831 1021 copiis
857 953 921 1007 et
940 946 1201 1008 navibus
1230 946 1548 1007 subductis
1579 948 1788 1009 socios
1813 964 2063 1025 quoque
2091 964 2200 1009 na·

240 1032 414 1091 vales
442 1030 837 1090 multitudinis
868 1031 1187 1105 augendae
1210 1045 1399 1091 causa
1427 1038 1744 1106 armasset,
1777 1033 2089 1107 profectus
2117 1034 2198 1093 ad

236 1114 529 1175 Hiberum
556 1112 785 1173 flumen
814 1114 1146 1175 exercitum
1175 1113 1253 1174 ab
1280 1114 1367 1173 Ti.
1394 1112 1648 1176 Fonteio
1677 1123 1739 1175 et
1765 1116 1994 1176 Marcio
2023 1132 2198 1177 acce-

236 1200 344 1275 pit.
409 1198 555 1257 inde
582 1198 781 1273 pergit
818 1199 898 1259 ad
924 1197 1139 1259 hostes
1177 1198 1286 1259 ire.
1348 1196 1696 1259 Hasdrubal
1723 1199 2084 1260 Hamilcaris
2115 1200 2194 1260 ad

237 1282 507 1358 Lapides
551 1288 717 1342 atros
760 1290 961 1342 castra
998 1281 1291 1341 habebatz
1331 1282 1398 1341 in
1425 1282 1756 1343 Ausetanis
1796 1284 1850 1343 is
1891 1284 2062 1344 locus
2105 1295 2198 1343 est

236 1367 397 1427 inter
438 1366 669 1441 oppida
696 1366 985 1441 Iliturgim
1014 1371 1074 1425 et
1101 1365 1476 1429 Mentissam.
1541 1366 1720 1427 huius
1763 1368 1956 1427 saltus
1983 1367 2196 1426 fauces

234 1450 401 1510 Nero
439 1451 675 1511 insedit.
730 1450 1081 1511 Hasdrubal
1109 1466 1245 1510 cum
1273 1451 1334 1509 in
1365 1456 1494 1511 arto
1525 1465 1626 1510 res
1655 1458 1852 1524 esset,
1899 1451 2196 1511 caducea-

238 1542 435 1595 torem
474 1533 667 1605 misit,
724 1534 827 1609 quj
870 1534 1270 1609 promitteret,
1329 1535 1384 1594 si
1427 1534 1570 1593 inde
1611 1535 1838 1597 missus
1880 1536 2068 1607 foret,
2127 1549 2198 1595 se

238 1633 486 1677 omnem
513 1617 849 1677 exercitum
876 1632 955 1677 ex
983 1618 1282 1692 H1spania
1308 1617 1786 1693 deportaturum.
1855 1635 2038 1694 quam
2065 1633 2196 1677 rem

236 1718 381 1763 cum
420 1702 583 1762 laeto
638 1702 840 1762 animo
880 1702 1196 1761 Romanus
1250 1702 1624 1777 accepisset,
1681 1702 1844 1761 diem
1883 1709 2200 1777 posterum

235 1785 588 1846 Hasdrubal
618 1785 925 1861 colloquio
958 1784 1187 1861 petivit,
1216 1791 1284 1844 ut
1309 1786 1614 1863 [Romam]
1645 1785 1815 1861 leges
1847 1784 2197 1845 conscribe·

235 1876 450 1934 rentur
478 1870 557 1929 de
584 1869 899 1929 tradendis
927 1869 1173 1929 arcibus
1202 1870 1444 1929 urbium
1473 1870 1696 1944 dieque
1725 1869 2076 1943 statuenda,
2119 1868 2198 1929 ad

239 1970 423 2031 quam
454 1953 765 2031 praesidia
785 1954 1267 2028 deducerentur,
1313 1969 1552 2029 suaque
1591 1953 1794 2013 omnia
1823 1953 1956 2014 sine
1985 1952 2201 2013 fraude

238 2038 431 2099 Poeni
456 2038 868 2114 deportarent.
926 2037 1097 2111 quod
1118 2036 1227 2099 ubi
1258 2036 1617 2113 impetravit,
1649 2038 1954 2114 extemplo
1982 2036 2198 2113 ‘pranis

240 2121 509 2183 tenebris
551 2127 735 2196 atque
764 2120 907 2181 inde
932 2126 1065 2181 tota
1090 2128 1300 2196 nocte,
1349 2122 1515 2198 quod
1555 2122 1984 2197 gravissimum
2023 2136 2198 2181 exer-

240 2208 399 2268 citus
441 2211 599 2277 erat,
656 2204 1003 2265 Hasdrubal
1044 2220 1430 2281 quacumque
1469 2212 1686 2281 posset
1735 2206 2001 2267 evadere
2040 2203 2200 2265 saltu

238 2290 440 2352 iussit.
506 2290 652 2349 data
678 2289 896 2349 sedulo
929 2304 1119 2365 opera
1148 2295 1271 2364 est,
1317 2306 1397 2349 ne
1425 2290 1592 2349 multi
1619 2305 1696 2349 ea
1723 2296 1905 2350 nocte
1943 2289 2198 2361 exirent,

240 2383 309 2436 ut
348 2373 485 2450 ipsa
514 2374 791 2449 paucitas
820 2388 957 2432 cum
985 2374 1067 2433 ad
1092 2373 1332 2433 hostem
1361 2374 1599 2434 silentio
1630 2373 1962 2434 fallendum
2002 2370 2201 2447 aptior

240 2466 369 2519 tum
410 2458 489 2518 ad
530 2458 919 2518 evadendum
950 2473 1061 2533 per
1099 2463 1263 2516 artas
1293 2457 1542 2517 semitas
1585 2472 1657 2517 ac
1687 2456 1970 2516 difficiles
2011 2461 2224 2539 esset.-

242 2550 493 2603 ventum
534 2541 879 2617 insequenti
922 2542 1023 2601 die
1049 2541 1132 2600 ad
1172 2539 1546 2616 colloquium
1575 2546 1698 2609 θεὶς
1745 2540 1858 2599 sed
1887 2538 2198 2613 loquendo

241 2627 423 2703 plura
444 2624 902 2699 scribendoque
932 2625 1140 2685 dedita
1168 2638 1376 2699 opera,
1408 2622 1650 2700 quaein
1671 2637 1800 2681 rem
1823 2638 1946 2683 non
1971 2627 2198 2697 essent,

244 2710 350 2770 die
374 2716 743 2785 consmnpto
773 2710 835 2767 in
861 2716 1174 2785 posterum
1196 2708 1447 2768 dilatum
1475 2714 1588 2769 est.
1632 2706 1841 2767 addita
1865 2706 2200 2781 insequens

242 2810 373 2853 nox
402 2794 663 2869 spatium
691 2793 862 2854 dedit
890 2800 949 2853 et
976 2793 1132 2853 alios
1163 2792 1491 2852 emittendi.
1547 2806 1662 2851 nec
1692 2795 1941 2867 postero
1973 2790 2072 2850 die
2098 2804 2202 2848 res

242 2878 429 2937 finem
460 2877 710 2937 invenit.
754 2876 837 2936 ita
866 2877 1099 2951 aliquot
1120 2876 1255 2937 dies
1287 2875 1690 2951 disceptando
1713 2874 1918 2949 palam
1947 2874 2026 2935 de
2055 2872 2200 2949 legi-

242 2960 363 3021 bus
386 2968 729 3035 noctesque
752 2960 1101 3022 emittendis
1116 2962 1282 3019 elam
1307 2976 1348 3021 e
1365 2959 1586 3036 castris
1605 2955 2200 3033 Carthaginiensibus

244 3044 630 3120 absumptae.
670 3051 732 3105 et
746 3050 1073 3120 postquam
1098 3060 1241 3119 pars
1263 3044 1460 3105 maior
1481 3042 1710 3103 emissa
1729 3043 2032 3103 exercitus
2055 3046 2202 3115 erat,

218 3128 371 3195 ,iam
396 3129 579 3191 neiis
610 3128 883 3203 quidem,
932 3144 1091 3201 quae
1128 3128 1286 3188 ultro
1316 3128 1479 3187 dicta
1505 3132 1703 3199 erant,
1751 3126 2050 3199 stabatur,
2091 3123 2175 3183 mi

246 3227 493 3286 nusque
532 3228 607 3271 ac
632 3212 833 3272 minus
866 3227 1001 3271 cum
1030 3211 1244 3272 timone
1272 3210 1452 3271 simul
1481 3211 1604 3270 fide
1635 3210 2030 3269 decrescente
2057 3221 2202 3268 con·

247 3293 552 3356 veniebat.
618 3295 737 3355 iam
779 3295 969 3355 ferme
1012 3294 1332 3371 pedestres
1375 3309 1588 3353 omnes
1619 3293 1836 3367 copiae
1877 3305 2206 3352 evaserant

244 3395 285 3440 e
312 3379 487 3453 saltu,
520 3393 657 3441 cum
680 3378 877 3455 prima
902 3379 1041 3440 luce
1060 3378 1259 3439 densa
1269 3376 1501 3437 nebula
1521 3376 1742 3437 saltum
1771 3390 2013 3435 omnem
2043 3390 2202 3435 cam-

246 3476 493 3541 posque
535 3463 697 3525 circa
736 3464 964 3524 intexit.
1030 3461 1200 3538 quod
1238 3460 1342 3521 ubi
1382 3460 1575 3521 sensit
1611 3457 1990 3534 Hasdrubal,
2033 3457 2202 3519 mittit
