2550 3959
532 232 765 296 LIBER
790 232 1059 294 XXVIII.
1104 231 1272 294 cAP.
1304 241 1355 294 1.
1376 241 1430 294 2.
1475 238 1548 306 [a.
1579 237 1647 294 C.
1677 237 1804 305 207]
2029 232 2150 297 221

192 393 315 461 ηις
359 386 553 450 nostri
593 386 783 447 maris
829 401 939 446 ora
980 382 1306 463 omnisque‘
1334 386 1524 447 ferme
1549 385 1879 464 Hispania,
1925 405 2050 465 qua
2077 389 2158 450 ad

194 473 492 536 orientem
516 470 733 547 vergit,
765 467 1075 545 Scipionis
1104 484 1178 530 ac
1206 470 1522 532 Romanae
1552 470 1820 532 dicionis
1844 477 1991 533 erat.
2048 487 2159 533 no-

194 573 313 620 vus
342 556 674 632 imperator
691 553 932 630 Hanno,
963 553 1027 614 in
1054 554 1258 616 locum
1285 554 1529 616 Barcini
1557 554 1960 617 Hasdrubalis
1991 571 2158 618 novo

194 658 335 704 cum
376 639 645 701 exercitu
689 653 769 698 ex
794 638 1006 714 Africa
1034 644 1462 714 transgressus
1490 637 1861 716 Magonique
1895 639 2158 715 iunctuS,

196 741 335 787 eum
364 724 427 785 in
463 721 801 796 Celtiberia,
848 738 1011 798 quae
1039 721 1245 783 media
1271 721 1428 784 inter
1455 723 1578 786 duo
1608 723 1800 784 maria
1829 730 1941 797 est,
1989 723 2159 784 brevi

193 823 483 885 magnum
523 806 836 868 hominum
876 822 1193 868 numerum
1234 813 1556 882 armasset,
1603 807 1812 884 Scipio
1857 809 1934 870 ad
1943 823 2158 868 versus

194 909 337 954 eum
360 891 443 952 M.
474 889 749 958 Silanum
789 905 928 952 cum
967 890 1183 952 decem
1220 889 1390 958 haud
1425 893 1568 969 plus
1609 891 1851 952 milibus
1891 891 2157 966 militum,

195 975 503 1052 equitibus
547 974 893 1049 quingentis
933 973 1115 1036 misit.
1179 973 1427 1036 Silanus
1466 976 1708 1049 quantis
1738 975 2020 1037 maximis
2047 990 2159 1052 po—

194 1059 307 1120 tuit
332 1058 649 1120 itineribus
671 1057 1193 1135 -impediebant
1221 1063 1421 1121 autem
1451 1064 1511 1119 et
1539 1059 1902 1135 asperitates
1923 1059 2159 1120 viarum

195 1150 259 1204 ct
285 1143 606 1218 angustiae
635 1141 893 1203 saltibus
924 1141 1175 1217 crebris,
1214 1148 1280 1202 ut
1307 1143 1604 1220 pleraque
1630 1142 1966 1221 Hispaniae
1997 1151 2155 1218 sunt,

194 1226 471 1288 inclusae
506 1257 597 1270 —
633 1233 837 1286 tamen
878 1241 1005 1286 non
1047 1226 1247 1288 solum
1286 1226 1532 1289 nuntios
1563 1227 1679 1287 sed
1718 1227 1901 1288 ctiam
1939 1228 2161 1288 famam

197 1311 500 1372 adventus
530 1309 625 1370 sui
655 1325 1060 1386 praegressus
1076 1357 1093 1387 ,
1138 1310 1398 1372 ducibus
1427 1309 1700 1372 indidem
1729 1326 1812 1372 ex
1841 1309 2160 1372 Celtiberia

195 1395 529 1471 transfugis
572 1393 655 1454 ad
693 1392 936 1456 hostem
976 1394 1273 1471 pervenit.
1341 1395 1577 1456 eisdem
1617 1394 1965 1458 auctoribus
1997 1409 2156 1455 com—

196 1486 438 1557 pertum
478 1485 603 1554 est,
644 1493 785 1540 cum
812 1478 1027 1540 decem
1056 1478 1296 1540 circiter
1321 1479 1488 1540 milia
1525 1478 1604 1540 ab
1632 1478 1814 1541 hoste
1851 1478 2152 1553 abessent,

197 1564 346 1625 bina
387 1570 589 1626 castra
633 1562 798 1623 circa
822 1563 987 1623 viam
1017 1579 1141 1639 qua
1178 1562 1337 1624 irent
1377 1578 1552 1635 esse;
1597 1564 1776 1624 laeva
1804 1561 2159 1637 celtiberos,

198 1664 433 1708 novum
472 1646 832 1724 exercitum,
876 1663 1066 1723 supra
1103 1661 1329 1707 novem
1355 1648 1522 1708 milia
1557 1646 1899 1721 hominurn,
1945 1646 2163 1706 dextra

197 1731 429 1794 Punica
452 1739 661 1793 tenere
683 1737 914 1792 castrax
940 1730 1096 1791 haec
1124 1725 1507 1805 stationibus,
1537 1731 1780 1805 vigiliis,
1812 1729 1976 1790 omni
2002 1729 2162 1790 iusta

200 1815 440 1876 militari
484 1815 767 1876 custodia
792 1820 923 1887 tuta
949 1820 1010 1875 et
1037 1814 1212 1874 firma
1252 1829 1424 1890 esse,
1468 1813 1574 1874 illa
1611 1814 1802 1874 altera
1829 1814 2030 1874 soluta
2057 1828 2161 1873 ne-

199 1901 543 1976 glectaque,
588 1904 657 1970 ut
682 1899 1081 1964 barbarorum
1110 1904 1173 1958 et
1198 1897 1464 1958 tironum
1493 1905 1555 1958 et
1580 1897 1779 1958 minus
1808 1895 2158 1970 timentium,

204 1984 373 2060 quod
400 1983 463 2044 in
492 1999 606 2044 sua
632 1989 795 2044 terra
822 1989 1049 2043 essent.
1115 1997 1191 2042 ea
1218 1982 1389 2057 prius
1419 1981 1839 2056 adgredienda
1866 1987 2035 2042 ratus
2067 1979 2160 2040 Si-

198 2068 379 2128 lanus
420 2067 597 2142 signa
641 2082 824 2140 quam
851 2065 1114 2126 maxime
1146 2067 1227 2126 ad
1255 2068 1497 2127 laevam
1523 2065 1772 2127 iubebat
1800 2064 1974 2140 ferri,
2057 2077 2161 2122 ne-

196 2152 403 2215 cunde
424 2151 503 2212 ab
526 2148 893 2212 stationibus
910 2147 1161 2211 Punicis
1184 2147 1677 2224 conspicereturx
1703 2149 1841 2225 ipse
1870 2147 2163 2224 praemis-

202 2233 293 2293 sis
324 2231 813 2307 speculatoribus
840 2232 1021 2293 citato
1052 2231 1294 2306 agmine
1322 2232 1405 2290 ad
1426 2232 1666 2292 hostem
1687 2231 1902 2308 pergit.
1946 2232 2020 2290 Π.
2049 2231 2164 2290 tria

198 2315 367 2376 milia
395 2316 584 2376 ferme
613 2313 839 2390 aberat,
872 2329 1011 2376 cum
1036 2314 1349 2375 hauddum
1381 2314 1706 2390 quisquam
1735 2313 2004 2376 hostium
2023 2330 2162 2376 sen-

145 2398 151 2404 ’
201 2405 388 2460 serat.
453 2399 821 2474 confragosa
847 2399 987 2460 loca
1015 2405 1077 2459 et
1118 2397 1302 2460 obsiti
1331 2397 1606 2473 virgultis
1634 2400 1921 2459 tenebant
1949 2399 2163 2458 colles.

200 2483 287 2543 ibi
315 2482 377 2545 in
408 2498 562 2543 cava
588 2483 749 2543 valle
778 2489 961 2559 atque
992 2481 1069 2544 ob
1100 2481 1165 2543 id
1208 2481 1448 2544 occulta
1477 2482 1803 2542 considere
1829 2481 2078 2541 militem
2107 2487 2166 2542 et

200 2567 409 2628 cibum
448 2582 674 2642 capere
712 2565 895 2628 iubet.
952 2571 1019 2628 ut
1046 2565 1470 2642 speculatores
1512 2565 1962 2639 transfugarum
2003 2546 2183 2624 dicta?

200 2650 597 2712 adfirmantes
638 2657 967 2723 venerunt,
1011 2658 1138 2711 tum
1180 2649 1440 2710 sarcinis
1481 2650 1544 2708 in
1571 2648 1841 2709 medium
1870 2647 2162 2709 coniectis

200 2750 373 2795 arma
410 2733 669 2795 Romani
714 2733 990 2810 capiunt,
1032 2733 1290 2810 acieque
1331 2733 1491 2793 iusta
1517 2731 1581 2792 in
1620 2749 1890 2808 pugnam
1916 2733 2164 2792 vadunt.

200 2818 366 2880 mille
395 2833 690 2893 passuum
717 2816 986 2890 aberant,
1019 2833 1158 2878 cum
1184 2817 1261 2877 ab
1290 2818 1473 2877 hoste
1501 2817 1818 2893 conspecti
1848 2822 2005 2888 sung
2051 2822 2161 2874 tre-

201 2900 527 2978 pidarique
550 2906 803 2976 repente
825 2908 1130 2976 coeptum.
1167 2908 1228 2961 et
1246 2902 1428 2977 Mago
1453 2917 1533 2961 ex
1556 2900 1773 2962 castris
1796 2899 1978 2960 citato
2001 2913 2164 2972 equo

203 2986 286 3046 ad
309 2984 570 3062 primum
593 2986 919 3044 clamorem
949 2992 1011 3044 et
1028 2985 1348 3047 tumultum
1376 2985 1714 3046 advehitur.
1759 2993 1930 3046 erant
1950 2982 2010 3043 in
2035 2982 2166 3042 Cel-

200 3070 401 3130 tibero
441 3068 711 3130 exercitu
751 3073 1035 3144 quattuor
1061 3068 1228 3129 milia
1256 3077 1495 3131 scutata
1522 3076 1582 3130 et
1612 3069 1856 3131 ducenti
1897 3067 2164 3144 equites=

201 3154 366 3214 hanc
407 3155 629 3214 iustam
670 3153 975 3228 legionem
1012 3186 1101 3199 —
1127 3160 1187 3214 et
1215 3146 1282 3212 id
1311 3153 1501 3214 ferme
1528 3153 1770 3230 roboris
1812 3159 1941 3213 erat
1973 3183 2059 3195 —
2105 3151 2165 3210 in

205 3237 408 3314 prima
436 3238 568 3298 acie
596 3238 778 3314 locat,
822 3245 1082 3313 ceteros,
1123 3239 1326 3297 levem
1353 3245 1738 3312 armaturam,
1781 3236 1844 3297 in
1873 3234 2165 3298 subsidiis

204 3320 433 3397 posuit.
501 3337 643 3382 cum
670 3321 756 3381 ita
783 3321 1114 3382 instructos
1148 3321 1442 3382 educeret
1469 3337 1504 3380 e
1534 3322 1783 3396 castriS‚
1825 3320 2078 3381 vixdum
2107 3316 2164 3378 in

202 3421 501 3478 egressos
540 3405 705 3466 vallo
747 3421 860 3467 eos
888 3404 1148 3467 Romani
1189 3403 1318 3479 pila
1360 3403 1766 3464 coniecerunt.
1843 3402 2170 3463 subsidunt

203 3487 465 3565 Hispani
496 3490 798 3551 adversus
830 3490 1057 3550 emissa
1084 3489 1209 3548 tela
1234 3486 1313 3547 ab
1342 3486 1551 3560 hoste,
1597 3484 1742 3547 inde
1769 3485 1852 3546 ad
1879 3485 2165 3547 mittenda
