2550 3959
438 224 560 288 238
797 223 1027 284 LIBER
1048 223 1316 282 XXVIII.
1363 221 1526 282 CAP.
1555 231 1638 283 15.
1687 228 1758 294 [a.
1786 226 1852 278 U.
1878 245 1926 280 c.
1951 227 2074 294 546]

438 383 832 451 coactosque,
868 374 1228 451 priusquam
1266 374 1404 435 cibo
1442 390 1703 450 corpora
1732 375 2058 451 firmarent,
2089 380 2315 454 raptim
2351 383 2414 441 in

437 461 629 522 aciem
658 459 847 519 exire.
888 459 967 519 ad
994 459 1059 519 id
1093 453 1312 519 sedulo
1343 458 1504 518 diem
1535 465 1883 519 extraxerat
1904 459 2133 536 Scipio,
2167 471 2233 525 ut
2263 479 2410 524 sera

434 560 643 623 pugna
673 549 869 604 csset=
906 558 1045 602 nam
1076 541 1153 602 ab
1186 541 1446 617 septima
1476 542 1718 603 demum
1747 542 1901 603 hora
1923 545 2196 619 peditum
2223 548 2408 622 signa

434 625 728 690 'cornibus
758 625 1238 699 incucurrerunt,
1285 626 1366 686 ad
1392 625 1628 686 medias
1656 627 1824 686 acies
1857 626 2168 703 aliquanto
2199 632 2406 691 serius

438 711 716 789 pervenit
752 724 992 785 pugna,
1035 716 1104 771 ut
1128 709 1301 785 prius
1345 716 1554 786 aestus
1585 726 1621 768 a
1650 711 1987 772 meridiano
2033 715 2168 774 sole
2197 715 2405 776 labor-

444 811 559 872 que
586 794 788 856 standi
820 793 936 854 sub
965 793 1149 854 armis
1180 799 1241 854 et
1268 793 1449 852 simul
1479 794 1672 853 sames
1704 793 1964 870 sitisque
1994 811 2264 871 corpora
2293 799 2405 857 ad-

434 881 715 952 ficerent,
760 893 945 952 quam
983 892 1201 938 manus
1246 892 1384 937 cum
1412 877 1593 938 hoste
1622 886 2034 940 consererent.
2105 881 2188 942 ita
2217 889 2404 942 stete-

432 971 573 1024 runt
626 961 817 1022 scutis
865 961 1082 1030 innixi.
1154 977 1296 1022 nam
1345 975 1536 1036 super
1586 968 1790 1022 cetera
1839 963 2145 1037 elephanti
2197 966 2402 1040 etiam,

432 1047 807 1109 tumultuoso
860 1060 1085 1120 genere
1126 1059 1374 1121 pugnae
1415 1045 1684 1120 equitum
1725 1046 2102 1122 velitumque
2132 1056 2203 1109 et
2242 1049 2403 1110 levis

434 1137 777 1191 armaturae
818 1129 1219 1204 consternati,
1262 1144 1298 1188 e
1327 1129 1618 1188 cornibus
1647 1128 1710 1189 in
1738 1130 1998 1190 mediam
2030 1132 2225 1192 aciem
2255 1149 2404 1194 sese

432 1215 775 1276 intulerant.
820 1213 969 1274 sessi
1000 1213 1180 1289 igitur
1207 1213 1572 1287 corporibus
1605 1213 1948 1288 animisque
1974 1217 2262 1276 rettulere
2291 1233 2398 1292 pe-

433 1300 591 1373 dem,
624 1297 871 1358 ordines
902 1303 1104 1358 tamen
1136 1303 1477 1370 servantes,
1508 1296 1674 1357 haud
1705 1312 1890 1358 secus
1916 1314 2096 1372 quarn
2122 1301 2175 1359 si
2206 1300 2394 1375 impe-

402 1383 524 1457 ¹rio
555 1383 733 1444 ducis
766 1383 1054 1442 cederent
1082 1381 1317 1455 integra
1347 1379 1534 1440 acies.
1586 1381 1699 1440 sed
1729 1396 1864 1441 cum
1897 1396 1972 1442 eo
2002 1383 2142 1458 ipso
2171 1385 2399 1460 acriuS,

432 1466 533 1526 ubi
562 1465 911 1526 inclinatam
951 1479 1207 1524 sensere
1236 1480 1397 1536 rem,
1441 1462 1709 1524 victores
1739 1479 1810 1524 se
1838 1466 2112 1542 undique
2140 1467 2396 1530 invehe-

434 1557 582 1625 rent,
612 1565 726 1608 nec
755 1547 934 1614 facile
960 1548 1223 1624 impetus
1254 1547 1541 1608 sustineri
1572 1555 1805 1623 posset,
1852 1566 2224 1627 quamquam
2252 1551 2397 1611 reti-

436 1633 617 1696 nebat
645 1631 1108 1708 obsistebatque
1136 1632 1496 1693 cedentibus
1526 1631 1907 1709 Hasdrubal,
1939 1634 2016 1694 ab
2046 1642 2220 1710 tergo
2250 1650 2401 1695 esse

440 1719 623 1780 colles
652 1723 969 1793 tutumque
996 1723 1330 1791 receptum,
1365 1716 1418 1776 si
1446 1716 1688 1776 modice
1717 1731 1789 1777 se
1814 1717 2160 1793 reciperent
2189 1720 2396 1779 clami-

432 1809 600 1879 tanS,
649 1809 851 1866 tamen
894 1801 1177 1862 vincente
1216 1807 1382 1862 metu
1419 1799 1852 1861 verecundiam
1895 1817 2032 1862 cum
2073 1801 2399 1878 proximus

433 1887 696 1963 quisque
734 1884 975 1946 hostem
1018 1885 1295 1960 cederet,
1338 1889 1510 1960 terga
1548 1885 1854 1960 extemplo
1899 1885 2072 1962 data,
2115 1892 2303 1963 atque
2333 1887 2396 1946 in

431 1963 636 2045 'sugam
667 1985 811 2030 sese
840 1985 1055 2030 omnes
1090 1967 1455 2029 effuderunt.
1511 1984 1584 2028 ac
1611 1967 1811 2045 primo
1842 1971 2184 2031 consistere
2217 1971 2398 2044 signa

430 2054 489 2114 in
520 2053 831 2114 radicibus
876 2052 1119 2114 collium
1160 2067 1235 2112 ac
1262 2067 1560 2114 revocare
1599 2053 1662 2112 in
1695 2053 1943 2114 ordines
1973 2054 2218 2115 militem
2250 2069 2392 2114 coe-

432 2143 651 2212 perant
698 2135 1123 2198 cunctantibus
1172 2137 1235 2194 in
1279 2137 1608 2197 adversum
1660 2138 1878 2198 collem
1920 2139 2157 2214 erigere
2199 2138 2396 2198 aciem

430 2220 757 2292 Romanis3
812 2219 1065 2295 deinde,
1105 2227 1171 2281 ut
1209 2220 1417 2280 inferri
1451 2221 1712 2296 impigre
1741 2221 1918 2296 signa
1948 2223 2259 2298 viderunt,
2301 2222 2394 2281 in-

434 2312 666 2380 tegrata
707 2306 854 2380 suga
892 2305 953 2364 in
997 2310 1201 2366 castra
1240 2304 1451 2381 pavidi
1491 2307 1954 2382 compelluntur.
2025 2323 2142 2367 nec
2171 2308 2392 2383 procul

430 2389 592 2452 vallo
621 2390 937 2451 Romanus
968 2389 1207 2463 aberat,
1239 2387 1680 2464 cepissentque
1700 2392 1868 2452 tanto
1896 2392 2128 2468 impetu
2168 2397 2393 2468 castra,

430 2474 492 2534 ni
524 2491 595 2536 se
624 2490 704 2534 ex
733 2473 1075 2536 vehementi
1105 2475 1266 2547 sole,
1301 2474 1504 2550 qualis
1533 2475 1692 2536 inter
1715 2491 1940 2552 graves
1969 2476 2162 2538 imbre
2189 2475 2393 2537 nubes

430 2558 707 2634 effulget,
749 2564 917 2619 tanta
956 2559 1052 2619 vis
1095 2573 1296 2636 aquae
1326 2558 1680 2634 deiecisset,
1722 2566 1790 2621 ut
1817 2561 1922 2620 vix
1949 2561 2010 2621 in
2043 2567 2244 2621 castra
2275 2577 2394 2622 sua

428 2642 776 2718 receperint
816 2657 887 2702 se
912 2642 1210 2717 victoreS,
1256 2641 1560 2718 quosdam
1589 2643 1767 2705 etiam
1794 2645 2008 2720 religio
2039 2643 2272 2720 ceperit
2300 2646 2396 2705 ul·

430 2727 617 2786 terius
646 2725 975 2803 quicquam
1000 2741 1075 2787 eo
1111 2726 1212 2787 die
1241 2726 1524 2788 conandi.
1598 2727 2149 2805 Carthaginienses,
2180 2745 2394 2804 quam—

429 2827 615 2885 quam
655 2810 861 2871 fessos
902 2809 1115 2871 labore
1155 2826 1230 2870 ac
1270 2810 1628 2872 vulneribus
1671 2827 1798 2873 nox
1826 2812 2148 2889 imberque
2174 2813 2256 2872 ad
2285 2829 2393 2873 ne-

430 2893 761 2954 cessariam
794 2894 1055 2969 quietem
1083 2894 1367 2969 vocabat,
1395 2901 1617 2970 tamen,
1663 2897 1808 2972 quia
1833 2903 2032 2958 metus
2061 2903 2124 2958 et
2151 2896 2393 2973 pericu-

429 2979 553 3053 lum
582 2977 871 3038 cessandi
899 2993 1023 3041 non
1055 2977 1240 3040 dabat
1264 2984 1526 3054 tempus»,
1557 2978 1755 3056 p'rima
1781 2980 1918 3040 luce
1943 2981 2392 3057 oppugnaturis

430 3059 708 3124 hostibus
752 3067 980 3136 castra,
1026 3061 1193 3122 saxis
1221 3062 1497 3139 undique
1526 3065 1690 3124 circa
1716 3079 1794 3124 ex
1821 3066 2189 3142 propinquis
2218 3065 2392 3124 valli—

432 3145 547 3206 bus
576 3143 889 3220 congestis
918 3151 1143 3221 augent
1170 3147 1414 3223 vallum,
1440 3147 1811 3209 munimento
1842 3143 2004 3224 sese,
2050 3147 2300 3225 quando
2332 3148 2393 3208 in

436 3229 619 3290 armis
652 3245 868 3305 parum
896 3229 1191 3306 praesidii
1218 3231 1393 3305 soret,
1429 3231 1762 3293 defensuri.
1835 3234 1950 3294 sed
1977 3233 2256 3295 transitio
2289 3249 2392 3296 so-

432 3313 664 3376 ciorum
677 3360 694 3390 ,
726 3315 873 3390 iuga
898 3320 965 3376 ut
995 3313 1179 3376 tutior
1205 3331 1380 3377 mora
1407 3315 1718 3377 videretur
1731 3361 1746 3390 ,
1790 3317 1953 3378 fecit.
2023 3315 2396 3393 principium

434 3396 795 3460 defectionis
838 3399 915 3460 ab
956 3400 1178 3459 Attene
1227 3400 1442 3474 regulo
1478 3399 1967 3462 Turdetanorum
2008 3403 2234 3462 factum
2276 3406 2395 3475 est,

432 3483 487 3542 is
530 3497 668 3542 cum
715 3498 940 3556 magna
988 3484 1376 3558 popularium
1425 3499 1609 3546 manu
1657 3485 2011 3561 transfugit;
2077 3485 2224 3544 inde
2265 3485 2395 3546 duo
