2550 3959
329 154 372 218 8
669 155 898 217 LIBER
923 156 1137 217 XXIV.
1179 154 1347 217 CAP-
1376 163 1428 220 7.
1450 164 1504 217 8.
1550 162 1619 231 [a.
1655 160 1721 213 U.
1754 178 1801 215 c.
1830 162 1957 229 537]

295 320 442 369 ,nes
469 310 698 365 tantum
727 304 1027 365 intervalli
1057 304 1215 375 fecit,
1263 298 1351 379 ut,
1384 320 1521 367 cum
1548 305 1609 365 in
1640 313 2127 382 praetereuntem
2154 308 2292 371 sine

325 388 575 450 armatis
600 403 807 464 regem
835 388 1100 464 impetus
1128 388 1335 463 fieret,
1378 390 1811 451 confoderetur
1852 391 2088 467 aliquot
2112 391 2292 469 prius

325 472 679 535 vulneribus
712 489 894 548 quam
923 473 1195 533 succurri
1225 480 1461 549 posset.
1512 474 1779 535 clamore
1808 480 1871 535 et
1897 476 2155 539 tumultu
2182 493 2288 537 au·

325 558 454 619 dito
493 557 556 619 in
579 557 978 617 Dinomenem
1019 556 1138 617 iam
1167 556 1335 618 haud
1364 556 1551 619 dubie
1595 557 1939 620 obstantem
1967 561 2089 621 tela
2118 562 2287 622 coni-

323 642 592 716 ciuntur,
655 640 812 701 inter
851 656 1011 716 quae
1054 648 1257 701 tamen
1310 641 1554 703 duobus
1606 644 1879 717 acceptis
1930 644 2291 705 vulneribus

323 726 540 787 evasit.
606 726 754 798 suga
783 723 1134 797 satellitum,
1179 732 1247 785 ut
1272 726 1573 785 iacentem
1600 725 1816 787 videre
1840 743 2080 803 regem,
2125 730 2291 789 iacta

323 816 437 870 est.
504 810 925 869 interfectores
965 824 1113 883 pars
1143 810 1204 868 in
1246 809 1446 870 forum
1488 810 1547 869 in
1592 810 2033 873 multitudinem
2062 814 2288 873 laetam

321 894 614 968 libertate,
663 909 811 969 pars
841 890 1186 969 Syracusas
1217 900 1482 969 pergunt
1506 894 1588 953 ad
1619 897 2131 971 praeoccupanda
2156 898 2285 955 An·

323 976 658 1038 dranodori
697 976 1130 1052 regiorumque
1173 978 1439 1037 aliorum
1470 977 1745 1038 consilia.
1808 980 2037 1039 incerto
2080 996 2287 1039 rerum

321 1067 481 1121 statu
507 1061 630 1136 Ap.
655 1060 942 1122 Claudius
973 1059 1198 1121 bellum
1236 1061 1444 1122 oriens
1486 1078 1565 1121 ex
1604 1062 1952 1138 propinquo
1985 1079 2123 1123 cum
2151 1078 2285 1123 cer—

323 1152 525 1219 neret,
570 1151 850 1205 senatum
880 1145 1094 1205 litteris
1137 1146 1461 1207 certiorem
1502 1147 1645 1205 fecit
1674 1146 1944 1207 Siciliam
1974 1146 2285 1221 Carthagi-

323 1229 518 1289 niensi
550 1230 782 1305 populo
815 1237 875 1290 et
900 1229 1223 1290 Hannibali
1265 1230 1605 1301 conciliari,
1651 1230 1787 1305 ipse
1832 1231 2133 1291 adversus
2163 1229 2282 1306 ‚Sy-
2316 1302 2323 1310 ,

321 1328 626 1375 racusana
675 1313 936 1373 consilia
983 1315 1063 1373 ad
1111 1314 1471 1389 provinciae
1520 1314 1823 1389 regnique·
1864 1314 2021 1375 fines
2080 1315 2287 1374 omnia

319 1398 618 1457 convertit
645 1397 977 1472 praesidia.

487 1482 665 1541 Exitu
697 1481 838 1539 anni
869 1480 1002 1541 eius
1033 1480 1102 1553 Q.
1131 1480 1357 1542 Fabius
1389 1497 1465 1541 ex
1496 1481 1853 1541 auctoritate
1884 1488 2135 1543 senatus
2164 1482 2284 1543 Pu-

320 1566 548 1639 te0108,
592 1581 704 1641 per
735 1564 958 1625 bellum
990 1572 1274 1640 coeptum
1306 1564 1675 1639 frequentari
1703 1565 2069 1641 emporium,
2116 1582 2280 1626 com-

316 1649 524 1723 munit,
555 1648 1054 1724 praesidiumque
1083 1649 1395 1725 imposuit.
1440 1649 1584 1709 inde
1614 1650 1871 1709 Romam
1901 1650 2285 1711 comitiorum

313 1749 506 1793 causa
533 1734 787 1793 veniens
819 1733 880 1793 in
917 1748 1054 1795 eum
1087 1748 1268 1808 quem
1300 1734 1561 1809 primum
1591 1733 1752 1793 diem
1780 1734 2141 1794 comitialem
2172 1734 2279 1793 ha-

312 1816 442 1877 buit
466 1818 710 1877 comitia
738 1816 944 1889 edixit,
976 1823 1160 1893 atquc
1186 1833 1265 1877 ex
1288 1818 1504 1877 itinere
1526 1825 1773 1891 praeter
1794 1817 2007 1877 urbem
2030 1818 2090 1877 in
2116 1833 2276 1877 cam-

312 1918 459 1977 pum
502 1901 842 1962 descendit.
918 1916 992 1960 eo
1032 1901 1133 1961 die
1164 1917 1301 1961 cum
1342 1916 1481 1961 sors
1522 1900 1991 1976 ‘praerogativae
2018 1900 2281 1962 Aniensi-

311 1985 616 2046 iuniorum
644 1986 894 2057 exisset,
939 2000 1138 2060 eaque
1165 1984 1232 2043 T.
1264 1984 1583 2045 Otacilium
1610 1984 1691 2045 M.
1721 1986 2045 2045 Aemilium
2072 1986 2277 2061 Regil-

311 2070 434 2130 lum
480 2070 768 2129 consules
796 2068 1071 2143 diceret,
1129 2075 1254 2129 tum
1296 2069 1364 2142 Q.
1406 2069 1633 2129 Fabius
1684 2070 1923 2129 silentio
1966 2070 2127 2131 facto
2170 2070 2280 2129 tali

311 2152 587 2213 oratione
617 2159 712 2213 est
740 2168 911 2212 usus,
998 2152 1158 2212 VIII.
1203 2151 1313 2225 „Si
1343 2161 1450 2213 aut
1476 2169 1695 2229 pacem
1722 2154 1783 2213 in
1814 2154 1985 2215 Italia
2012 2161 2117 2215 aut
2144 2154 2275 2214 bel-

312 2238 432 2296 lum
457 2252 718 2311 eumque
730 2235 972 2298 hostem
992 2235 1379 2311 haberemuS,
1404 2238 1462 2296 in
1488 2253 1609 2311 quo
1634 2238 2053 2313 neglegentiae
2075 2237 2279 2297 laxior

306 2322 482 2380 locus
515 2328 698 2391 esset,
734 2320 838 2396 qui
868 2322 1093 2381 vestris
1124 2321 1365 2393 studiis,
1400 2336 1561 2394 quae
1590 2322 1651 2379 in
1684 2338 1966 2398 campum
1996 2321 2076 2380 ad
2104 2337 2275 2380 man-

305 2404 551 2465 dandos
583 2403 808 2480 quibus
839 2404 1038 2465 velitis
1069 2405 1339 2465 honores
1372 2406 1658 2481 adfertiS,
1702 2422 1935 2465 moram
1964 2408 2147 2465 ullam
2178 2406 2272 2462 os-

307 2489 505 2562 serret,
536 2488 591 2549 is
620 2488 766 2548 mihi
796 2505 1011 2565 parum
1039 2490 1392 2552 meminisse
1420 2490 1731 2549 videretur
1758 2496 1999 2549 vestrae
2028 2486 2268 2549 liberta-

307 2571 412 2631 tis:
455 2574 569 2633 sed
600 2588 739 2635 cum
766 2573 826 2631 in
857 2574 977 2633 hoc
1005 2574 1186 2648 bello,
1230 2574 1292 2633 in
1322 2574 1440 2633 hoe
1472 2574 1651 2635 hoste
1678 2589 2007 2649 numquam
2036 2570 2277 2653 abnullo

303 2656 461 2715 duce
507 2658 640 2717 sine
679 2658 906 2731 ingenti
949 2664 1160 2717 nostra
1201 2658 1379 2717 clade
1421 2665 1686 2719 erratum
1728 2658 1836 2731 sit,
1896 2657 2111 2716 eadem
2152 2671 2275 2715 vos

305 2754 479 2814 cura,
523 2756 647 2816 qua
687 2740 748 2799 in
791 2740 984 2799 aciem
1029 2742 1244 2801 armati
1274 2742 1681 2815 descenditiS,
1726 2741 1878 2804 inire
1910 2738 2273 2814 suffragium

302 2824 384 2883 ad
425 2824 730 2884 creandos
773 2824 1062 2885 consules
1105 2824 1314 2895 decet,
1364 2832 1423 2885 et
1452 2825 1569 2886 sibi
1600 2826 1692 2887 sic
1722 2840 2031 2901 quemque
2061 2822 2275 2883 dicere

304 2907 679 2968 “Hannibali
730 2908 1078 2983 imperatori
1132 2925 1341 2985 parem
1384 2910 1701 2971 consulem
1751 2908 2038 2981 nomino„
2058 2950 2072 2965 .
2145 2907 2273 2967 hoc

301 3006 464 3052 anno
494 2991 576 3051 ad
599 2990 867 3067 Capuam
890 2992 1153 3055 Vibellio
1174 2994 1447 3055 Taureae
1472 2993 1783 3069 Campano
1808 3006 2045 3052 summo
2078 2990 2269 3067 equiti

300 3076 662 3151 provocanti
691 3093 970 3139 summus
999 3078 1317 3139 Romanus
1346 3094 1538 3153 eques
1566 3076 1817 3137 Asellus
1849 3075 2139 3136 Claudius
2170 3082 2271 3135 est

298 3160 647 3237 oppositus.
715 3161 1016 3222 adversus
1061 3162 1298 3225 Gallum
1350 3162 1662 3237 quondam
1712 3166 2176 3236 provocantem,
2199 3158 2261 3217 in

299 3252 484 3320 ponte
511 3244 768 3305 Anienis
809 3245 874 3305 T.
913 3244 1206 3307 Manlium
1247 3247 1537 3307 fidentem
1578 3252 1637 3305 et
1676 3245 1880 3305 animo
1924 3251 1984 3304 et
2028 3243 2264 3303 viribus⁴

295 3330 521 3389 misere
563 3329 829 3390 maiores
869 3330 1084 3391 nostri.
1151 3328 1229 3391 ob
1273 3330 1533 3405 eandem
1566 3345 1817 3390 causam
1845 3329 2011 3389 haud
2056 3326 2265 3388 multis

291 3419 468 3481 annis
501 3426 642 3487 nost
675 3413 868 3475 fuisse
895 3430 1018 3475 non
1049 3414 1419 3490 negaverim,
1464 3430 1573 3475 cur
1597 3413 1678 3475 M.
1709 3414 1958 3475 Valerio
1988 3428 2111 3475 non
2142 3411 2255 3471 dir·
