2550 3959
394 223 517 288 272
745 227 975 286 LIBER
1001 225 1270 286 XXvui.
1319 225 1486 287 CAP.
1507 233 1594 288 43.
1643 232 1716 300 [a.
1743 232 1814 285 U.
1839 249 1886 283 c.
1912 233 2037 299 547]

396 388 637 456 essent,
683 397 820 442 eum
857 379 1125 448 amissae
1151 378 1517 455 Hispaniae,
1561 396 1701 440 cum
1731 385 2016 455 quattuor
2045 380 2360 443 exercitus

395 465 743 528 Poenorum
772 470 1182 540 quattuorque
1212 463 1406 524 duces
1437 463 1639 529 omnia
1667 469 1834 525 metu
1855 463 2166 540 armisque
2187 472 2359 526 tene·

393 556 557 626 rent,
616 565 755 611 cum
794 548 1107 624 quaesitus
1158 548 1239 609 ad
1287 547 1351 609 id
1399 547 1624 610 bellum
1670 547 2004 623 imperator
2050 563 2231 611 nemo
2287 565 2360 610 se

396 633 750 697 ostenderet
784 638 1049 708 praeter-
1066 646 1165 691 me
1180 675 1197 704 ,
1238 646 1419 693 nemo
1450 631 1726 707 profiteri
1754 647 1946 692 ausus
1977 639 2172 706 esset,
2217 649 2362 694 cum

398 717 543 778 mihi
586 714 875 794 quattuor
916 721 975 774 et
1012 713 1226 790 viginti
1268 731 1467 778 annos
1511 722 1654 777 nato
1685 715 2007 778 detulisset
2033 716 2360 792 imperium

398 803 667 878 populus
695 801 1009 862 Romanus
1036 832 1127 844 —
1153 798 1303 875 quid
1345 799 1428 860 ita
1465 805 1593 860 tum
1635 815 1816 862 nemo
1847 804 2106 862 aetatem
2135 815 2359 876 meam,

397 885 517 946 vim
539 883 827 958 hostium,
858 882 1277 951 difficultatem
1299 883 1460 957 belli,
1483 883 1676 960 patris
1699 883 2027 960 patruique
2045 891 2360 944 recentem

398 969 634 1030 cladem
690 967 1247 1032 commemorabat?
1317 973 1518 1030 utrum
1561 967 1766 1031 maior
1825 967 2032 1044 aliqua
2079 984 2244 1029 nunc
2295 969 2360 1029 in

395 1051 605 1112 Africa
635 1053 948 1114 calamitas
978 1058 1235 1128 accepta
1260 1058 1376 1126 est,
1407 1067 1592 1128 quam
1616 1057 1762 1114 tunc
1784 1051 1847 1112 in
1866 1050 2166 1127 Hispania
2185 1059 2361 1113 erat?

396 1153 475 1196 an
502 1133 770 1198 maiores
800 1151 966 1198 nunc
994 1141 1136 1198 sunt
1162 1135 1470 1198 exercitus
1500 1135 1562 1200 in
1595 1136 1806 1197 Africa
1833 1142 1894 1198 et
1919 1135 2112 1196 duces
2141 1137 2359 1210 plures

396 1220 841 1296 melioresque,
888 1236 1067 1297 quam
1109 1225 1255 1280 tunc
1295 1220 1356 1279 in
1395 1219 1698 1296 Hispania
1736 1220 2020 1281 suerunt?
2063 1236 2140 1280 an
2183 1227 2358 1281 aetas

397 1320 537 1368 mea
571 1310 717 1366 tunc
756 1303 1050 1368 maturior
1090 1303 1253 1366 bello
1303 1304 1574 1378 gerendo
1613 1303 1754 1378 fuit,
1803 1319 1988 1380 quam
2025 1318 2192 1374 nune
2220 1309 2362 1364 est?

397 1405 475 1448 an
516 1403 655 1450 cum
686 1386 1168 1466 Carthaginiensi
1208 1387 1389 1449 hoste
1427 1387 1492 1451 in
1517 1386 1816 1466 Hispania
1846 1402 2032 1464 quam
2056 1386 2120 1451 in
2145 1385 2362 1448 Africa

396 1473 625 1533 bellum
664 1472 794 1546 geri
821 1471 1027 1548 aptius
1056 1477 1191 1534 est?
1226 1470 1406 1532 facile
1436 1478 1559 1548 est,
1600 1479 1748 1548 post
1773 1472 1950 1534 lusos
1979 1471 2359 1548 fugatosque

399 1561 686 1632 quattuor
726 1555 1034 1616 exercitus
1062 1553 1360 1630 PunicoS,
1402 1561 1547 1630 post
1583 1560 1674 1618 tot
1700 1555 1888 1618 urbes
1917 1554 1981 1618 vi
2009 1561 2222 1633 captas
2253 1561 2362 1616 aut

283 1665 291 1670 ·
394 1644 564 1700 metu
590 1638 880 1702 subactas
908 1638 971 1699 in
1001 1639 1335 1717 dicionem,
1377 1645 1524 1714 post
1548 1640 1894 1716 perdomita
1922 1638 2126 1701 omnia
2153 1654 2360 1715 usque

395 1721 476 1782 ad
502 1721 828 1798 Oceanum,
856 1728 949 1786 tot
966 1723 1235 1800 regulos,
1257 1727 1348 1786 tot
1367 1738 1589 1784 saevas
1619 1731 1854 1800 gentes,
1871 1729 2029 1800 post
2043 1729 2359 1800 receptam

394 1813 582 1868 totam
606 1806 968 1884 Hispaniam
1008 1805 1122 1882 ita,
1163 1813 1231 1868 ut
1256 1806 1582 1884 vestigium
1620 1807 1764 1870 belli
1792 1809 2022 1870 nullum
2051 1807 2357 1883 reliquum

396 1890 767 1965 sit„elevare
794 1905 965 1955 meas
993 1905 1097 1952 res
1124 1897 1353 1966 gestas,
1385 1898 1507 1955 tam
1531 1891 1812 1967 hercule,
1844 1907 2044 1968 quam,
2078 1890 2133 1952 si
2159 1890 2359 1954 victor

395 1989 473 2032 ex
502 1975 713 2036 Africa
739 1973 1043 2046 redierim,
1088 1989 1165 2034 ea
1191 1974 1332 2050 ipsa
1361 1976 1634 2049 elevare,
1654 1990 1828 2052 quae
1856 1991 2024 2040 nunc
2048 1970 2357 2036 retinendi

392 2057 511 2116 mei
542 2073 748 2130 causa,
783 2063 851 2118 ut
876 2057 1169 2118 terribilia
1198 2058 1416 2131 eadem
1441 2057 1782 2132 videantur,
1812 2058 2020 2121 verbis
2054 2061 2351 2122 extollun-

390 2147 533 2200 tur..
568 2147 751 2216 negat
796 2141 1026 2200 aditum
1084 2156 1227 2202 esse
1264 2142 1340 2202 in·
1365 2142 1666 2216 Africam,
1719 2149 1903 2220 negat
1940 2144 2100 2207 ullos
2142 2148 2356 2219 patere

392 2231 637 2300 portus=
679 2213 759 2286 Μ.
792 2225 1041 2287 Atilium
1078 2231 1326 2301 captum
1361 2226 1428 2289 in
1456 2226 2160 2302 Africa‘commemorat,
2201 2233 2353 2287 tarn-

396 2323 579 2382 quam
616 2307 697 2371 M.
740 2307 964 2372 Atilius
1008 2311 1205 2386 primo
1252 2325 1519 2372 accessu
1559 2311 1640 2372 ad
1679 2310 1951 2374 Africam
1994 2310 2354 2379 offenderit3

394 2406 597 2465 neque
638 2392 998 2455 recordatur
1022 2393 1109 2452 illi
1137 2393 1259 2470 ipsi
1287 2401 1408 2455 tam
1437 2393 1661 2456 infelici
1689 2394 2042 2471 imperatori
2072 2395 2356 2470 patuisse

389 2479 591 2536 tamen
633 2481 847 2551 portus
890 2477 1165 2553 Africae,
1211 2485 1273 2538 et
1310 2495 1412 2540 res
1457 2479 1738 2554 egregias
1777 2478 1978 2556 primo
2019 2494 2180 2540 anno
2211 2493 2352 2554 ges-

390 2559 583 2639 sisse,
628 2567 689 2620 et
730 2566 1020 2638 quantum
1060 2561 1138 2620 ad
1181 2561 1712 2636 Carthaginienses
1755 2563 1948 2624 duces
1981 2563 2220 2638 attinet,
2261 2562 2353 2622 in-

386 2641 615 2705 victum
655 2642 737 2703 ad
774 2644 1051 2708 ultimum
1096 2645 1536 2719 permansisse.
1608 2646 1756 2709 nihil
1797 2645 1979 2722 igitur
2006 2661 2105 2706 me
2133 2646 2254 2706 isto
2285 2653 2352 2707 tu

389 2727 672 2802 exemplo
701 2727 1011 2788 terrueris.
1084 2728 1288 2797 si,hoc
1314 2727 1507 2804 bello,
1551 2745 1674 2790 non
1703 2731 1940 2806 priore,
1980 2730 2037 2791 si
2065 2746 2268 2807 nuper
2295 2737 2354 2791 et

387 2825 513 2869 non
564 2810 741 2870 annis
792 2817 932 2871 ante
972 2811 1427 2903 quinquaginta
1463 2814 1582 2876 ista
1623 2815 1832 2874 clades
1877 2819 2134 2890 accepta
2173 2814 2350 2890 foret,

390 2894 493 2968 qui
525 2909 640 2968 ego
672 2895 872 2955 minus
902 2895 965 2955 in
986 2895 1257 2958 Africam
1279 2897 1517 2972 Regulo
1542 2905 1722 2974 capto
1747 2915 1932 2974 quam
1955 2897 2348 2974 Scipionibus

389 2976 615 3039 occisis
646 2977 708 3036 in
734 2977 1095 3054 Hispaniam
1124 2980 1488 3042 traicerem?
1532 2997 1648 3043 nec
1676 2981 1912 3046 felicius
1933 2981 2342 3058 Xanthippum

385 3057 940 3140 Lacedaemonium
971 3061 1316 3140 Carthagini
1357 3081 1542 3142 quam
1580 3081 1678 3128 me
1719 3067 1954 3143 patriae
1981 3083 2158 3128 meae
2188 3068 2346 3126 sine—

384 3159 515 3204 rem
540 3150 756 3226 ,natum
796 3161 973 3216 esse;
1042 3155 1471 3226 cresceretque
1511 3148 1658 3210 mihi
1697 3167 1776 3212 ex
1817 3167 1892 3213 eo
1926 3150 2069 3227 ipso
2099 3150 2344 3226 fiducia,

391 3227 559 3304 quod
584 3257 591 3264 ·
604 3228 805 3304 possit
852 3230 913 3289 in
956 3231 1221 3293 hominis
1270 3233 1454 3294 unius
1505 3235 1728 3296 virtute
1776 3241 2006 3296 tantum
2053 3237 2340 3297 momenti

387 3327 548 3372 esse.
598 3319 661 3372 at
688 3314 868 3374 etiam
894 3315 1305 3393 Athenienses
1337 3318 1626 3380 audiendi
1656 3327 1813 3397 sunt,
1843 3327 2070 3381 temere
2099 3320 2162 3383 in
2193 3320 2344 3380 Sici·

387 3393 528 3454 liam
573 3398 804 3458 omisso
850 3399 1013 3462 domi
1041 3399 1202 3462 bello
1234 3403 1607 3479 transgressi
1629 3423 1700 3456 μ·
1727 3426 1744 3460 ε
1785 3421 1895 3466 cur
1922 3420 2111 3480 ergo,
2149 3419 2344 3480 quon-

388 3478 503 3538 lam
537 3479 802 3550 Graecas
832 3483 1071 3544 fabulas
1102 3487 1389 3548 enarrare
1418 3493 1614 3563 vacat,
1645 3505 1769 3550 non
1798 3487 2202 3566 Agathoclem
2229 3504 2341 3566 po·
