2550 3959
649 200 879 262 LIBER
900 200 1079 261 XXX.
1127 198 1292 261 CAP.
1323 209 1382 261 4.-
1419 206 1490 274 [a.
1517 208 1582 257 C.
1603 204 1730 272 203]
2035 198 2160 263 325

206 356 289 415 ad
331 352 714 431 Syphacem,
770 353 1054 412 calonum
1100 352 1239 411 loco
1285 351 1517 425 primos
1561 350 1810 412 ordines
1851 360 2166 427 spectatae

210 438 447 498 virtutis
476 442 665 511 atque
693 435 1053 511 prudentiae
1082 434 1290 495 servili
1313 435 1523 496 habitu
1543 433 1832 509 mittebat,
1866 435 1989 512 qui,
2021 433 2166 497 duni

208 522 287 581 in:
299 519 609 595 1101100010
631 518 811 594 legati
834 526 1061 594 essent,
1093 520 1231 594 vagi
1258 532 1370 595 per
1395 526 1613 595 castra,
1643 519 1799 579 alius
1822 518 1942 579 alia
1963 518 2166 581 aditus

210 603 537 681 exitusque
570 609 828 678 womnes
870 604 1061 664 situm
1094 604 1478 679 formamque
1515 612 1576 665 et
1607 602 2038 664 universorum
2067 619 2166 665 ca

209 696 475 751 strorum
502 694 568 747 et
599 687 893 763 partium,
948 700 1073 763 qua
1108 686 1298 747 Poeni
1349 704 1473 762 qua
1508 688 1804 748 Numidae
1855 686 2167 763 habere-nt,

210 780 499 849 quantum
531 771 831 831 intervalli
854 772 1014 831 inter
1033 772 1436 832 Hasdrubalis
1467 785 1541 831 00
1563 772 1735 848 regia
1757 779 1957 833 castra
1981 777 2166 845 esset,

211 858 693 933 specularentur,
722 868 1081 930 moremque
1109 854 1287 915 simul
1319 862 1648 917 noscerent
1669 856 1993 917 stationum
2021 856 2166 931 vigi-

208 942 578 1015 liarumque,
634 946 816 999 nocte
870 956 949 999 an
1006 939 1271 999 interdiu
1328 940 1802 1014 opportuniores
1857 935 2167 1001 insidianti

210 1033 438 1086 essent.
509 1030 569 1083 et
608 1022 764 1083 inter
816 1024 1029 1083 crebra
1070 1022 1380 1099 colloquia
1429 1022 1529 1082 alii
1582 1030 1766 1098 atque
1801 1022 1914 1083 ’0111
1959 1024 2038 1083 (10
2078 1024 2164 1083 in-

211 1108 459 1184 dustria,
492 1123 617 1183 quo
642 1106 921 1182 pluribus
943 1106 1147 1167 01111110
1168 1115 1316 1167 11010
1339 1115 1564 1180 essent,
1597 1104 2011 1167 mittebantur·
2032 1119 2170 1167 cum

211 1192 461 1269 saepius
504 1193 727 1266 agitata
764 1203 867 1250 res
910 1190 1229 1251 certiorem
1272 1204 1448 1265 spem
1491 1190 1663 1267 pacis
1705 1190 1931 1251 indies
1962 1190 2169 1269 01831-

211 1277 393 1353 phaci
424 1282 485 1336 et
508 1273 1107 1349 Carthaginiensibus
1131 1290 1243 1350 per
1266 1290 1404 1335 cum
1431 1276 1672 1348 faceret,
1705 1273 1884 1350 legati
1909 1274 2168 1341 Romam:

213 1363 433 1421 1011103
474 1376 543 1419 se
584 1359 806 1419 reverti
850 1360 930 1419 ad
970 1359 1394 1435 imperatorem
1425 1358 1620 1432 aiunt,
1663 1360 1776 1417 nisi
1811 1367 2040 1419 certum
2071 1374 2166 1419 re-

212 1461 511 1521 sponsum
539 1444 743 1503 detur=
774 1442 1051 1519 proinde,
1082 1458 1195 1504 seu
1218 1442 1338 1517 ipsi
1361 1450 1547 1503 staret
1569 1443 1684 1502 iam
1709 1442 2026 1519 sententia,
2057 1458 2174 1506 seu

214 1530 633 1590 consulendus
663 1528 1011 1588 Hasdrubal
1040 1535 1101 1587 et
1130 1526 1658 1602 Carthaginienses
1689 1533 1914 1602 essent,
1948 1530 2170 1589 consu·

213 1615 381 1674 10101.
422 1620 665 1687 tempus
697 1626 843 1672 esse
870 1618 975 1673 aut
1004 1625 1219 1686 pacem
1248 1612 1537 1686 componi
1567 1619 1670 1672 aut
1693 1611 1912 1670 bellum
1937 1613 2172 1671 naviter

212 1698 360 1773 geri.
394 1734 397 1739 -
428 1698 577 1757 dum
622 1696 960 1756 consulitur
998 1696 1347 1755 Hasdrubal
1398 1701 1462 1755 et
1499 1693 2057 1769 Carthaginienses,
2111 1702 2170 1753 ct

214 1782 638 1857 speculatores
682 1779 885 1841 omnia
922 1779 1163 1839 visendi
1204 1786 1263 1839 et
1293 1778 1502 1854 Scipio
1538 1780 1618 1837 ad
1651 1780 2065 1853 comparanda
2096 1794 2172 1838 ea

216 1880 375 1939 quae
416 1866 493 1925 inw
517 1881 647 1923 rem
697 1871 870 1924 erant
908 1871 1150 1939 tempus
1199 1862 1426 1922 habuit.
1495 1871 1554 1924 et
1595 1864 1898 1923 mentione
1939 1877 2013 1922 ac
2055 1878 2172 1938 spe

217 1950 385 2024 pacis
412 1949 822 2024 neglegentia,
866 1954 935 2009 ut
966 1948 1061 2019 fit,
1108 1948 1273 2023 apud
1289 1946 1541 2007 ¹Poenos
1571 1947 2011 2021 Numidamque
2040 1954 2172 2007 orta

214 2033 493 2107 cavendi,
522 2050 599 2092 ne
630 2033 777 2109 quid
804 2032 1025 2093 hostile
1054 2031 1291 2093 interim
1321 2038 1688 2108 paterentur.
1719 2032 1984 2091 tandem
2013 2028 2174 2092 reia-⁴

214 2125 340 2177 tum
368 2132 740 2192 responsum
772 2118 1169 2192 quibusdam,
1214 2118 1360 2191 quia
1388 2116 1567 2177 nimis
1599 2130 1828 2191 cupere
1855 2116 2171 2177 Romanus

214 2214 431 2275 pacem
458 2200 811 2274 videbatur,
854 2199 1081 2273 iniquis
1112 2215 1227 2274 per
1254 2200 1645 2259 occasionem
1676 2199 1966 2267 adiectis;
2012 2214 2172 2275 quae

218 2290 677 2360 peropportune
726 2282 989 2356 cupienti
1036 2284 1251 2342 tollere
1293 2282 1558 2342 indutias
1602 2282 1876 2357 Scipioni
1921 2298 2171 2343 causam

218 2368 573 2443 praebuere.
640 2382 713 2425 ac
740 2365 949 2426 11011110
988 2365 1187 2440 regie,
1236 2379 1374 2424 cum
1402 2368 1730 2425 relaturum
1764 2382 1833 2425 se
1862 2366 1940 2426 ad
1971 2366 2171 2427 consi-

219 2453 362 2511 lium
404 2450 693 2523 dixisset,
738 2456 989 2525 postero
1032 2451 1132 2509 die
1168 2448 1494 2524 respondit
1533 2465 1604 2509 se
1631 2465 1755 2508 uno
1787 2450 2014 2509 frustra
2043 2456 2172 2509 ten-

218 2536 399 2594 dente
428 2535 575 2593 110111
605 2534 704 2593 0111
737 2547 951 2609 pacem
982 2533 1322 2609 placuisse:
1353 2533 1724 2593 renuntiaret
1746 2532 2175 2607 igiturnullam

217 2618 395 2677 aliam
420 2632 598 2692 spem
621 2619 792 2693 pacis
818 2634 1000 2691 quam
1020 2617 1247 2677 relictis
1273 2616 1873 2691 Carthaginiensibus
1902 2614 2175 2695 Syphaci

218 2718 357 2762 cum
396 2703 689 2763 Romanis
732 2710 892 2761 esse.
964 2702 1048 2761 ita
1087 2701 1237 2763 tollit
1277 2702 1578 2773 indutias,
1622 2707 1688 2760 ut
1717 2701 1908 2760 libera
1935 2702 2056 2761 fide
2085 2701 2173 2759 in-

219 2794 397 2863 cepta
426 2793 903 2862 exsequeretur3
950 2786 1356 2862 deductisque
1385 2784 1644 2845 navibus
1665 2816 1751 2827 --
1773 2790 1834 2845 et
1860 2784 1978 2843 iam
2008 2784 2174 2843 veris

220 2871 589 2947 principium
628 2878 853 2931 0101-
880 2870 1197 2929 machinas
1237 2876 1697 2944 tormentaque,
1749 2870 1918 2928 velut
1959 2886 1994 2927 a
2023 2868 2173 2927 mari

218 2956 629 3030 adgressurus
657 2954 910 3029 Uticam,
942 2954 1211 3029 imponit.
1254 2962 1314 3015 et
1341 2955 1464 3016 duo
1495 2953 1659 3013 milia
1685 2951 1935 3013 militum
1967 2952 2045 3011 ad
2075 2968 2173 3011 ca-

220 3039 513 3114 piendum
566 3054 745 3114 quem
796 3045 974 3098 antea
1022 3044 1304 3098 tenuerat
1349 3040 1642 3098 tumulum
1697 3052 1889 3112 super
1939 3036 2176 3097 Uticam

222 3123 409 3197 mittit,
442 3125 622 3195 simul
650 3130 717 3183 ut
741 3124 823 3184 vab
854 3137 949 3197 ec,
982 3122 1150 3197 quod
1182 3123 1454 3197 parabat,
1481 3124 1540 3181 in
1573 3120 1818 3180 alterius
1847 3120 1934 3179 rei
1969 3136 2174 3179 curam

220 3215 604 3267 converteret
630 3208 897 3267 hostium
931 3208 1199 3278 01110103,
1244 3207 1422 3265 simul
1458 3222 1535 3265 ne
1567 3221 1716 3280 qua,
1761 3220 1896 3263 cum
1927 3204 2064 3277 ipse
2095 3203 2175 3261 ad

222 3289 571 3365 Syphacem
611 3292 1183 3367 Hasdrubalemque
1224 3290 1538 3365 profectus
1583 3294 1780 3361 esset,
1825 3288 2062 3362 eruptio
2095 3296 2176 3347 ex

223 3374 373 3433 urbe
418 3382 478 3436 et
514 3376 775 3449 impetus
816 3376 877 3435 in
920 3383 1123 3435 castra
1164 3390 1280 3434 sua
1308 3374 1520 3435 relicta
1549 3388 1686 3433 cum
1714 3372 1832 3432 levi
1863 3370 2174 3447 praesidio

223 3457 411 3519 tieret.
