2550 3959
513 209 758 274 LIBER
784 211 1057 282 XXVIII.
1106 213 1272 277 cAP.
1309 221 1393 276 19.
1425 224 1510 280 20.
1555 221 1631 288 [a.
1665 221 1732 274 C.
1763 221 1892 288 206]
2041 213 2190 287 ,243

220 365 469 426 fortuna
489 369 903 438 opportunum
934 362 1191 424 iniuriae
1216 363 1486 424 duceret.
1531 363 1608 422 ab
1629 363 1748 424 hac
1771 363 2193 428 cohortatione

218 446 668 512 ducis-incitati
698 447 903 507 scalas
932 448 1145 508 electis
1175 462 1288 522 per
1316 447 1656 522 manipulos
1693 448 1838 510 viris
1881 448 2188 522 dividunt;

218 531 443 609 partito
474 530 749 602 exercitu
776 530 879 605 ita,
921 537 987 592 ut
1014 531 1172 607 parti
1202 530 1376 590 alteri
1401 531 1646 592 Laelius
1677 539 1998 608 praeesset
2023 535 2190 610 lega-

219 625 338 688 tuS,
369 615 619 678 duobus
650 614 833 682 simul
862 615 1019 676 locis
1046 614 1296 690 ancipiti
1322 615 1554 677 terrore
1584 614 1793 678 urbem
1823 617 2190 693 adgrediun-

217 704 339 764 tur.
416 715 539 760 non
570 699 699 760 dux
726 713 885 768 unus
923 704 1029 760 aut
1056 699 1264 774 plures
1295 699 1610 776 principes
1653 701 2032 778 oppidanos,
2075 701 2191 764 sed

216 801 370 846 suus
414 783 695 860 ipsorum
722 782 1099 846 conscientia
1134 782 1354 858 eulpae
1385 790 1584 847 metus
1628 784 1710 845 ad
1739 785 2188 848 defendendam

214 865 477 944 impigre
514 868 729 930 urbem
771 867 1069 928 hortatur.
1130 873 1195 926 et
1216 866 1632 942 meminerant,
1673 874 1737 928 et
1765 869 2191 950 ‚admonebant

215 953 375 1014 alios
408 952 783 1028 supplicium
812 967 891 1014 ex
920 967 1025 1026 se,
1069 967 1195 1015 non
1227 950 1544 1012 victoriam
1573 952 1718 1028 peti.
1779 951 1884 1014 ubi
1925 954 2189 1031 quisque

214 1043 477 1098 mortem
506 1043 855 1112 oppeteret,
897 1035 963 1096 id
991 1035 1256 1110 referre,
1299 1040 1498 1096 utrum
1527 1035 1588 1094 in
1617 1051 1830 1110 pugna
1852 1038 2004 1099 etin
2033 1038 2184 1112 acie,

214 1121 323 1182 ubi
349 1120 520 1182 Mars
548 1120 890 1183 communis
918 1126 979 1180 et
1009 1117 1235 1180 victum
1265 1133 1460 1194 saepe
1486 1117 1749 1194 erigeret
1777 1127 1839 1186 et
1865 1120 2188 1196 adfligeret

214 1204 531 1278 victorem,
576 1219 654 1265 an
685 1203 1035 1280 postmodo,
1082 1209 1352 1268 cremata
1378 1208 1440 1262 et
1465 1203 1662 1264 diruta
1689 1203 1860 1280 urbe,
1907 1212 2046 1266 ante
2078 1221 2186 1266 ora

214 1295 533 1364 captarum
570 1288 901 1362 coniugum
941 1287 1428 1363 liberorumque,
1471 1286 1626 1346 inter
1655 1286 1912 1348 verbera
1952 1296 2013 1348 et
2051 1288 2182 1349 vin-

214 1373 371 1446 eula,
411 1371 616 1435 omnia
643 1371 829 1432 foeda
858 1377 1044 1447 atque
1072 1370 1323 1446 indigna
1351 1371 1524 1446 passi
1554 1371 1959 1447 exspirarent.
2005 1372 2184 1448 igitur

212 1471 339 1520 non
379 1455 653 1519 militaris
692 1455 879 1516 modo
921 1461 1093 1516 aetas
1144 1461 1254 1516 aut
1294 1453 1407 1514 viri
1449 1461 1706 1530 tantum,
1765 1455 1880 1516 sed
1920 1457 2182 1518 feminae

212 1540 525 1616 puerique
541 1555 729 1625 supet
761 1538 945 1602 animi
973 1538 1382 1615 corporisque
1409 1539 1575 1600 vires
1604 1539 1859 1612 adsunt,
1906 1557 2180 1617 pugnan-

211 1625 375 1691 tibus
420 1624 543 1684 tela
582 1617 943 1700 ministrant,
986 1638 1143 1684 saxa
1170 1622 1233 1684 in
1260 1639 1471 1685 muros
1500 1623 1914 1687 munientibus
1943 1632 2180 1700 gerunt.

210 1724 337 1769 non
360 1708 608 1768 libertas
634 1707 832 1768 solum
862 1706 1172 1782 agebatur,
1209 1722 1369 1782 quae
1390 1707 1661 1769 virorum
1685 1707 1930 1768 fortium
1951 1715 2180 1770 tantum

218 1799 467 1872 pectora
496 1791 690 1855 acuit·
675 1834 692 1861 ,
722 1791 837 1855 sed
866 1790 1077 1852 ultima
1104 1789 1375 1850 omnium
1397 1788 1700 1867 supplicia
1727 1797 1789 1852 et
1805 1791 1992 1853 foeda
2010 1808 2179 1855 mors

211 1876 291 1938 ob
324 1877 541 1939 oculos
570 1883 717 1936 erat.
761 1874 1257 1937 accendebantur
1286 1873 1473 1942 animi
1501 1881 1561 1934 et
1589 1875 1918 1936 certamine
1947 1875 2178 1938 laboris

208 1976 287 2020 ae
330 1960 582 2036 periculi
624 1966 811 2034 atque
852 1959 995 2038 ipso
1038 1957 1193 2024 inter
1223 1973 1293 2020 se
1337 1963 1699 2034 conspectu..
1761 1958 1968 2033 itaque
2009 1968 2176 2022 tanto

209 2043 437 2106 ardore
464 2049 770 2105 certamen
810 2039 1021 2104 initum
1047 2050 1171 2116 est,
1214 2051 1281 2106 ut
1309 2042 1576 2105 domitor
1613 2041 1716 2105 ille
1743 2043 1926 2106 totius
1953 2045 2174 2122 Hispa·

210 2129 352 2190 niae
391 2125 699 2194 exercitus
741 2125 817 2186 ab
859 2127 1041 2191 unius
1073 2127 1286 2202 oppidi
1329 2127 1638 2191 iuventute
1667 2143 1860 2204 saepe
1886 2129 2174 2205 repulsus

209 2228 247 2274 a
278 2210 469 2278 muris
490 2209 659 2270 haud
688 2209 839 2272 satis
870 2210 1101 2271 decoro
1131 2210 1369 2286 proelio
1398 2211 1750 2287 trepidaret„
1795 2211 1862 2272 id
1889 2212 1992 2273 ubi
2022 2213 2174 2274 vidit

208 2295 421 2370 Scipio
440 2339 455 2368 ,
498 2295 757 2367 veritus,
804 2310 883 2355 ne
921 2293 1100 2354 vanis
1146 2295 1468 2356 conatibus
1511 2310 1764 2356 suorum
1793 2302 1855 2356 et
1892 2295 2170 2358 hostibus

208 2386 515 2441 cresceret
556 2378 795 2440 animus
824 2384 887 2440 et
924 2377 1174 2452 segnior
1201 2377 1377 2438 miles
1408 2378 1614 2454 fieret,
1661 2378 1905 2440 sibimet
1943 2395 2172 2443 conan-

206 2464 355 2527 dum
384 2478 458 2524 ac
498 2459 732 2538 partem
776 2459 1029 2538 periculi
1072 2462 1524 2536 capessendam
1553 2476 1698 2524 esse
1725 2470 1896 2523 ratus
1913 2509 1928 2535 ‚
1974 2464 2170 2526 inere-

205 2546 333 2622 pita
372 2546 617 2622 ignavia
660 2545 911 2611 militum
958 2544 1100 2606 ferri
1143 2544 1350 2606 scalas
1391 2543 1580 2621 iubet,
1624 2552 1683 2606 et
1725 2561 1794 2608 se
1835 2545 2070 2623 ipsum,
2115 2548 2168 2613 si

206 2630 391 2693 ceteri
418 2636 796 2706 cunctentur,
825 2644 1223 2693 escensurum
1245 2628 1526 2690 minatur.
1561 2630 1681 2690 iam
1711 2629 1981 2694 subierat
2002 2630 2166 2694 haud

205 2713 501 2779 mediocri
538 2713 813 2788 periculo
854 2714 1117 2788 moenia,
1159 2729 1296 2774 cum
1325 2715 1556 2775 clamor
1587 2712 1860 2789 undique
1889 2713 1968 2779 ab
1997 2716 2166 2779 solli—

206 2797 343 2858 citis
370 2797 568 2858 vicem
596 2797 981 2874 imperatoris
1011 2796 1300 2858 militibus
1329 2797 1626 2872 sublatus,
1657 2797 1988 2874 scalaeque
2014 2799 2164 2863 mul-

202 2882 281 2944 tis
310 2881 489 2948 simul
516 2880 793 2957 partibus
824 2878 971 2956 erigi
1002 2888 1279 2956 coeptae.
1320 2887 1380 2944 et
1407 2896 1486 2942 ex
1515 2883 1712 2945 altera
1725 2888 1900 2957 parte
1919 2881 2163 2950 Laelius

200 2965 407 3034 instat.
474 2972 597 3028 tum
638 2966 801 3028 victa
840 2964 1290 3040 oppidanorum
1329 2966 1462 3040 νίς,
1515 2964 1894 3042 deiectisque
1930 2981 2160 3045 propu-

200 3049 557 3124 gnatoribus
588 3056 964 3126 occupantur
991 3049 1161 3111 muri.
1226 3065 1338 3111 arx
1369 3051 1550 3115 etiam
1579 3047 1660 3110 ab
1685 3065 1762 3115 ea
1789 3057 1995 3126 parte,
2037 3067 2163 3127 qua

200 3133 693 3209 inexpugnabilis
755 3131 1115 3204 wvidebatur
1181 3132 1365 3202 inter
1408 3133 1730 3198 tumultum
1798 3141 1977 3209 eapte
2041 3141 2159 3198 est.

198 3215 329 3281 XX
374 3219 727 3293 transfugae
750 3217 903 3291 Arri,
934 3215 1041 3290 qui
1069 3221 1195 3279 tum
1219 3216 1379 3279 inter
1405 3216 1633 3284 auxilia
1661 3219 1940 3284 namara
1957 3223 2156 3292 erant,

198 3308 263 3368 et
290 3301 667 3378 oppidanis
651 3319 713 3364 m
741 3317 819 3362 ea
838 3307 1069 3362 tantum
1092 3300 1322 3365 tuenda
1348 3301 1514 3378 unde
1541 3300 1876 3376 periculum
1907 3299 2158 3367 videba-

200 3391 297 3451 tur
341 3385 571 3462 versis,
611 3394 674 3446 et
704 3384 1003 3448 Romanis
1039 3371 1436 3446 subeuntibus
1481 3399 1606 3458 qua
1641 3383 1816 3448 adire
1857 3392 2157 3462 poterant,

198 3477 662 3546 conspexerunt
690 3468 1087 3538 editissimam
1114 3466 1295 3533 urbis
1311 3473 1564 3542 partem,
1611 3482 1785 3614 ᾳιιὲειε
1796 3484 1952 3545 rupe
1978 3487 2041 3553 p
2031 3485 2150 3532 aa·
