2550 3959
599 188 828 250 LIBER
856 188 1064 249 xxix.
1108 188 1274 251 cAP.
1304 198 1357 253 3.
1383 198 1438 251 4.
1485 196 1558 265 [a.
1585 168 1805 264 c.'2052
1961 272 1975 284 ,
2063 192 2184 254 283

228 339 651 417 Carthaginem
676 346 911 400 terrore
950 340 1178 415 ingenti
1206 342 1625 416 complevere,
1671 342 1938 402 classem
1963 342 2182 403 Roma-

225 441 367 487 nam
397 424 871 500 Scipionemque
899 423 1328 500 imperatorem
1364 456 1451 469 -·
1479 426 1730 485 etfama
1755 426 1952 486 fuerat
1977 426 2098 485 iam
2123 428 2186 486 in

226 510 495 571 Siciliam
534 514 987 583 transgressum
1020 539 1095 553 ·-
1129 508 1480 569 advenisse.
1554 524 1668 568 nec
1699 514 1848 585 quot
1875 525 2068 571 naves
2099 512 2188 572 vi³

227 595 481 665 dissent,
526 599 891 667 nec'quanta
918 607 1133 652 manus
1164 607 1350 667 agros
1379 592 1794 668 popularetur,
1835 594 1984 655 satis
2013 596 2185 669 gnari

226 678 433 738 amnia
470 677 532 736 in
572 676 771 737 maius
802 682 963 735 metu
990 683 1251 751 augente
1293 675 1694 753 accipiebant.
1757 676 1962 753 itaque
1990 679 2184 755 primo

225 770 421 822 terror
461 775 783 837 pavorque
822 760 965 821 dein
1007 760 1309 820 maestitia
1347 761 1587 821 animos
1631 762 1913 823 incessit:
1951 769 2188 822 tantum

226 848 528 907 fortunam
557 851 856 917 mutasse,
897 852 964 906 ut
992 846 1095 920 qui
1126 844 1312 906 modo
1343 843 1464 921 ipsi
1491 846 1824 907 exercitum
1854 853 1994 906 ante
2020 862 2184 907 moe·

226 931 328 991 nia
366 930 645 991 Romana
684 928 1044 989 habuissent
1082 928 1381 1002 victoreS,
1428 930 1756 1005 stratisque
1794 937 1884 991 tot
1921 930 2188 992 hostium

224 1011 593 1075 exercitibus
636 1028 849 1076 omnes
878 1012 1085 1073 Italiae
1125 1014 1394 1089 populos
1422 1020 1526 1074 aut
1551 1013 1615 1073 vi
1655 1021 1760 1074 aut
1787 1013 2097 1075 voluntate
2125 1014 2188 1075 in

225 1097 596 1158 deditionem
624 1097 1028 1173 accepissent,
1074 1097 1115 1156 ii
1142 1112 1328 1157 verso
1350 1096 1542 1159 Marte
1567 1098 1813 1157 Africae
1842 1098 2188 1175 populatio-

226 1198 340 1242 nes
384 1188 446 1241 et
484 1180 873 1242 obsidionem
902 1181 1280 1256 Carthaginis
1306 1182 1497 1242 visuri
1541 1183 1754 1254 forent,
1797 1198 2184 1258 nequaquam

226 1266 361 1341 pari
388 1264 470 1324 ad
498 1266 787 1341 patienda
816 1280 891 1325 ea
918 1265 1143 1326 robore
1182 1281 1257 1326 ac
1285 1266 1546 1330 Romani
1574 1266 1852 1327 fuissent.
1917 1266 2036 1326 illis
2063 1268 2185 1328 Ro-

225 1365 465 1409 manam
493 1348 756 1425 plebem,
790 1348 911 1409 illis
939 1349 1174 1411 Latium
1204 1349 1576 1411 iuventutem
1604 1349 1970 1427 praebuisse
1997 1350 2184 1411 maio-

226 1450 353 1493 rem
395 1448 645 1508 semper
681 1432 1280 1509 frequentioremque
1306 1450 1420 1510 pro
1450 1440 1541 1496 tot
1569 1435 1770 1495 eaesis
1815 1434 2184 1496 exercitibus
2245 1494 2250 1500 .

226 1517 747 1577 subolescentem=
788 1532 963 1578 suam
992 1517 1233 1593 plebem
1260 1518 1565 1580 imbellem
1593 1517 1656 1578 in
1682 1517 1854 1594 urbe,
1883 1518 2185 1579 imbellem

225 1601 285 1661 in
315 1600 479 1676 agris
512 1616 684 1673 esse3
729 1601 1017 1661 mercede
1045 1602 1247 1677 parari
1287 1602 1516 1663 auxilia
1537 1618 1625 1669 ,ex
1652 1602 1852 1675 Afris,
1895 1609 2076 1678 gente
2105 1603 2186 1662 ad

224 1700 467 1745 omnem
506 1700 717 1745 auram
758 1685 893 1761 spei
922 1684 1131 1746 mobili
1174 1693 1358 1761 atque
1390 1686 1598 1750 infida.
1665 1685 1784 1745 iam
1811 1702 2022 1761 regeS‚
2067 1686 2184 1763 Sy-

224 1767 483 1844 phacem
512 1775 656 1845 post
683 1769 1056 1845 colloquium
1096 1786 1235 1831 cum
1266 1768 1560 1844 Scipione
1597 1770 1954 1842 alienatum,
2000 1770 2167 1829 Masi-

224 1850 456 1913 nissam
485 1859 697 1928 aperta
725 1852 1069 1913 defectione
1096 1853 1560 1915 infestissimum
1587 1853 1846 1933 hostem.
1902 1852 2051 1912 nihil
2077 1871 2179 1914 us-

227 1952 409 2011 quam
458 1937 592 2012 spei
641 1936 788 1996 nihil
837 1937 1044 1997 auxilii
1095 1952 1257 1999 esse.
1342 1952 1458 1997 nec
1499 1936 1822 2013 Magonem
1873 1954 1952 1996 ex
1993 1937 2184 1997 Gallia

224 2035 472 2100 movere
511 2022 800 2081 tumultus
833 2020 1187 2097 quicquam,
1230 2036 1348 2081 nee
1383 2020 1752 2097 coniungere
1787 2036 1932 2081 sese
1958 2021 2182 2082 Hanni-

226 2104 376 2175 o'ali3
408 2110 470 2164 et
480 2103 883 2164 Hannibalem
901 2103 1102 2179 ipsum
1123 2106 1243 2164 iam
1264 2106 1503 2166 etfama
1516 2120 1843 2167 senescere
1860 2112 1920 2166 et
1932 2105 2178 2167 viribus.

223 2188 324 2246 lV.
383 2188 445 2248 in
473 2186 629 2248 haec
660 2186 948 2247 deflenda
976 2189 1306 2263 prolapsos
1343 2187 1419 2249 ab
1449 2190 1676 2249 recenti
1707 2190 1915 2250 nuntio
1945 2191 2182 2251 animos

222 2288 436 2332 rursus
456 2278 655 2334 terror
682 2271 917 2333 instans
940 2272 1257 2333 revocavit
1285 2271 1367 2330 ad
1397 2273 1882 2344 consultandum,
1917 2290 2182 2348 quonam

223 2357 409 2415 modo
454 2354 699 2417 obviam
741 2355 1169 2431 praesentibus
1199 2356 1488 2431 periculis
1529 2355 1735 2416 iretur.
1801 2357 2060 2418 dilectus
2089 2375 2184 2417 ra·

224 2440 371 2517 ptim
412 2440 475 2500 in
516 2438 667 2499 urbe
710 2440 998 2514 agrisque
1038 2438 1249 2499 haberi
1293 2439 1523 2515 placet,
1566 2439 1801 2500 mittere
1829 2440 1910 2499 ad
1951 2442 2182 2501 condu-

224 2524 421 2585 cenda
447 2524 737 2584 Afrorum
774 2524 1027 2597 auxilia,
1070 2523 1306 2584 munire
1345 2521 1590 2598 urbem,
1636 2524 1999 2584 frumentum
2041 2541 2183 2584 con·

229 2607 480 2683 vehere,
524 2608 646 2668 tela
690 2623 857 2667 arma
896 2623 1144 2683 parare,
1188 2606 1486 2667 instruere
1513 2623 1707 2668 naves
1737 2623 1812 2667 ac
1841 2608 2076 2668 mittere
2105 2608 2185 2669 ad

221 2690 568 2766 Hipponem
594 2690 895 2751 adversus
922 2692 1261 2752 Romanam
1291 2692 1572 2751 classem.
1627 2693 1746 2751 iam
1775 2692 1928 2753 haec
1957 2693 2182 2767 agenti·

221 2774 338 2834 bus
380 2775 625 2837 nuntius
662 2774 913 2834 tandem
952 2774 1117 2836 venit
1143 2775 1444 2847 Laelium,
1487 2781 1641 2835 non*
1653 2774 2036 2851 Scipionem,
2079 2792 2184 2837 co-

223 2858 505 2935 piasque,
538 2863 804 2935 quantae
827 2857 909 2917 ad
932 2857 1316 2919 incursiones
1337 2874 1620 2934 agrorum
1645 2860 1794 2919 satis
1819 2859 1955 2933 sint,
1986 2864 2182 2920 trans-

221 2948 466 3013 vectas3
510 2956 785 3003 summae
825 2940 968 3001 belli
1007 2943 1227 3002 molem
1270 2942 1472 3003 adhuc
1511 2943 1574 3003 in
1616 2942 1824 3004 Sicilia
1861 2958 2026 3005 esse.
2101 2942 2184 3005 ita

223 3024 587 3099 respiratum
605 3071 622 3100 ‚
679 3025 955 3100 mittique
994 3024 1076 3085 ad
1110 3025 1468 3103 Syphacem
1510 3026 1848 3102 legationes
1904 3028 2186 3101 aliosque

220 3108 469 3182 regulos
498 3110 833 3170 firmandae
859 3109 1171 3170 societatis
1200 3124 1392 3170 causa
1419 3119 1695 3186 coeptae.
1741 3110 1822 3170 ad
1842 3110 2183 3186 Philippum

225 3206 475 3267 quoque
504 3192 709 3267 missi,
754 3191 860 3270 qui
904 3192 1165 3253 ducenta
1200 3194 1434 3267 argenti
1463 3194 1690 3255 talenta
1731 3194 2180 3271 pollicerentur,

222 3282 289 3335 ut
328 3274 392 3335 in
422 3273 689 3337 Siciliam
728 3285 833 3341 aut
874 3277 937 3337 in
964 3276 1197 3337 ltaliam
1234 3275 1536 3338 traiceret.
1599 3278 1772 3339 missi
1813 3284 1874 3338 et
1911 3278 1991 3339 ad
2033 3294 2182 3339 suos

223 3359 629 3434 imperatores
656 3360 719 3419 in
746 3360 994 3435 ltaliam,
1040 3367 1112 3421 ut
1134 3359 1299 3419 omni
1323 3366 1557 3422 terrore
1585 3360 1938 3436 Scipionem
1965 3363 2182 3424 retine·

225 3454 385 3513 rent;
426 3444 507 3503 ad
536 3444 859 3519 Magonem
889 3460 1012 3505 non
1041 3443 1222 3519 legati
1252 3443 1474 3517 modo,
1519 3444 1632 3503 sed
1659 3444 1872 3517 viginti
1915 3445 2182 3520 quinque
