2550 3959
392 221 517 286 220
725 222 956 284 maun
983 221 1250 282 xxvm.
1298 221 1464 283 cAP.
1496 231 1546 282 1.
1593 223 1667 300 [a.
1698 227 1770 279 υ.
1800 241 1848 280 c.
1877 221 2006 300 w]

1047 451 1714 558 T1T1121v1

952 605 1062 665 ΑΒ
1103 603 1340 667 URBE
1387 601 1791 666 CONDITA

1106 719 1326 781 LIBER
1369 720 1639 780 XXVIII.

422 957 713 1011 EPITOME.
788 959 888 1008 Res
919 959 972 1008 in
992 959 1237 1024 Hispania
1269 970 1512 1022 prospere
1547 961 1723 1020 gestae
1752 967 1783 1003 a
1801 953 1972 1004 Silano
1993 953 2248 1022 Scipionis
2279 957 2355 1009 le-

492 1033 609 1094 gato
638 1033 687 1077 et
711 1026 775 1076 ab
802 1027 859 1076 L.
887 1025 1122 1091 Scipione
1142 1027 1296 1077 fratre
1312 1025 1558 1076 adversus
1576 1025 1800 1084 Poenos,
1837 1037 1868 1072 a
1886 1021 2112 1088 Sulpicio
2133 1039 2354 1092 procon-

493 1095 605 1147 sule
622 1101 671 1146 et
687 1095 751 1144 ab
762 1094 930 1147 Attalo
950 1110 1071 1160 rege
1089 1096 1245 1146 Asiae
1262 1095 1508 1146 adversus
1517 1091 1808 1158 Philippum
1828 1105 2010 1157 regem
2018 1093 2352 1146 Macedonum

493 1180 585 1231 pro
604 1163 797 1214 Aetolis
820 1163 1118 1214 reseruntur.
1158 1179 1272 1214 cum
1290 1163 1358 1212 M.
1384 1162 1528 1212 Livio
1549 1169 1598 1211 et
1617 1160 1824 1210 Claudio
1843 1159 2026 1210 Neroni
2051 1164 2351 1216 consulibus

491 1231 776 1299 triumphus
801 1232 1033 1283 decretus
1057 1239 1208 1293 esset,
1232 1232 1430 1290 Livius,
1459 1230 1547 1293 qui
1574 1231 1626 1279 in
1646 1229 1907 1295 provincia
1933 1244 2027 1280 sua
2045 1245 2153 1281 rem
2172 1248 2351 1299 gesse—

492 1309 585 1363 rat,
624 1302 886 1366 quadrigis
904 1301 1133 1351 invectus
1154 1307 1249 1366 est,
1276 1299 1427 1360 Nero,
1454 1299 1692 1362 quoniam
1714 1298 1766 1346 in
1787 1297 2015 1364 collegae
2033 1302 2349 1366 provinciam

490 1377 693 1421 venerat
709 1406 723 1431 ,
760 1377 815 1420 ut
838 1370 948 1419 eius
972 1371 1238 1420 victoriam
1265 1369 1556 1428 adiuvaret,
1596 1381 1726 1430 equo
1746 1375 1822 1418 est
1842 1375 2064 1429 secutus,
2102 1376 2152 1420 et
2176 1372 2228 1420 in
2249 1371 2352 1422 hoo

490 1439 663 1488 habitu
682 1438 797 1503 plus
816 1437 1009 1504 gloriae
1030 1439 1389 1504 dignitatisque
1408 1436 1609 1487 habuit:
1629 1451 1747 1485 nam
1767 1444 1816 1486 et
1833 1435 1948 1502 plus
1967 1437 2020 1486 in
2038 1437 2174 1489 bello
2196 1455 2349 1503 quam

492 1507 686 1572 collega
711 1506 917 1557 fecerat.
975 1507 1109 1572 ignis
1142 1507 1194 1556 in
1231 1506 1360 1556 aede
1381 1506 1570 1556 Vestae
1588 1505 1912 1571 neglegentia
1931 1506 2174 1572 virginis,
2216 1524 2370 1572 quae-

488 1589 587 1626 non
608 1574 940 1634 custodierat,
976 1577 1253 1626 exstinctus
1276 1582 1380 1634 est;
1415 1576 1560 1640 virgo
1583 1588 1734 1624 caesa
1757 1583 1834 1626 est
1849 1575 2026 1640 flagro.
2089 1577 2144 1626 P.
2169 1576 2349 1644 Scipio

490 1644 539 1692 in
558 1643 799 1708 Hispania
834 1657 949 1692 cum
968 1643 1150 1694 Poenis
1182 1642 1454 1714 debellavit
1477 1651 1652 1706 quarto
1679 1643 1874 1694 decimo
1912 1658 2043 1694 anno
2075 1645 2185 1695 eius
2205 1646 2347 1708 belli,

490 1712 663 1775 quinto
695 1719 811 1777 post
847 1726 977 1762 anno
1008 1727 1158 1775 quam
1188 1713 1340 1764 ierat:
1392 1711 1718 1774 exclusisque
1747 1713 1800 1760 in
1833 1719 1994 1762 totum
2021 1717 2350 1778 possessione

492 1780 602 1830 cius
631 1780 861 1831 hostibus
878 1780 1173 1846 Hispaniam
1203 1782 1410 1846 recepit.
1464 1790 1513 1832 et
1531 1782 1815 1831 Tarracone
1839 1781 1891 1830 in
1909 1780 2134 1832 Africam
2161 1785 2228 1834 ad
2251 1783 2348 1851 Sy-

487 1848 702 1914 phacem
722 1864 896 1915 regem
913 1851 1331 1900 Masaesuliorum
1354 1857 1672 1900 transvectus
1689 1848 1870 1899 foedus
1887 1850 2067 1900 iunxit.
2120 1851 2347 1904 Hasdru-

406 1967 411 1970 ,
488 1919 571 1968 bal
601 1917 838 1985 Gisgonis
862 1917 1064 1973 ibicum
1086 1919 1219 1969 eoin
1248 1920 1428 1969 eodem
1451 1919 1581 1970 lecto
1608 1918 1841 1969 accubuit
1862 1919 2176 1983 cenavitque.
2232 1937 2346 1973 mu-

488 2001 583 2035 nus
622 1987 981 2053 gladiatorium
1018 1989 1069 2037 in
1102 1987 1346 2038 honorem
1381 1987 1541 2052 patris
1577 1987 1844 2054 patruique
1879 1985 2169 2054 Carthagini
2210 2005 2346 2042 nova

489 2053 667 2120 edidit,
706 2069 806 2104 non
830 2070 892 2103 ex
912 2055 1298 2120 gladiatoribus,
1334 2057 1424 2105 sed
1450 2072 1514 2106 ex
1531 2057 1614 2123 iis,
1649 2057 1733 2119 qui
1759 2062 1845 2105 aut
1863 2055 2174 2108 inhonorem
2201 2060 2346 2111 ducis

486 2129 573 2170 aut
598 2137 661 2170 ex
683 2125 1043 2187 provocatione
1074 2124 1473 2190 descendebant3
1510 2125 1562 2175 in
1585 2139 1684 2188 quo
1706 2125 1869 2190 reguli
1893 2125 2074 2177 fratres
2099 2127 2163 2177 de
2183 2143 2346 2195 regno

488 2189 621 2242 i'erro
640 2191 1022 2243 contenderunt.
1084 2207 1197 2243 cum
1222 2192 1418 2258 Astapa
1440 2194 1562 2244 urbs
1585 2194 1648 2244 ab
1671 2192 1913 2244 Romanis
1941 2205 2343 2264 oppugnaretur,

484 2260 728 2326 oppidani
757 2259 942 2312 liberos
978 2269 1028 2312 et
1050 2263 1294 2328 coniuges
1313 2277 1441 2328 rogo
1476 2269 1729 2314 exstructo
1768 2263 2076 2332 occiderunt,
2113 2273 2162 2316 et
2184 2281 2242 2316 se
2265 2268 2343 2316 in-

486 2343 640 2395 super
657 2329 1129 2395 praecipitaverunt.
1192 2333 1305 2397 ipse
1325 2329 1516 2398 Scipio,
1553 2331 1674 2382 dum
1693 2333 1836 2396 gravi
1860 2333 2035 2384 morbo
2064 2334 2343 2400 implicitus

484 2403 590 2463 est,
624 2398 925 2449 seditionem
960 2400 1012 2448 in
1046 2406 1189 2464 parte
1216 2401 1469 2450 exercitus
1509 2407 1698 2450 motam
1727 2400 2050 2452 confirmatus
2079 2403 2341 2471 discussit,

484 2465 889 2532 rebellantesque
906 2467 1181 2535 Hispaniae
1203 2469 1424 2535 populos
1447 2469 1614 2536 coegit
1637 2469 1692 2518 in
1713 2470 2020 2521 deditionem
2044 2473 2234 2523 venire.
2293 2482 2343 2523 et

484 2535 707 2585 amicitia
736 2535 872 2587 facta
900 2553 1015 2587 cum
1032 2537 1304 2600 Masinissa
1331 2551 1453 2602 rege
1477 2537 1828 2604 Numidarum,
1863 2541 1952 2603 qui
1973 2539 2052 2590 illi
2073 2541 2338 2602 auxilium,

478 2605 525 2654 si
549 2603 602 2652 in
620 2603 850 2655 Ali-icam
876 2606 1175 2673 traiecisset,
1208 2605 1562 2671 pollicebatur,
1587 2621 1704 2657 cum
1726 2606 1986 2658 Gaditanis
2005 2625 2204 2674 quoque
2225 2619 2340 2675 post

480 2672 766 2724 discessum
786 2673 905 2724 iude
926 2675 1187 2739 MagoniS,
1227 2674 1399 2725 culex
1427 2672 1729 2740 Carthagine
1759 2678 2005 2742 scriptum
2035 2685 2168 2745 erat,
2205 2686 2260 2729 ut
2286 2680 2335 2729 in

480 2739 678 2796 Italiam
712 2741 961 2808 traiceret,
998 2743 1213 2793 Romam
1246 2757 1482 2792 reversus
1514 2743 1792 2808 consulque
1830 2753 2046 2797 creatus.
2109 2746 2336 2798 Africam

478 2809 795 2874 provinciam
813 2811 1021 2877 petenti,
1059 2819 1233 2861 contra
1261 2812 1461 2861 dicente
1481 2810 1540 2870 Q.
1559 2811 1714 2863 Fabio
1741 2813 1980 2878 Maximo,
2019 2814 2194 2864 Sicilia
2219 2817 2336 2869 data

478 2884 584 2943 est,
615 2879 1050 2945 permissumque,
1086 2888 1142 2928 ut
1168 2880 1219 2930 in
1238 2880 1463 2929 Africam
1491 2881 1753 2947 traiceret,
1789 2882 1834 2931 si
1869 2899 1898 2933 e
1923 2897 1977 2933 re
1998 2884 2200 2949 publica
2223 2899 2336 2934 esse

476 2953 721 2996 censeret.
778 2947 927 3011 Mago
948 2947 1247 2998 Hamilcaris
1270 2947 1408 2998 filius
1431 2963 1462 2998 a
1481 2949 1662 3000 minori
1687 2950 1872 3000 Baliari
1907 2951 2091 3018 insula,
2122 2953 2209 3003 ubi
2229 2952 2336 3002 hie-

478 3021 721 3080 maverat,
759 3014 810 3062 in
835 3015 1031 3065 Italiam
1052 3017 1265 3066 traiecit.
1856 3032 1873 3041 ³

542 3114 587 3174 Ι.
648 3113 794 3175 Cum
823 3117 1080 3177 transitu
1107 3117 1528 3191 Hasdrubalis,
1563 3124 1848 3193 quantum
1878 3118 1936 3177 in
1967 3118 2198 3180 Italiam
2230 3119 2334 3180 de-

376 3197 709 3260 clinaverat
734 3197 897 3274 belli,
942 3206 1170 3260 tantum
1198 3202 1438 3262 levatae
1465 3200 1799 3276 Hispaniae
1827 3201 2195 3278 viderentur,
2239 3219 2331 3263 re-

374 3289 579 3343 natum
624 3282 707 3342 ibi
758 3282 960 3344 subito
1012 3300 1125 3359 par
1170 3283 1360 3360 priori
1412 3283 1634 3345 bellum
1683 3291 1794 3345 est.
1881 3285 2209 3362 Hispanias
2259 3301 2330 3347 ea

372 3369 732 3442 tempestate
783 3365 873 3428 sic
920 3366 1225 3428 habebant
1270 3367 1529 3429 Romani
1577 3367 1920 3444 Poenique=
1985 3370 2331 3432 Hasdrubal

375 3445 661 3526 Gisgonis
707 3449 870 3522 filius
913 3450 993 3511 ad
1026 3450 1331 3512 Oceanum
1355 3445 1601 3528 penitus
1635 3451 1964 3531 Gadesque
2005 3468 2327 3514 concesse-
