2550 3959
387 226 515 293 324
778 228 1005 289 LIBER
1024 228 1209 290 XXX.
1248 228 1416 294 CAP.
1437 236 1492 288 2.
1514 234 1566 290 a.
1601 234 1673 301 [a.
1701 230 1769 287 υ.
1791 250 1841 287 0.
1866 235 1990 301 549]

388 383 710 458 amplexus
758 386 883 451 est;
948 380 1235 441 circulum
1279 373 1503 440 deinde
1543 378 1747 455 ipsum
1773 379 1972 440 maior
1998 380 2149 441 solis
2177 382 2351 445 orbis

387 466 770 527 extrinsecus
813 466 1072 525 inclusit.
1140 464 1359 539 Arpini
1400 470 1564 523 terra
1609 464 1934 541 campestri
1975 478 2124 539 agro
2167 464 2230 524 in
2261 466 2350 525 in·

387 558 627 625 gentem
660 550 859 609 sinum
890 547 1189 609 consedit.
1247 547 1568 608 consulum
1600 546 1772 606 alteri
1804 548 2060 621 primam
2087 547 2350 609 hostiam

384 633 718 694 immolanti
760 638 945 708 caput
983 631 1271 693 iocineris
1316 631 1526 692 defuit.
1593 646 1670 690 ea
1698 630 1982 707 prodigia
2013 632 2348 693 maioribus

386 718 603 778 hostiis
650 724 1002 793 procurata,
1048 716 1193 775 editi
1222 731 1260 775 a
1291 714 1549 789 collegio
1593 715 1953 789 pontificum
1994 715 2092 774 dei
2123 716 2348 789 quibus

388 801 853 861 sacrificaretur.

552 884 652 941 m
698 884 809 943 His
850 884 1175 943 transactis
1219 884 1508 943 consules
1540 888 1984 957 praetore-sque
2011 881 2074 940 in
2103 882 2349 957 provin-

387 968 517 1025 cias
546 968 823 1041 profecti.
887 966 1169 1027 omnibus
1202 974 1430 1039 tamen,
1460 967 1629 1025 velut
1651 980 1788 1024 eam
1818 964 2068 1038 sortitis,
2100 965 2348 1025 Africae

386 1066 537 1110 cura
565 1057 711 1125 erat,
746 1066 863 1111 seu
894 1051 1036 1126 quia
1064 1050 1145 1110 ibi
1176 1064 1474 1110 summam
1504 1064 1709 1109 rerum
1736 1049 2006 1123 bellique
2033 1048 2188 1109 verti
2217 1064 2347 1108 eer-

384 1134 626 1206 nebant,
661 1151 774 1195 seu
796 1143 861 1196 ut
884 1134 1158 1209 Scipioni
1182 1134 1686 1208 gratificarentur,
1717 1132 1776 1191 in
1803 1140 2129 1207 querutum
2148 1132 2346 1194 omnis

385 1232 567 1277 versa
598 1219 813 1279 civitas
857 1225 1003 1279 erat.
1076 1218 1286 1293 itaque
1311 1232 1436 1277 non
1465 1233 1544 1277 ex
1575 1216 1858 1277 Sardinia
1885 1223 2146 1290 tantum,
2190 1217 2351 1278 sicut

386 1308 525 1361 ante
556 1302 781 1383 dictum
814 1310 937 1376 est,
980 1302 1094 1361 sed
1124 1316 1201 1360 ex
1232 1300 1440 1361 Sicilia
1469 1316 1719 1376 quoque
1749 1307 1812 1360 et
1837 1300 2136 1375 Hispania
2161 1302 2347 1361 vesti·

384 1393 588 1446 menta
628 1348 1145 1461 frumentumque,
1190 1393 1249 1445 et
1289 1402 1460 1445 arma
1496 1384 1680 1445 etiam
1721 1398 1800 1443 ex
1831 1383 2039 1444 Sicilia
2079 1392 2140 1445 et
2167 1398 2349 1444 omne

384 1484 582 1543 genus
626 1477 1001 1531 commeatus
1040 1484 1118 1529 eo
1155 1470 1580 1545 portabantur.
1645 1484 1762 1528 nec
1791 1466 2003 1543 Scipio
2045 1470 2170 1529 ullo
2199 1474 2348 1527 tem-

386 1568 539 1628 pore
576 1554 793 1614 hiemis
833 1554 973 1613 belli
1004 1568 1196 1629 opera
1222 1554 1570 1626 remiserat,
1615 1566 1776 1627 quae
1803 1554 1994 1612 multa
2020 1553 2202 1613 simul
2229 1568 2344 1613 un-

386 1638 573 1711 dique
622 1654 760 1697 eum
804 1638 1307 1699 circumstabantz
1351 1637 1588 1698 Uticam
1635 1635 1994 1706 obsidebat3
2037 1644 2242 1696 castra
2285 1636 2343 1696 ir

386 1732 725 1797 conspectu
768 1720 1169 1781 Hasdrubalis
1217 1727 1426 1791 erant3
1491 1719 2030 1795 Carthaginienses
2068 1720 2347 1781 deduxe-

384 1814 520 1866 rant
548 1822 768 1876 naveS,
816 1808 1079 1865 classem
1112 1812 1388 1879 paratam
1417 1806 1904 1878 instructamque
1931 1804 2010 1863 ad
2043 1818 2347 1866 commea-

383 1895 481 1949 tus
510 1889 989 1964 intercipiendos
1018 1888 1348 1949 habebant.
1392 1890 1555 1949 Inter
1583 1888 1740 1948 haec
1767 1902 1848 1947 ne
1871 1886 2183 1966 Syphacis
2213 1888 2346 1963 qui-

384 1974 523 2031 dem
560 1973 996 2033 reconciliandi
1040 1988 1246 2031 euram
1288 1988 1368 2032 ex
1409 1974 1612 2034 animo
1641 1972 1919 2045 miserat,
1963 1972 2015 2031 si
2043 1973 2200 2033 forte
2226 1972 2348 2031 iam

384 2056 533 2115 satis
574 2057 803 2115 amoris
844 2055 903 2114 in
944 2071 1143 2115 uxore
1182 2072 1261 2114 ex
1304 2059 1491 2116 multa
1529 2056 1714 2131 eopia
1756 2056 2046 2130 cepisset.
2114 2054 2192 2114 ab
2221 2054 2345 2134 Sy-

388 2139 589 2213 phace
613 2138 808 2213 magis
839 2140 1011 2213 pacis
1042 2154 1179 2198 cum
1204 2138 1808 2215 Ganhaginiensibus
1835 2139 2251 2213 condicioneS,
2284 2147 2350 2199 ut

382 2222 642 2283 Romani
670 2222 911 2295 Africa,
949 2222 1136 2283 Poeni
1167 2222 1339 2283 Italia
1369 2225 1771 2298 excederent,
1815 2240 2029 2299 quam,
2076 2224 2130 2283 si
2163 2224 2349 2283 bella-

386 2314 567 2378 tetur,
602 2322 750 2381 spes
779 2308 903 2367 ulla
932 2307 1306 2367 desciturum
1341 2308 1751 2369 adserebatur.
1789 2307 1943 2367 haee
1965 2324 2078 2382 per
2097 2308 2350 2367 nuntios

384 2399 520 2451 aeta
546 2390 745 2465 magis
774 2391 1057 2465 equidem
1088 2393 1625 2451 crediderim—-et
1649 2393 1730 2452 ita
1754 2408 1902 2467 pars
1922 2390 2116 2452 maior
2137 2401 2348 2451 aucto—

392 2490 484 2534 res
528 2484 669 2535 sunt
696 2510 778 2518 ——
810 2492 993 2550 quam
1035 2477 1234 2550 ipsum
1282 2475 1664 2554 Syphacem,
1705 2481 1773 2535 ut
1810 2476 2030 2535 Antias
2059 2475 2346 2535 Valerius

385 2560 616 2633 prodit,
656 2558 717 2617 in
753 2567 954 2619 castra
981 2561 1255 2619 Romana
1298 2560 1378 2619 ad
1409 2558 1782 2633 colloquium
1812 2561 2077 2619 venisse.
2148 2560 2347 2635 primo

382 2658 490 2701 eas
522 2643 921 2702 condiciones
951 2642 1283 2716 imperator
1304 2644 1618 2706 Romanus
1647 2644 1754 2702 vix
1783 2642 2034 2703 auribus
2066 2644 2348 2712 admisit;

387 2731 616 2798 postea,
647 2733 715 2784 ut
744 2742 932 2785 causa
955 2726 1290 2801 probabilis
1314 2727 1444 2788 suis
1471 2727 1855 2787 commeandi
1877 2728 2035 2787 foret
2057 2727 2116 2786 in
2143 2734 2346 2787 castra

384 2809 675 2881 hostium,
720 2811 959 2869 mollius
991 2812 1205 2870 eadem
1236 2812 1338 2869 illa
1367 2811 1638 2871 abnuere
1665 2826 1740 2870 ae
1769 2826 1944 2885 spem
1973 2813 2178 2870 facere
2205 2826 2346 2871 sae-

383 2894 519 2967 pius
548 2895 707 2952 ultro
734 2894 1013 2969 citroque
1042 2895 1409 2968 agitantibus
1437 2910 1570 2954 rem
1599 2902 2057 2955 conventuram.

547 2974 956 3036 Hibernacula
998 2976 1612 3053 Carthaginiensium,
1657 2986 1954 3053 cong-esta
1993 2987 2221 3039 temere
2263 2994 2344 3038 ex

380 3060 545 3133 agris
574 3062 826 3120 materia
854 3062 1273 3135 exaedificata,
1307 3064 1506 3137 lignea
1534 3064 1723 3123 ferme
1751 3069 1879 3123 tota
1907 3070 2096 3123 erant.
2139 3062 2342 3121 Numi·

380 3146 497 3203 dae
537 3144 871 3219 praecipue
912 3142 1253 3205 harundine
1295 3148 1484 3207 textis·
1516 3153 1848 3221 storeaque
1891 3162 2036 3220 pars
2079 3146 2342 3205 maxima

381 3228 553 3289 tectis
579 3228 811 3303 passim
842 3230 1009 3288 nullo
1040 3229 1273 3304 ordine,
1307 3231 1574 3306 quidam,
1611 3238 1679 3292 ut
1707 3231 1842 3291 sine
1871 3230 2126 3305 imperio
2154 3244 2314 3290 occu

382 3312 538 3383 patis
588 3313 773 3387 lociS,
830 3320 1001 3373 extra
1054 3314 1286 3373 fossam
1337 3315 1514 3374 etiam
1566 3316 1918 3390 vallumque
1968 3314 2325 3374 habitabant

380 3393 533 3473 haec
575 3397 765 3456 relata
814 3396 1085 3472 Scipioni
1137 3412 1312 3473 spem
1367 3399 1640 3459 fecerant
1679 3406 1883 3459 castra
1921 3398 2186 3459 hostium
2231 3414 2343 3473 per

379 3478 767 3540 occasionem
810 3480 1196 3542 incendendi.
1269 3482 1374 3541 IV.
1418 3498 1556 3543 eum
1595 3483 1844 3559 legatis,
1887 3498 2047 3557 quos
2083 3482 2340 3543 mittere¹
