2550 3959
544 233 775 296 LIBER
801 233 1013 295 XXVI.
1060 233 1342 295 CAP.18.
1377 242 1458 297 19.
1505 238 1578 308 [ι.
1604 239 1670 292 c,
1699 238 1832 307 nn]
2044 230 2169 297 123

200 384 394 448 modo
440 382 558 445 sed
599 384 781 444 etiam
820 381 1099 444 homines
1137 380 1203 441 P.
1245 381 1521 459 Scipioni
1564 382 1882 460 imperium
1923 400 2066 446 esse
2106 386 2166 446 in

206 468 509 546 Hispania
548 467 877 528 iusserunt.
941 472 1205 527 ceterum
1233 472 1381 543 post
1405 482 1534 527 rem
1574 474 1789 543 actam,
1831 474 1898 529 ut
1925 470 2044 529 iam
2071 484 2170 531 rea
2205 480 2236 509 ⁶

208 552 461 613 sederat
488 551 752 629 impetus
783 550 1118 611 animorum
1146 551 1472 627 ardorque,
1503 551 1806 613 silentium
1835 550 2036 613 subito
2069 568 2162 613 or-

206 645 332 698 tum
360 642 425 697 et
451 637 635 696 tacita
657 634 959 711 cogitatio,
991 634 1280 711 quidnam
1311 635 1625 711 egissent?
1665 652 1810 696 num
1831 636 2008 697 favor
2027 638 2166 713 plus

211 720 511 781 valuisset
540 736 721 796 quam
750 720 949 779 ratio?
979 719 1192 779 aetatis
1220 720 1484 779 maxime
1512 720 1886 796 paenitebat=
1917 720 2166 797 quidam

212 806 515 865 fortunam
558 804 737 864 etiam
780 804 997 863 domus
1040 802 1370 863 horrebant
1409 820 1754 879 nomenque
1783 822 1862 865 ex
1905 804 2165 865 funestis

210 886 453 949 duabus
508 887 749 948 familiis
802 887 861 947 in
917 902 1023 947 eas
1077 886 1457 963 provincias,
1521 887 1626 949 ubi
1680 888 1835 948 inter
1883 890 2169 965 sepulcra

214 972 405 1048 patris
464 974 791 1048 patruique
846 986 947 1031 res
1009 971 1317 1047 gerendae
1380 978 1619 1047 essent,
1696 972 2164 1048 proficiscentis.

211 1056 363 1115 XIX.
406 1072 594 1131 ,quam
620 1056 727 1116 ubi
756 1056 831 1115 ab
852 1072 925 1117 re
947 1060 1113 1116 tanto
1145 1055 1374 1130 impetu
1401 1060 1538 1115 acta
1567 1056 2032 1117 sollicitudinem
2061 1072 2166 1117 cu-

213 1156 465 1216 ramque
494 1139 805 1201 hominum
846 1138 1292 1211 animadvertit,
1337 1140 1638 1213 advocata
1667 1140 1949 1203 contione
1977 1140 2060 1201 ita
2088 1142 2167 1201 de

212 1230 412 1284 aetate
441 1240 555 1283 sua
583 1222 964 1301 imperioque
990 1222 1275 1283 mandato
1306 1230 1367 1283 et
1392 1222 1584 1297 bello,
1631 1226 1801 1301 quod
1829 1225 2165 1299 gerundum

213 1315 410 1382 esset,
447 1323 668 1385 magno
698 1308 981 1381 elatoque
1010 1308 1211 1367 animo
1242 1306 1558 1379 disseruit,
1603 1315 1670 1367 ut
1710 1308 1990 1369 ardorem
2024 1323 2160 1369 eum

214 1391 313 1466 qui
342 1391 663 1452 resederat
689 1391 980 1451 excitaret
1006 1406 1216 1451 rursus
1234 1398 1642 1468 nova-etque,
1663 1398 1736 1453 et
1757 1392 2036 1469 impleret
2055 1392 2163 1453 ho-

212 1476 410 1537 mines
454 1475 729 1536 certioris
770 1476 933 1552 spei,
984 1491 1167 1549 quam
1208 1483 1494 1552 quantam
1535 1476 2013 1553 fidespi'fflnbsi
2044 1477 2162 1539 hu-

214 1560 372 1619 mani
406 1564 512 1620 aut
535 1560 690 1620 ratio
722 1574 800 1619 ex
829 1559 1054 1620 fiducia
1081 1574 1283 1620 rerum
1313 1560 1592 1621 subicere
1623 1561 1799 1622 solet.
1868 1562 1976 1623 fuit
2003 1562 2164 1623 enirn

210 1642 423 1721 Scipio
448 1660 572 1704 non
598 1644 761 1703 veris
782 1648 1014 1703 tantum
1043 1642 1361 1704 virtutibus
1379 1644 1688 1719 mirabilis,
1720 1646 1834 1705 sed
1861 1653 1990 1705 arte
2013 1662 2163 1721 quo-

216 1742 332 1809 que
365 1727 633 1802 quadam
661 1726 736 1787 ab
766 1728 1011 1788 iuventa
1038 1726 1097 1785 ln
1131 1728 1595 1788 ostentationem
1623 1744 1829 1787 earum
1857 1731 2166 1805 composi-

204 1820 339 1887 ωε,
390 1812 683 1887 pleraque
725 1813 888 1887 apud
925 1810 1364 1871 multitudinem
1405 1818 1506 1871 aut
1536 1826 1644 1887 per
1673 1816 1999 1873 nocturnas
2027 1813 2166 1873 visa

214 1896 459 1973 speeies
502 1902 605 1956 aut
632 1895 797 1955 velut
836 1894 1125 1956 divinitus
1168 1902 1368 1955 mente
1395 1895 1625 1957 monita
1664 1910 1886 1971 agem,
1931 1897 2064 1957 sive
2107 1904 2166 1956 et

210 1981 348 2055 ipse
392 1980 553 2055 capti
598 1980 862 2055 quadam
902 1978 1338 2056 superstitione
1380 1980 1591 2054 animi,
1641 1980 1772 2040 sivc
1811 1988 1876 2041 ut
1915 1980 2170 2057 imperia

214 2062 599 2139 consiliaque
627 2064 793 2123 velut
814 2071 980 2123 sorte
1011 2064 1238 2124 oraculi
1268 2064 1460 2125 missa
1481 2064 1615 2125 sine
1644 2066 2028 2127 cunctatione
2059 2080 2164 2125 ex-

214 2154 639 2225 sequerentur.
702 2148 783 2207 ad
822 2149 941 2208 hoc
980 2148 1098 2208 iam
1142 2149 1284 2209 inde
1315 2149 1392 2209 ab
1433 2148 1602 2209 initio
1633 2163 2009 2225 praeparans
2038 2150 2165 2209 ani-
2225 2223 2246 2230 ρ

213 2248 368 2304 mos,
401 2248 482 2292 ex
511 2248 633 2308 quo
661 2239 863 2307 togam
886 2231 1119 2291 virilem
1148 2232 1425 2309 sumpsit,
1455 2233 1620 2293 nullo
1652 2233 1752 2291 die
1781 2234 1952 2309 prius
1982 2234 2167 2294 ullam

212 2315 524 2393 publicam
551 2316 972 2393 privatamque
1002 2332 1127 2376 rem
1158 2318 1296 2393 egit,
1343 2332 1526 2393 quam
1555 2316 1615 2376 in
1647 2316 2007 2392 Capitolium
2037 2318 2168 2383 iret,

212 2402 657 2476 ingressusque
686 2400 895 2460 aedem
928 2400 1275 2461 consideret
1303 2406 1363 2460 et
1391 2401 1748 2476 plerumque
1777 2402 1952 2463 solus
1981 2402 2042 2460 in
2071 2416 2168 2460 se-

215 2492 383 2545 creto
424 2484 509 2545 ibi
552 2491 787 2561 tempus
819 2491 1053 2544 tereret.
1120 2484 1217 2543 hic
1248 2499 1404 2557 mOS,
1444 2500 1625 2558 quem
1656 2480 2049 2560 peromnem
2081 2484 2169 2542 vi·

217 2585 337 2628 tam
366 2568 684 2640 servabat,
731 2584 843 2629 seu
872 2570 1151 2630 consulto
1183 2583 1296 2628 seu
1327 2572 1551 2627 temere
1585 2568 1866 2642 vulgatae
1896 2566 2169 2645 opinioni

212 2653 402 2713 Iidem
442 2653 611 2729 apud
654 2652 955 2729 quosdam
996 2652 1139 2712 fecit
1178 2659 1241 2712 ut
1281 2652 1486 2728 stirpis
1531 2667 1669 2712 eum
1703 2650 1949 2712 divinae
1975 2652 2170 2711 virum

213 2752 360 2797 esse
404 2736 755 2806 crederent;
798 2736 1143 2811 rettulitque
1186 2736 1403 2795 samam
1451 2735 1511 2795 in
1551 2736 1905 2795 Alexandro
1949 2750 2168 2810 magno

212 2822 385 2897 prius
432 2822 765 2896 vulgatam,
810 2826 869 2880 et
910 2822 1171 2881 vanitate
1211 2826 1269 2879 et
1300 2819 1504 2879 fabula
1534 2834 1770 2894 parem,
1816 2820 2033 2895 anguis
2063 2820 2168 2877 im·

214 2905 413 2965 manis
460 2903 783 2967 concubitu
826 2910 1215 2981 conceptum,
1264 2910 1324 2963 et
1365 2903 1423 2962 in
1467 2903 1748 2963 cubiculo
1793 2905 2000 2965 matris
2039 2902 2170 2963 eius

215 2990 414 3049 visam
450 3004 753 3066 persaepe
784 2988 1047 3065 prodigii
1078 2989 1211 3048 eius
1244 2986 1533 3063 speciem,
1567 2987 2031 3065 interventuque
2059 2987 2172 3047 ho-

216 3072 446 3133 minum
487 3074 791 3134 evolutam
831 3080 1081 3149 repente
1121 3078 1304 3147 atque
1347 3086 1425 3131 ex
1469 3072 1663 3132 oeulis
1706 3072 2000 3148 elapsam.
2077 3070 2172 3129 his

216 3156 526 3217 miraculis
568 3172 899 3234 numquam
940 3156 1017 3214 ab
1058 3156 1195 3233 ipso
1236 3156 1409 3214 elusa
1437 3154 1594 3215 fides
1623 3162 1749 3223 cst-3
1797 3155 1938 3231 quin
1971 3152 2174 3231 ponus

219 3246 397 3301 aucta
418 3246 547 3301 arte
572 3241 836 3317 quadam
862 3254 977 3299 nec
1008 3238 1314 3299 abnuendi
1341 3238 1462 3298 tale
1487 3238 1811 3313 quiequam
1833 3252 1947 3297 nee
1972 3238 2175 3313 palam

218 3324 604 3389 adfirmandi.
647 3324 831 3385 multa
858 3323 977 3391 alia
1006 3322 1282 3383 eiusdem
1309 3323 1571 3397 generis,
1599 3320 1719 3380 alia
1745 3336 1891 3381 vera
1919 3321 2039 3381 alia
2067 3320 2175 3382 ad-

222 3407 521 3481 simulata,
554 3405 969 3469 admirationis
1000 3406 1300 3467 humanae
1328 3404 1390 3464 in
1422 3420 1496 3463 eo
1529 3404 1749 3464 iuvene
1777 3410 2175 3465 excesserant

224 3494 502 3564 modum3
566 3492 789 3570 quibus
832 3492 985 3553 freta
1025 3497 1166 3551 tunc
1210 3487 1426 3548 civitas
1470 3487 1650 3548 aetati
1695 3486 2171 3564 haudquaquam
