2550 3959
544 201 775 263 LIBER
802 202 1013 261 XXIX.
1056 202 1220 262 CAP.
1250 213 1338 264 25.
1371 211 1456 267 26.
1505 210 1577 277 [a.
1609 210 1674 262 c.
1705 210 1831 277 204]
2039 202 2163 267 307

196 353 344 431 poni
386 352 610 413 malim.
674 352 925 415 Coelius.
949 359 1017 414 ut
1056 354 1325 415 abstinet
1351 370 1636 431 numero,
1681 356 1764 415 ita
1793 357 1874 417 ad
1914 356 2164 417 Immen-

192 454 331 501 sum
371 435 768 498 multitudinis
796 436 1069 513 speciem
1111 444 1322 513 auget·
1368 440 1654 500 volucres
1685 439 1766 499 ad
1805 446 2030 501 terram
2059 441 2161 502 de-

191 525 403 600 lapsas
455 520 721 582 clamore
770 520 1017 581 militum
1070 521 1181 598 ait,
1236 529 1420 597 atque
1460 529 1686 584 tantam
1725 524 2166 587 multitudinem

194 605 641 667 conscendisse
682 620 906 679 naves,
948 611 1015 665 ut
1042 620 1223 667 nemo
1252 606 1594 668 mortalium
1635 615 1742 669 aut
1770 608 1829 667 in
1865 608 2036 669 Italia
2063 615 2167 669 aut

190 691 253 752 in
282 688 491 753 Sicilia
516 688 779 764 relinqui
809 689 1135 749 videretur.

358 772 587 835 Milites
624 779 693 833 ut
728 788 922 833 naves
967 771 1184 833 ordine
1226 788 1302 835 ac
1330 774 1464 834 sine
1491 776 1742 836 tumultu
1788 777 2164 837 conscende-

191 866 356 933 rent,
402 857 541 935 ipse
581 872 721 918 eam
747 856 869 919 sibi
908 872 1115 917 euram
1144 857 1428 934 sumpsit.
1493 860 1774 921 nauticos
1807 860 1868 922 C.
1900 860 2162 933 LaeliuS,

195 943 299 1020 qui
329 942 550 1003 classis
579 942 931 1017 praefectus
962 946 1109 1014 erat,
1150 939 1212 1000 in
1240 940 1523 1015 navibuS,
1568 950 1710 1004 ante
1738 944 2162 1005 conscendere

194 1031 479 1101 coactoS,
524 1025 835 1087 continuit.
901 1029 1280 1086 commeatus
1324 1026 1680 1101 imponendi
1708 1027 1787 1087 M.
1817 1027 2165 1104 Pomponio

192 1109 463 1187 praetori
493 1124 640 1171 cura
668 1110 839 1169 dataa
886 1108 1159 1185 quinque
1200 1114 1262 1170 et
1299 1109 1706 1186 quadraginta
1736 1109 1971 1172 dierum
1999 1111 2163 1171 ciba—

193 1196 299 1270 ria,
330 1210 365 1255 e
397 1194 617 1271 quibus
642 1193 992 1269 quindecim
1016 1192 1252 1253 dierum
1285 1200 1476 1266 cocta,
1510 1191 1816 1270 imposita.
1857 1200 1926 1256 ut
1948 1211 2162 1258 omnes

191 1281 311 1339 iam
340 1280 400 1339 in
428 1275 689 1338 navibus
718 1284 905 1351 erant,
950 1276 1218 1353 scaphas
1250 1277 1658 1351 circummisit,
1700 1285 1767 1339 ut
1794 1294 1873 1339 ex
1900 1278 2162 1341 navibus

191 1364 756 1441 gubernatoresque
795 1368 859 1423 et
881 1360 1155 1459 magistri
1186 1362 1432 1423 navium
1475 1362 1534 1421 et
1560 1361 1687 1421 bini
1714 1363 1936 1423 milites
1977 1362 2039 1422 in
2073 1364 2160 1423 fo-

194 1463 329 1508 mm
356 1445 756 1507 convenirent
794 1444 922 1505 ad
906 1445 1164 1543 imperia
1201 1445 1584 1521 accipienda.
1652 1453 1984 1523 postquam
2017 1462 2162 1506 con-

195 1535 519 1604 venerunt,
566 1529 826 1608 primum
844 1529 979 1591 ab
964 1530 1038 1589 iis
1070 1530 1407 1606 quaesivit,
1453 1530 1507 1591 si
1547 1545 1772 1605 aquam
1810 1530 2188 1626 hominibusJ

195 1614 607 1690 iumentisque
649 1614 709 1673 in
754 1613 1005 1674 totidem
1049 1613 1183 1673 dies
1232 1620 1383 1690 quot
1424 1614 1787 1675 frumentum
1830 1593 2188 1691 imposuis-

195 1705 348 1759 sent.
411 1697 518 1759 ubi
556 1699 1012 1773 responderunt
1051 1713 1277 1772 aquam
1322 1698 1556 1758 dierum
1599 1698 1872 1775 quinque
1913 1705 1976 1760 et
2009 1715 2158 1773 qua-

193 1781 507 1859 draginta
492 1798 553 1841 m
579 1782 841 1843 navibus
870 1796 1031 1856 esse,
1064 1789 1187 1842 tum
1218 1780 1410 1842 edixit
1431 1781 1740 1857 militibuS,
1768 1788 1836 1846 ut
1857 1781 2160 1843 silentium

195 1866 383 1945 quieti
434 1866 635 1927 nautis
684 1866 819 1927 sine
860 1864 1188 1927 certamine
1238 1866 1320 1927 ad
1369 1864 1704 1927 ministeria
1758 1866 2161 1941 exsequenda

195 1952 353 2012 bene
383 1950 741 2011 obedientes
772 1956 1171 2027 praestarent.
1252 1966 1393 2010 cum
1420 1949 1634 2027 viginti
1661 1950 1944 2011 rostratis
1986 1966 2056 2011 se
2088 1964 2160 2009 ae

192 2036 256 2095 L.
288 2034 640 2111 Scipionem
668 2034 745 2095 ab
776 2034 995 2095 dextro
1028 2049 1237 2107 cornu,
1269 2036 1530 2112 laevum,
1559 2034 1810 2097 totidem
1841 2041 2157 2107 rostrataS,

192 2126 253 2179 et
293 2118 356 2180 C.
387 2117 665 2179 Laelium
711 2119 1083 2195 praefectum
1128 2120 1348 2180 classis
1389 2134 1525 2180 eum
1565 2118 1648 2178 M.
1675 2118 1891 2180 Porcio
1933 2119 2161 2180 Catone

189 2234 275 2248 -
318 2206 609 2278 quaestor
636 2202 691 2264 is
722 2209 845 2263 tum
878 2209 1008 2264 erat
1045 2234 1133 2245 —-
1174 2202 1471 2263 onerariis
1516 2203 1782 2264 futurum
1824 2203 2157 2279 praesidio.

192 2287 417 2349 lumina
446 2286 504 2347 in
536 2285 795 2347 navibus
827 2286 1068 2363 singula
1092 2290 1412 2362 rostratae,
1453 2285 1600 2348 bina
1629 2286 1946 2349 onerariae
1974 2286 2158 2345 habe-

192 2379 355 2433 rentz
385 2372 447 2432 in
476 2370 783 2452 praetoria
812 2385 971 2431 nave
1002 2368 1243 2446 insigne
1271 2377 1635 2432 nocturnum
1658 2370 1835 2432 trium
1865 2366 2158 2431 luminum

193 2457 343 2516 fore.
407 2455 699 2532 Emporia
722 2460 789 2517 ut
817 2460 1122 2531 peterent,
1164 2452 1678 2531 gubernatoribus
1721 2454 1928 2515 edixit.
1998 2452 2159 2513 ferti·

191 2539 465 2601 lissimus
506 2554 684 2617 ager,
728 2554 929 2615 eoque
972 2538 1298 2600 abundans
1329 2537 1594 2598 omnium
1625 2537 1807 2613 copia
1833 2552 2036 2597 rerum
2065 2543 2161 2598 est

192 2624 383 2700 regio,
424 2630 485 2684 et
512 2622 822 2697 imbelles,
870 2624 1039 2699 quod
1069 2621 1432 2700 plerumque
1461 2623 1520 2682 in
1550 2619 1725 2683 uberi
1755 2637 1904 2697 agro
1937 2620 2158 2693 evenit,

194 2706 435 2769 barbari
485 2713 659 2778 sunt3
723 2706 1025 2783 priusque
1071 2722 1255 2784 quam
1300 2706 1662 2782 Cas-thagine
1715 2705 2156 2777 subveniretur,

193 2790 457 2870 opprimi
492 2789 859 2852 videbantur
900 2806 1111 2867 posse.
1178 2790 1253 2851 iis
1297 2790 1480 2852 editis
1520 2788 1792 2866 imperiis
1834 2789 2036 2850 redire
2077 2788 2154 2849 ad

196 2890 389 2937 naves
436 2874 618 2949 iussi,
675 2881 737 2936 et
774 2880 1027 2951 postero
1068 2874 1171 2935 die
1212 2874 1349 2935 deis
1389 2874 1550 2935 bene
1590 2872 1937 2934 iuvantibus
1979 2872 2159 2947 signo

193 2960 337 3020 dato
367 2957 611 3021 solvere
638 2974 849 3020 naves.

362 3042 580 3103 XXVI.
634 3042 859 3123 Multae
888 3039 1124 3103 classes
1152 3042 1467 3107 Romanae
1497 3058 1531 3102 e
1559 3041 1768 3103 Sicilia
1806 3048 1990 3116 atque
2019 3040 2158 3116 ipso

194 3128 297 3188 illo
342 3132 525 3203 portu
568 3127 881 3201 profectae
925 3132 1127 3197 erant3
1175 3133 1442 3188 ceterum
1482 3142 1605 3186 non
1649 3141 1724 3187 eo
1754 3125 1917 3186 bello
1961 3124 2160 3184 solum

193 3244 279 3255 -—
318 3224 433 3271 nec
474 3209 535 3271 id
578 3210 823 3272 mirum=
868 3210 1225 3286 praedatum
1267 3210 1425 3271 enim
1468 3209 1885 3271 tantummodo
1923 3208 2157 3283 plerae-

196 3310 319 3370 que
348 3293 583 3356 classes
614 3292 807 3357 ierant
834 3327 920 3339 --
948 3292 1063 3354 sed
1092 3309 1170 3354 ne
1198 3293 1404 3371 priore
1431 3293 1678 3369 quidem
1705 3294 1828 3353 ulla
1857 3292 2156 3369 profectio

194 3378 341 3441 tanti
384 3378 719 3456 spectaculi
765 3378 899 3439 l'uitz
948 3392 1348 3454 quamquam,
1393 3378 1444 3437 si
1475 3377 1890 3453 magnitudine
1919 3378 2156 3438 classes

191 3462 585 3540 aestimares,
630 3468 689 3522 et
728 3462 854 3523 bini
894 3463 1179 3524 consules
1222 3476 1361 3521 cum
1401 3460 1559 3521 binis
1603 3460 1973 3522 exercitibus
2017 3466 2157 3519 ante

1634 3544 1748 3605 20*
