2550 3959
396 230 522 298 224
690 231 921 294 LIBER
948 229 1217 291 XXVIII.
1260 228 1427 289 CAP.
1457 237 1506 289 4.
1538 238 1590 288 5.
1639 233 1708 300 [a.
1743 233 1812 285 υ.
1843 249 1891 285 c.
1921 232 2047 300 545]

397 392 603 462 partes
632 383 999 459 pervadunt.
1045 379 1390 457 direptione
1421 386 1481 440 et
1509 378 1700 438 caede
1731 377 2068 452 obviorum,
2097 376 2368 455 nisiqui

397 469 581 529 armis
612 483 682 528 se
711 465 1049 538 tuebantur,
1082 463 1521 524 abstinuerunt.
1578 456 2110 538 Carthaginienses
2142 476 2368 522 omnes

396 553 453 613 in
499 551 840 614 custodiam
884 549 1010 609 dati
1053 554 1229 619 sunt;
1288 546 1734 623 oppidanorum
1775 545 1938 606 mille
1976 545 2192 618 ferme,
2256 563 2369 622 qul

397 638 745 698 clauserant
777 639 1019 709 portasz
1065 630 1286 692 ceteris
1327 630 1607 691 traditum
1655 629 1979 707 oppidum,
2025 644 2177 690 suae
2219 630 2367 689 red-

399 720 559 780 ditae
598 734 719 779 res.
785 717 1065 777 cecidere
1104 713 1167 775 in
1203 714 1374 776 urbis
1417 713 1550 774 cius
1594 713 2051 791 oppugnatione
2089 712 2368 773 hostium

397 802 520 864 duo
562 801 727 862 milia
768 800 987 875 ferme,
1040 800 1457 862 Romanorum
1499 797 1664 857 haud
1705 797 1966 872 amplius
2007 797 2368 872 nonaginta.

396 886 499 945 1v.
542 885 732 945 Laeta
758 890 819 945 et
845 883 1020 960 ipsiS,
1066 883 1173 959 qui
1200 898 1332 942 rem
1360 897 1632 958 gessere,
1675 880 1846 942 urbis
1877 880 2010 941 eius
2039 895 2367 956 oppugna-

392 969 480 1030 {io
525 968 663 1045 ruit,
710 974 771 1030 et
797 968 1147 1044 imperatori
1178 973 1510 1042 ceteroque
1537 965 1861 1036 exercitui;
1915 970 1976 1024 et
2003 963 2366 1041 speciosum

396 1054 727 1114 adventum
776 1067 955 1114 suum
1013 1052 1321 1128 ingentem
1369 1049 1606 1111 turbam
1657 1047 2038 1125 captivorum
2088 1063 2240 1123 prae
2293 1063 2369 1109 se

399 1143 651 1213 agentes
682 1136 972 1197 fecerunt.
1041 1134 1250 1212 Scipio
1290 1134 1636 1197 collaudato
1669 1133 1870 1207 fratre,
1916 1147 2085 1206 cum,
2131 1138 2366 1207 quanto

399 1226 638 1297 poterat
662 1220 995 1283 verborum
1014 1219 1269 1296 honore,
1301 1217 1644 1294 Carthagini
1672 1217 1752 1277 ab
1781 1232 1852 1277 se
1877 1223 2097 1292 captae
2117 1221 2368 1291 captam

396 1305 475 1365 ab
506 1321 583 1366 eo
616 1303 884 1381 Orongin
929 1309 1280 1381 aequasset,
1327 1302 1471 1379 quia
1499 1308 1561 1364 et
1586 1301 1784 1362 hiems
1813 1299 2110 1376 instabat,
2151 1306 2222 1360 ut
2247 1315 2370 1361 nec

398 1395 693 1465 temptare
743 1388 948 1449 Gades
999 1403 1115 1450 nec
1164 1387 1488 1449 disiectum
1534 1385 1769 1462 passim
1818 1400 1934 1462 per
1980 1383 2369 1462 provinciam

398 1471 731 1532 exercitum
770 1470 1175 1534 Hasdrubalis
1225 1471 1567 1531 consectari
1609 1473 1856 1546 posset,
1906 1469 1970 1528 in
2019 1466 2368 1529 citeriorem

394 1555 755 1630 Hispaniam
807 1570 1021 1614 omnes
1062 1571 1209 1615 suas
1252 1555 1468 1630 copias
1522 1554 1796 1624 reduxit;
1853 1551 2253 1628 dimissisque
2301 1553 2365 1612 in

395 1636 652 1698 hiberna
691 1637 1064 1715 legionibuS,
1112 1638 1180 1700 L.
1224 1637 1518 1714 Scipione
1559 1639 1741 1698 fratre
1769 1637 2026 1698 Romam
2065 1636 2261 1697 misso
2305 1643 2366 1698 et

394 1720 695 1783 Hannone
716 1722 983 1783 hostium
1011 1721 1379 1798 imperatore
1401 1722 1746 1796 ceterisque
1768 1721 2074 1783 nobilibus
2099 1720 2364 1798 captivis

396 1805 534 1879 ipse
561 1805 967 1866 Tarraconem
995 1807 1321 1867 concessit.

396 1958 399 1961 ¹
560 1888 796 1950 Eodem
837 1904 999 1950 anno
1043 1890 1263 1950 classis
1304 1891 1581 1950 Romana
1623 1904 1763 1949 cum
1803 1887 1887 1948 M.
1917 1888 2166 1949 Valerio
2206 1888 2362 1950 Lae·

393 1972 539 2031 vino
581 1975 956 2048 proconsule
995 1989 1073 2033 ex
1106 1973 1315 2034 Sicilia
1355 1973 1417 2033 in
1443 1971 1713 2032 Africam
1739 1973 2102 2032 transmissa
2144 1972 2208 2033 in
2233 1973 2358 2036 Uti-

396 2055 567 2114 censi
599 2055 1204 2132 Carthaginiensique
1234 2071 1384 2132 agro
1413 2056 1533 2116 late
1560 2056 1996 2132 populationes
2027 2056 2186 2117 fecit.
2253 2072 2360 2118 ex-

397 2138 602 2198 tremis
630 2138 857 2199 finibus
890 2139 1477 2216 Carthaginiensium
1506 2139 1670 2200 circa
1709 2140 1848 2216 ipsa
1875 2138 2118 2200 moenia
2145 2139 2362 2202 Uticae

395 2222 666 2298 praedae
706 2230 881 2283 actae
924 2228 1086 2284 sunt.
1138 2223 1554 2300 repetentibus
1584 2223 1853 2284 Siciliam
1885 2224 2104 2285 classis
2132 2215 2361 2285 Punica

395 2331 479 2348 ·--
507 2305 893 2382 septuaginta
923 2314 1093 2368 erant
1120 2307 1344 2384 longae
1373 2323 1564 2368 naves
1592 2340 1680 2352 —-
1709 2307 1990 2369 occurrit}
2055 2308 2270 2368 decem
2301 2315 2360 2368 et

394 2395 632 2464 septem
652 2405 844 2450 naves
874 2407 956 2451 ex
982 2391 1059 2452 iis
1090 2399 1308 2467 captae
1337 2397 1496 2466 sunt,
1531 2397 1814 2468 quattuor
1838 2391 1900 2450 in
1932 2392 2052 2452 alto
2081 2408 2357 2465 mersae3

393 2479 596 2532 cetera
625 2474 764 2534 susa
793 2490 867 2535 ae
896 2477 1101 2550 rugata
1131 2475 1371 2536 classis.
1427 2482 1588 2535 terra
1614 2475 1888 2551 marique
1915 2475 2110 2536 victor
2135 2476 2357 2538 Roma-

392 2570 509 2616 nus
540 2571 677 2617 cum
706 2574 929 2634 magna
962 2560 1163 2620 omnis
1191 2559 1438 2634 generis
1467 2559 1698 2635 praeda
1727 2559 2085 2638 Lilybaeum
2114 2561 2355 2638 repetit.

391 2645 519 2700 tuto
552 2640 697 2700 inde
736 2642 889 2700 mari
921 2642 1121 2719 pulsis
1162 2641 1430 2704 hostium
1458 2642 1717 2703 navibus
1746 2643 1950 2719 magni
1979 2651 2355 2706 commeatus

392 2724 674 2785 frumeuti
703 2726 960 2786 Romam
994 2725 1290 2786 subvecti.

558 2808 636 2866 V.
663 2807 967 2886 Principio
990 2809 1239 2871 aestatiS
1264 2810 1416 2884 eiuS,
1442 2826 1564 2885 qua
1583 2809 1737 2870 haec
1761 2816 1902 2871 sunt
1922 2817 2115 2886 gesta,
2137 2809 2201 2869 P.
2219 2810 2348 2871 Sul·

390 2890 589 2967 picius
632 2893 968 2968 proconsul
1010 2900 1070 2952 et
1096 2894 1337 2954 Attalus
1365 2908 1477 2953 rex
1507 2909 1643 2954 cum
1667 2893 1973 2970 Aeginae,
2017 2894 2175 2954 sicut
2215 2902 2353 2955 ante

394 2973 620 3033 dictum
642 2981 757 3050 est,
786 2975 1231 3051 hibernassent,
1260 2977 1554 3038 Lemnum
1581 2977 1723 3036 inde
1746 2977 1949 3038 classe
1976 2978 2197 3052 iuncta,
2229 2979 2350 3039 Ro-

390 3071 608 3116 manae
640 3058 912 3134 quinque
952 3066 1013 3119 et
1040 3060 1252 3135 viginti
1298 3061 1770 3136 quinqueremes
1786 3108 1802 3136 ,
1841 3063 2050 3138 regiae
2080 3060 2352 3138 quinque

392 3148 452 3201 et
478 3140 739 3216 triginta,
768 3143 1253 3206 transmiserunt.
1320 3153 1381 3206 et
1406 3145 1738 3222 Philippus,
1783 3151 1864 3218 ut,
1912 3163 2024 3207 seu
2051 3153 2214 3206 terra
2241 3161 2348 3208 seu

390 3225 542 3284 mari
572 3226 817 3287 obviam
846 3229 1115 3289 eundum
1134 3229 1301 3290 hosti
1327 3229 1499 3306 soret,
1528 3236 1781 3305 paratus
1811 3229 1892 3290 ad
1922 3246 2138 3292 omnes
2168 3245 2350 3292 cona-

390 3314 489 3368 tus
522 3318 704 3384 esset,
748 3310 887 3387 ipse
914 3313 1363 3374 Demetriadem
1389 3313 1470 3373 ad
1499 3329 1666 3374 mare
1696 3314 2032 3390 descendit,
2075 3314 2348 3375 Larisam

390 3389 553 3451 diem
593 3395 677 3454 ad
718 3396 1204 3456 conveniendum
1243 3397 1534 3459 exercitui
1573 3399 1782 3459 edixit.
1843 3398 2114 3474 undique
2141 3398 2219 3458 ab
2251 3415 2348 3460 so-

391 3472 502 3534 ciis
532 3478 868 3552 legationes
884 3481 1329 3544 Demetriadem
1357 3483 1438 3543 ad
1468 3483 1690 3543 samam
1720 3482 1883 3558 regis
1915 3489 2346 3546 convenerunt.
