2550 3959
622 177 853 241 Lmen
881 178 1062 241 xxx.
1108 179 1272 257 cAP„
1297 190 1348 242 1.
1373 130 1534 257 2.'[..
1559 185 1626 239 c.
1647 186 1775 253 ωε]
2039 180 2167 245 323

209 334 379 412 pioni
408 349 533 395 non
560 333 855 409 temporis
882 333 999 393 sed
1024 332 1113 394 rei
1142 331 1452 408 gerendae
1478 332 1630 408 fine,
1671 333 1874 393 donec
1903 332 2172 395 debella·

208 428 335 481 tum
361 418 423 478 in
452 416 664 478 Africa
690 417 875 491 roret,
908 421 1300 492 prorogatum
1325 416 1648 493 imperium
1677 423 1802 492 est,
1831 417 2172 478 decretum·

211 518 351 579 que,
380 506 449 562 ut
476 500 845 577 supplicatio
872 499 1077 573 fleret,
1109 500 1282 575 quod
1308 498 1363 559 is
1391 500 1454 559 in
1483 499 1758 561 Africam
1784 500 2170 576 provinciam

210 586 581 659 traiecisset,
628 590 697 645 ut
735 598 813 645 ea
847 599 955 644 res
992 583 1276 645 salutaris
1330 584 1564 661 populo
1606 585 1883 646 Romano
1924 583 2173 661 ipsique

212 669 353 733 duci
380 675 565 745 atque
592 668 887 729 exercitui
916 675 1101 729 esset.
1167 667 1237 727 11.
1287 667 1355 727 In
1383 666 1653 729 Siciliam
1681 668 1798 729 tria
1823 666 1990 729 milia
2016 667 2170 729 mili·

211 759 336 815 tum
364 757 509 814 sunt
534 750 795 827 scripta,
838 758 900 813 et
927 750 1071 828 quia
1087 796 1103 825 ,
1140 751 1312 826 quod
1337 751 1582 814 roboris
1611 767 1688 812 ea
1714 751 2039 827 provincia
2063 752 2172 813 ha·

208 838 441 910 buerat,
476 836 538 895 in
565 834 837 897 Africam
864 840 1282 897 transvectum
1310 834 1526 910 fuerat,
1557 842 1619 897 et
1647 834 1811 911 quia,
1840 841 2172 911 antequam

212 920 433 981 elassis
460 934 539 979 ex
569 918 780 979 Africa
804 918 1103 994 traiceret,
1149 918 1554 995 quadraginta
1581 919 1842 982 navibus
1874 919 2171 980 custodiri

210 1005 527 1080 placuerat
547 1000 790 1063 Siciliae
818 1002 1174 1064 maritimam
1202 1017 1392 1063 oram.
1435 1003 1727 1064 tredecim
1755 1018 1952 1065 novas
1977 1018 2171 1065 naves

208 1086 425 1149 Villius
454 1101 665 1147 secum
696 1086 759 1146 in
787 1084 1057 1155 Siciliam
1088 1086 1291 1159 duxit,
1325 1092 1567 1148 ceterae
1595 1086 1659 1147 in
1691 1085 1900 1147 Sicilia
1924 1093 2168 1147 veteres

209 1171 495 1232 refectae.
550 1169 693 1229 huic
721 1169 909 1231 classi
936 1168 1015 1231 Μ.
1044 1169 1442 1248 Pomponius,
1473 1170 1700 1247 prioris
1728 1170 1872 1231 anni
1902 1176 2168 1245 praetor,

209 1260 540 1332 prorogato
568 1253 826 1329 imperio
854 1254 1249 1331 praepositus
1281 1270 1482 1317 novos
1511 1254 1730 1315 milites
1761 1270 1842 1314 ex
1861 1254 2036 1315 Italia
2063 1252 2172 1315 ad-

213 1346 423 1400 vectos
464 1338 529 1398 in
568 1352 761 1399 naves
801 1338 1113 1415 imposuit.
1186 1354 1398 1415 parem
1439 1339 1684 1401 navium
1713 1336 2032 1399 nu'merum
2062 1337 2170 1398 Cn.

212 1421 480 1497 Octavio,
522 1422 789 1498 praetori
818 1422 960 1485 item
988 1423 1213 1499 prioris
1240 1422 1404 1499 anni,
1445 1438 1586 1485 cum
1612 1422 1748 1499 pari
1773 1422 1906 1483 iure
1933 1421 2170 1498 imperii

210 1508 290 1566 ‘td
318 1505 605 1566 tuendam
621 1503 942 1567 Sardiniae
972 1522 1143 1568 oram
1174 1514 1379 1583 patres
1409 1506 1848 1569 decreverunt=
1874 1506 2170 1567 Lentulus

212 1596 458 1665 praetor
486 1590 611 1651 duo
640 1590 807 1651 milia
832 1590 1083 1653 militum
1112 1592 1261 1651 dare
1290 1591 1354 1650 in
1383 1606 1576 1651 naves
1603 1591 1833 1652 iussus.
1881 1598 1941 1650 et
1963 1589 2170 1650 Italiae

210 1691 349 1749 ora,
393 1674 539 1750 quia
577 1674 875 1734 incertum
914 1680 1078 1749 erat,
1120 1691 1243 1751 quo
1283 1673 1533 1735 missuri
1563 1675 1830 1735 classem
1859 1672 2170 1747 Carthagi-

212 1759 455 1821 nienses
483 1758 701 1829 forent,
732 1757 1095 1818 videbantur
1121 1764 1326 1821 autem
1347 1757 1650 1833 quidquid
1673 1758 1966 1818 nudatum
1989 1771 2169 1833 prae-

208 1842 380 1903 sidiis
411 1847 581 1903 esset
609 1841 865 1918 petituri,
894 1841 975 1901 Μ.
1000 1839 1250 1917 Marcio,
1281 1841 1552 1917 praetori
1582 1841 1806 1916 prior-is
1835 1841 1996 1916 anni,
2027 1856 2168 1901 cum

208 1925 457 1987 totidem
504 1925 763 1987 navibus
813 1925 1043 1988 tuenda
1082 1926 1227 1987 data
1268 1932 1382 1987 est.
1455 1924 1572 1986 tria
1611 1925 1774 1985 milia
1815 1924 2067 1987 militum
2105 1924 2170 1984 in

206 2024 339 2069 eam
384 2011 648 2071 classem
689 2024 770 2071 ex
798 2009 1045 2072 decreto
1088 2016 1332 2086 patrum
1373 2011 1664 2073 consules
1694 2009 2080 2085 scripserunt
2107 2013 2172 2069 et
2217 2028 2220 2033 ·

208 2094 365 2153 duas
405 2094 681 2167 legiones
720 2094 989 2155 urbanas
1034 2095 1117 2155 ad
1154 2095 1390 2156 incerta
1428 2094 1591 2155 belli.
1660 2093 1998 2169 Hispaniae
2027 2109 2166 2153 cum

205 2175 577 2237 exercitibus
618 2176 1001 2252 imperioque
1030 2179 1343 2239 veteribus
1371 2177 1874 2254 imperatoribus,
1913 2176 1981 2236 L.
2010 2176 2166 2237 Len-

206 2260 331 2320 tulo
361 2265 423 2319 et
445 2258 511 2317 L.
540 2258 765 2320 Manlio
795 2259 1077 2335 Acidino,
1106 2260 1412 2321 decretae.
1457 2260 1670 2335 viginti
1699 2260 1946 2321 omnino
1978 2260 2166 2335 legio·

206 2342 385 2403 nibus
415 2347 477 2402 et
504 2346 747 2405 centum
775 2342 1097 2418 sexaginta
1126 2344 1390 2405 navibus
1417 2342 1620 2419 longis
1649 2359 1752 2404 res
1779 2344 2059 2405 Romana
2087 2358 2167 2405 eo

204 2441 366 2487 anno
401 2433 596 2500 gesta.

370 2510 693 2569 Praetores
719 2508 783 2569 in
822 2509 1171 2584 provincias
1214 2510 1303 2571 ire
1332 2509 1508 2571 iussi.
1582 2508 1943 2571 consulibus
1972 2508 2165 2586 impe-

201 2598 415 2665 ratum,
450 2592 806 2668 priusquam
836 2592 915 2665 ab
936 2592 1088 2653 urbe
1111 2594 1667 2669 proficiscerentur,
1697 2594 1880 2654 ludos
1903 2607 2166 2669 magnos

203 2676 505 2750 facerent,
550 2692 709 2753 quos
737 2678 803 2737 T.
833 2674 1095 2739 Manlius
1124 2677 1472 2753 Torquatus
1503 2676 1762 2739 dictator
1789 2676 1852 2737 in
1885 2677 2164 2753 quintum

200 2777 425 2821 annum
453 2758 747 2834 vovisset,
780 2760 837 2821 si
864 2762 1085 2822 eodem
1114 2767 1277 2821 statu
1304 2776 1407 2822 res
1441 2760 1687 2835 publica
1713 2765 1920 2821 staret.
1967 2766 2032 2821 et
2051 2777 2164 2823 no·

198 2860 311 2905 vas
341 2843 671 2919 religiones
713 2844 1061 2905 excitabant
1086 2843 1147 2904 in
1178 2844 1396 2905 animis
1425 2843 1736 2906 hominum
1767 2843 2054 2920 prodigia
2079 2860 2163 2907 ex

199 2928 474 3005 pluribus
515 2927 671 2991 locis
702 2927 993 2989 nuntiata.
1059 2943 1277 2989 aurum
1303 2929 1366 2989 in
1391 2927 1690 3004 Capitolio
1722 2926 1892 2989 corvi
1921 2944 2046 2989 non
2074 2929 2163 2989 la·

200 3026 447 3073 cerasse
488 3018 717 3073 tantum
757 3013 976 3075 rostris
1018 3012 1232 3073 crediti
1274 3013 1392 3073 sed
1433 3013 1614 3073 etiam
1655 3012 1896 3073 edisse=
1953 3027 2164 3073 mures

196 3094 362 3156 Antii
402 3111 697 3158 coronam
732 3110 1001 3157 auream-
1022 3095 1336 3157 adrosere.
1402 3096 1566 3157 circa
1607 3094 1878 3173 Capuam
1919 3111 2164 3158 omnem

196 3195 411 3255 agrum
428 3180 805 3241 locustarum
834 3179 929 3239 vis
956 3180 1197 3256 ingens,
1222 3180 1310 3241 ita
1335 3186 1403 3242 ut
1429 3180 1595 3241 unde
1625 3179 2024 3241 advenissent
2050 3196 2162 3256 pa-

197 3277 327 3321 rum
370 3270 711 3339 constaret,
753 3262 1101 3339 complevit.
1172 3265 1428 3325 eculeus
1469 3264 1661 3324 Reate
1702 3278 1842 3323 cum
1885 3262 2162 3340 quinque

198 3344 463 3421 pedibus
501 3353 698 3407 natus.
772 3347 1093 3423 Anagniae
1134 3347 1339 3422 sparsi
1379 3348 1642 3423 primum
1668 3347 1845 3421 ignes
1873 3347 1935 3408 in
1965 3350 2160 3424 caelo,

200 3428 339 3489 dein
368 3429 473 3490 fax
516 3428 737 3505 ingens
767 3430 947 3492 arsita
989 3430 1333 3493 Frusinone
1364 3446 1546 3493 arcus
1577 3432 1774 3491 solem
1799 3428 1968 3493 tenui
1996 3431 2158 3495 linea

1632 3520 1700 3575 ²1
1717 3514 1749 3554 '⁸¹
