2550 3959
617 234 849 297 LIBER
875 234 1090 297 xxlv.
1135 234 1302 297 CAP.
1327 244 1413 299 ιο.
1460 236 1533 315 [a.
1556 240 1620 295 c.
1650 238 1782 317 ιιι]
2097 234 2177 303 41

213 388 547 453 Brundisio
579 386 1019 471 Calabriaeque
1047 387 1212 448 cirea
1238 386 1538 464 litoribus,
1582 386 1924 449 nuntiantes
1951 376 2183 467 Philip·

215 489 357 550 pum
399 472 669 549 primum
709 470 1103 547 Apolloniam
1151 476 1522 548 temptasse,
1586 470 1803 533 lembis
1844 471 2183 535 biremibus

216 562 462 617 centum
485 554 698 631 viginti
727 552 977 616 flumine
1010 555 1276 617 adverso
1300 554 1698 626 subvectum;
1731 555 1983 631 deinde,
2012 562 2079 618 ut
2107 572 2184 617 ea

217 656 316 701 res
352 640 600 701 tardior
639 654 754 715 spe
795 638 1004 713 ruerit,
1047 638 1129 699 ad
1159 636 1401 699 Oricum
1442 639 1598 699 clam
1628 646 1809 701 nocte
1848 640 2185 702 exercitum

219 723 610 793 admovisse;
655 737 918 798 eamque
945 721 1176 797 urbem,
1205 721 1385 783 sitam
1413 722 1471 783 in
1504 725 1687 799 plano
1717 738 1921 799 neque
1952 724 2184 786 moeni-

220 806 332 868 bus
376 820 587 882 neque
613 805 760 865 viris
793 812 978 882 atque
1007 805 1192 865 armis
1220 806 1520 882 validam,
1560 806 1757 882 primo
1800 806 2031 883 impetu
2072 822 2183 884 op·

223 906 509 965 pressam
549 903 710 950 esse.
773 888 929 949 haec
959 889 1305 951 nuntiantes
1336 890 1623 964 orabant,
1669 896 1734 951 ut
1774 906 1957 968 opem
2000 892 2213 963 terret·

222 974 595 1049 hostemque
633 972 802 1034 haud
843 970 1088 1033 dubium
1119 974 1413 1035 Romanis
1443 974 1594 1035 mari
1640 989 1713 1035 ac
1743 981 1903 1035 terra
1940 990 1978 1035 a
2006 974 2183 1035 mari-

220 1056 380 1118 timis
411 1056 668 1117 urbibus
701 1060 964 1128 arceret,
1010 1072 1170 1131 quae
1199 1055 1281 1117 ob
1310 1058 1537 1118 nullam
1578 1057 1759 1127 aliam
1788 1073 2039 1119 causam
2066 1056 2183 1119 nisi

221 1141 390 1215 quod
419 1138 802 1200 imminerent
829 1139 1036 1199 Italiae
1063 1146 1429 1216 peterentur.
1494 1140 1573 1199 Μ.
1590 1141 1895 1219 ValeriuS,
1924 1141 2185 1204 duorum

221 1224 452 1285 milium
482 1222 798 1300 praesidio
830 1228 1038 1289 relicto
1067 1227 1414 1300 praeposito
1440 1238 1561 1301 que
1602 1223 1693 1285 eis
1721 1224 1786 1285 P.
1818 1224 2064 1287 Valerio
2096 1226 2181 1287 le-

221 1315 383 1384 gato,
417 1323 557 1368 cum
588 1308 792 1367 classe
821 1305 1112 1367 instructa
1139 1314 1497 1383 parataque,
1540 1314 1602 1369 et
1630 1308 1799 1385 quod
1826 1308 2046 1384 longae
2077 1325 2165 1369 na

221 1407 334 1453 ves
363 1391 622 1453 militum
651 1405 876 1469 capere
905 1406 1026 1455 non
1059 1398 1369 1467 poterant,
1416 1392 1478 1453 in
1520 1392 1833 1453 onerarias
1876 1391 2183 1469 impositis

223 1476 414 1536 altero
457 1474 561 1535 die
591 1472 830 1537 Oricum
873 1476 1184 1551 pervenit3
1223 1475 1563 1553 urbemque
1600 1492 1737 1537 eam
1779 1476 1899 1537 levi
1940 1480 2185 1537 tenente

225 1557 570 1641 praesidio,
611 1558 779 1635 quod
808 1574 919 1619 rex
947 1560 1244 1619 recedens
1273 1560 1418 1620 inde
1444 1561 1803 1637 reliquerat,
1847 1559 2016 1622 haud
2056 1576 2183 1621 ma·

221 1658 341 1719 gno
387 1642 719 1703 certamine
758 1641 1009 1718 recepit.
1075 1644 1254 1719 legati
1295 1658 1372 1703 eo
1402 1644 1479 1704 ab
1508 1644 1839 1721 Apollonia
1867 1650 2183 1719 venerunt,

221 1726 570 1789 nuntiantes
611 1726 674 1786 in
715 1724 1040 1787 obsidione
1067 1742 1242 1803 sese,
1292 1728 1463 1801 quod
1491 1726 1757 1787 deficere
1784 1726 1863 1786 ab
1892 1727 2183 1789 Romanis

221 1810 470 1884 nollent,
497 1826 658 1885 esse,
683 1825 883 1885 neque
909 1809 1212 1872 sustinere
1233 1810 1391 1872 ultra
1412 1810 1537 1871 vim
1546 1810 1953 1873 Macedonum
1974 1826 2184 1887 posse,

221 1894 338 1956 nisi
391 1893 771 1970 praesidium
817 1894 1080 1955 mittatur
1123 1892 1485 1955 Romanum.
1558 1894 1855 1956 facturum
1903 1909 1977 1955 se
2024 1910 2185 1969 quae

220 1978 450 2038 vellent
477 1978 788 2056 pollicitus
805 2023 820 2052 ,
869 1978 992 2039 duo
1022 1976 1188 2039 milia
1225 1979 1599 2041 delectorum
1628 1977 1881 2039 militum
1920 1978 2182 2039 navibus

221 2062 426 2140 longis
485 2061 660 2125 mittit
697 2060 775 2122 ad
831 2062 1050 2124 ostium
1092 2060 1361 2123 fluminis
1402 2078 1540 2123 cum
1580 2062 1893 2139 praefecto
1946 2063 2181 2123 socium

223 2147 288 2223 Q.
319 2146 555 2209 Naevio
587 2145 809 2221 Crista,
855 2147 986 2205 viro
1029 2144 1287 2222 impigro
1330 2152 1390 2207 et
1416 2146 1613 2223 perito
1643 2144 1909 2209 militiae.
1991 2145 2043 2205 is
2074 2163 2179 2206 ex-

221 2230 445 2307 positis
473 2230 534 2291 in
566 2235 789 2293 terram
817 2227 1103 2290 militibus
1133 2230 1520 2306 navibusque
1535 2228 1775 2291 Oricum
1802 2234 1983 2303 retro,
2013 2230 2181 2289 unde

222 2319 492 2389 venerat,
525 2314 606 2375 ad
635 2321 898 2374 ceteram
922 2314 1184 2375 classem
1207 2313 1484 2375 remissis
1513 2314 1731 2376 milites
1761 2314 1977 2391 procul
2005 2329 2043 2373 a
2065 2311 2172 2387 ssu-

221 2398 380 2460 mine
411 2414 526 2475 per
551 2398 713 2458 viam
741 2398 985 2458 minime
1014 2396 1092 2458 ab
1113 2397 1299 2473 regiis
1332 2398 1659 2459 obsessam
1676 2396 1867 2473 duxit,
1898 2402 1960 2458 et
1978 2405 2178 2471 nocte,

222 2482 304 2543 ita
331 2490 402 2544 ut
431 2498 613 2543 nemo
641 2481 909 2543 hostium
937 2482 1204 2556 sentiret,
1247 2481 1462 2543 urbem
1490 2489 1587 2543 est
1613 2480 1949 2557 ingressus.
2016 2480 2177 2540 diem

220 2566 645 2643 insequentem
673 2564 992 2641 quievere,
1037 2566 1181 2626 dum
1209 2564 1557 2641 praefectus
1585 2564 1959 2625 iuventutem
1986 2562 2177 2639 Apol·

219 2648 535 2711 loniatium
573 2664 864 2727 armaque
893 2656 954 2709 et
991 2648 1160 2711 urbis
1195 2648 1361 2709 vires
1400 2648 1749 2725 inspiceret.
1812 2644 1915 2707 ubi
1943 2661 2019 2709 ea
2041 2645 2176 2707 visa

216 2734 624 2810 inspectaque
645 2733 794 2795 satis
825 2734 1161 2794 animorum
1191 2733 1410 2807 fecere,
1454 2732 1755 2807 simulque
1784 2729 1863 2792 ab
1893 2732 2175 2808 explora-

221 2817 458 2878 toribus
500 2818 824 2894 comperit,
873 2824 1100 2892 quanta
1140 2815 1429 2879 socordia
1468 2832 1543 2877 ac
1586 2814 1967 2892 neglegentia
2007 2814 2174 2891 apud

217 2900 433 2966 hostes
485 2907 683 2977 esset,
739 2901 979 2962 silentio
1023 2902 1222 2962 noetis
1263 2899 1342 2961 ab
1384 2900 1535 2962 urbe
1574 2899 1709 2962 sine
1754 2900 1877 2960 ullo
1920 2899 2173 2961 tumultu

215 2998 512 3061 egressus
536 2991 738 3045 castra
757 2985 1023 3045 hostium
1049 2986 1210 3045 adeo
1233 2985 1512 3060 neglecta
1539 2989 1725 3060 atque
1750 2989 1965 3060 aperta
1993 2982 2172 3060 intra-

216 3068 318 3142 vit,
350 3073 420 3131 ut
438 3069 588 3129 satis
617 3074 926 3132 constaret
945 3068 1118 3144 prius
1141 3068 1303 3129 mille
1324 3067 1635 3129 hominum
1657 3068 1884 3129 vallum
1912 3066 2175 3128 intrasse

216 3167 402 3227 quam
433 3152 760 3228 quisquam
778 3150 1066 3225 sentiret,
1111 3167 1184 3213 ac
1214 3152 1269 3213 si
1299 3152 1491 3213 caede
1518 3149 1986 3223 abstinuissent,
2034 3163 2172 3222 per·

216 3235 424 3296 venire
464 3235 545 3297 ad
572 3234 1029 3297 tabernaculum
1069 3234 1307 3312 regium
1336 3234 1636 3313 potuisse.
1700 3233 1927 3297 caedes
1964 3230 2170 3309 proxi·

213 3334 449 3381 morum
477 3326 694 3398 portae
723 3320 1008 3381 excitavit
1031 3318 1273 3391 hostes3
1318 3318 1463 3380 inde
1494 3324 1693 3381 tantus
1724 3323 1918 3379 terror
1943 3329 2170 3391 pavor-

213 3416 332 3479 que
361 3418 579 3464 omnes
609 3403 950 3480 occupavit,
997 3408 1213 3465 utnon
1242 3403 1429 3465 modo
1458 3402 1613 3463 alius
1646 3401 1971 3479 quisquam
1999 3412 2166 3461 arma

212 3492 462 3563 caperet
501 3494 604 3547 aut
643 3487 860 3549 eastris
889 3487 1120 3564 pellere
1159 3484 1399 3549 hostem
1442 3493 1785 3557 conaretur,
1828 3484 1943 3548 sed
1978 3482 2159 3545 etiam
