2550 3959
536 341 549 349 κ
595 268 827 333 umen
853 269 1096 330 xxvn.
1144 270 1386 335 effa.
1417 280 1470 335 a.
1515 272 1828 352 [·.o.2091
2069 273 2197 339 169

208 422 393 485 iussi.
451 422 835 497 conquisitos
866 436 977 487 eos
1008 424 1297 485 consules
1327 424 1390 483 in
1420 422 1687 493 Siciliam
1714 424 2034 498 miserunt3
2082 426 2192 489 ad·

210 508 473 583 ditaque
500 508 720 568 eadem
748 506 995 567 militiae
1020 507 1371 582 ignominia,
1403 507 1518 569 sub
1553 524 1674 583 qua
1698 508 2050 572 Cannenses
2075 511 2190 579 mi·

208 591 477 653 lit-abant
506 592 737 667 quique
766 606 843 651 ex
875 590 1179 667 praetoris
1208 590 1315 651 Cn.
1337 590 1532 654 Fulvii
1561 593 1830 655 exercitu
1864 594 1944 655 ob
1973 594 2196 657 similis

210 673 370 737 iram
414 676 598 751 fugae
640 674 816 735 miSsi
858 690 935 737 eo
964 674 1041 735 ab
1084 680 1301 735 senatu
1331 675 1589 737 fuerant.
1680 676 1742 737 C.
1772 678 2194 741 Aurunculeio

212 758 475 820 eaedem
501 759 563 819 in
580 757 863 821 Sardinia
890 759 1185 834 legiones,
1218 759 1440 835 quibus
1463 760 1528 819 P.
1542 760 1804 821 Manlius
1827 762 2025 823 Vulso
2053 777 2186 823 eam
2263 796 2268 799 -

194 842 608 920 provinciam
653 844 1024 919 obtinuerat,
1068 843 1371 905 decretae.
1455 843 1520 903 P.
1553 843 1827 920 Sulpicio
1858 846 2075 907 eadem
2103 847 2185 912 le·

206 928 401 1004 gione
430 927 776 1003 eademque
798 927 1003 991 classe
1014 926 1439 991 Macedoniarn
1472 926 1745 989 obtinere
1773 929 1946 992 iusso
1973 946 2188 1006 proro-

184 1020 425 1087 'gatum
455 1012 515 1071 in
546 1028 773 1080 annum
801 1012 1137 1089 imperium.
1206 1011 1450 1087 triginta
1481 1012 1953 1086 quinqueremes
1983 1029 2066 1075 ex
2093 1013 2188 1075 Si-

212 1096 357 1156 cilia
366 1088 694 1173 'Rarentum
724 1096 811 1157 ad·
821 1096 889 1171 Q.
904 1096 1158 1159 Fabium
1189 1095 1505 1163 consulem
1534 1096 1683 1157 mitti
1710 1096 1951 1170 iussae,
1984 1106 2190 1159 cetera

213 1180 425 1241 classe
497 1179 814 1241 raedatum
842 1180 903 1241 in
932 1180 1204 1241 Africam
1234 1187 1340 1243 aut
1367 1180 1570 1255 ipsum
1596 1178 1677 1239 Μ.
1701 1181 2014 1249 Valerium
2033 1182 2186 1243 Lae-

210 1264 428 1325 vinum
510 1263 728 1336 aicere,
760 1270 863 1324 aut
889 1264 1125 1325 mittere
1146 1264 1338 1327 seuL.
1355 1264 1624 1326 Cincium
1654 1279 1768 1325 seu
1779 1264 1858 1323 M.
1874 1266 2188 1335 Valerium

211 1348 472 1407 Messall
577 1391 593 1406 .
637 1363 753 1408 nec
776 1349 855 1410 de
866 1348 1167 1425 Hispania
1192 1348 1520 1424 quicquam
1542 1356 1852 1425 mutatum,
1875 1348 1996 1409 nisi
2017 1350 2190 1425 quod

213 1445 345 1491 non
375 1430 438 1490 in
468 1448 509 1491 a
592 1448 693 1491 um
724 1432 1001 1508 Scipioni
1030 1431 1388 1507 Silanoque,
1431 1433 1547 1493 sed
1577 1434 1778 1495 donec
1806 1433 2078 1493 revocati
2107 1432 2188 1493 ab

213 1523 439 1575 senatu
480 1515 543 1575 fo
608 1522 708 1592 nt,
756 1523 1148 1593 prorogatum
1190 1516 1510 1593 imperium
1539 1524 1655 1579 est.
1719 1517 1802 1579 ita
1830 1516 2187 1593 provInciae

212 1598 593 1661 exercituum
680 1616 717 1661 e
744 1600 806 1660 in
834 1616 980 1663 eum
1008 1615 1233 1663 annum
1260 1602 1482 1676 partita
1510 1600 1784 1678 imperia.

384 1683 544 1744 VIII.
588 1684 615 1743 I
684 1700 755 1745 er
773 1685 1069 1745 maiorum
1089 1700 1292 1745 rerum
1323 1700 1501 1746 curas
1533 1686 1778 1746 comitia
1804 1685 2050 1747 maximi
2079 1700 2184 1746 cu·

212 1767 427 1844 rioniS,
455 1783 593 1829 cum
712 1769 915 1831 locum
941 1768 1023 1830 Μ.
1046 1768 1292 1829 Aemilii
1321 1770 1616 1831 sacerdos
1648 1776 1972 1843 crearetur,
2007 1775 2187 1831 vetus

214 1853 613 1913 excitaverun
693 1860 1027 1927 certamen,
1086 1852 1361 1929 patriciis
1417 1853 1781 1929 negantibus
1827 1853 1888 1913 C.
1933 1853 2188 1914 Mamilii

212 1935 433 2011 Atelli,
478 1936 584 2013 qui
660 1944 781 1998 'nus
824 1953 903 1999 ex
942 1937 1125 2013 plebe
1167 1936 1443 2014 petebat,
1499 1936 1846 1998 habendam
1887 1938 2186 1999 rationem

214 2036 381 2094 esse,
416 2021 559 2095 quia
577 2036 755 2084 nemo
788 2028 927 2083 ante
956 2033 1097 2083 eum
1123 2022 1243 2083 nisi
1272 2038 1353 2083 ex
1375 2022 1652 2098 patribus
1681 2022 1747 2083 id
1775 2022 2186 2083 sacerdotium

214 2102 554 2165 habuisset.
609 2106 828 2169 tribuni
859 2106 1149 2183 appellati
1178 2106 1259 2167 ad
1291 2112 1567 2168 senatum
1595 2106 1966 2177 reiecerunt3
2007 2121 2184 2167 sena-

214 2194 315 2249 tus
348 2189 563 2264 populi
591 2197 957 2265 potestatem
984 2189 1155 2251 recita
1200 2190 1434 2266 primus
1466 2207 1546 2250 ex
1573 2190 1762 2267 plebe,
1785 2197 2028 2251 creatus
2055 2205 2186 2249 rna-

212 2272 419 2332 ximus
450 2273 621 2335 curio
653 2274 715 2335 C.
744 2274 1049 2337 Mamilius
1078 2275 1339 2335 Atellus,
1403 2281 1464 2335 et
1491 2273 1802 2338 flaminem
1829 2275 2065 2335 Dialem
2094 2272 2182 2333 in-

214 2356 411 2416 vitum
448 2357 797 2432 inaugurari
836 2358 1038 2433 coegit
1064 2358 1129 2417 P.
1161 2357 1431 2419 Licinius
1472 2358 1750 2434 pontifex
1788 2358 2088 2419 maximus
2119 2356 2186 2417 C.

100 2448 107 2454 ‘
212 2440 531 2513 Valerium
556 2440 864 2503 Flaccum.
929 2442 1239 2503 decemvir
1268 2442 1466 2501 sacris
1508 2440 1810 2501 faciundis
1849 2447 2093 2501 creatus
2121 2442 2186 2500 in

216 2524 421 2584 locum
450 2524 517 2599 Q.
542 2524 725 2585 Mucii
749 2524 1088 2588 Scaevolae
1118 2525 1421 2587 demortui
1453 2524 1516 2585 C.
1545 2525 1886 2585 Laetorius.
1931 2539 2185 2585 causam

212 2608 567 2683 inaugurari
606 2609 802 2670 coacti
830 2608 1094 2671 flaminis
1125 2610 1324 2671 libens
1366 2608 1780 2683 reticuissem,
1824 2609 1886 2669 ni
1915 2623 1994 2667 ex
2023 2606 2186 2667 mala

216 2692 380 2751 rama
410 2692 473 2752 in
499 2692 726 2754 bonam
751 2693 1055 2755 vertisset.
1119 2693 1197 2755 ob
1241 2694 1721 2758 adolescentiam
1759 2693 2184 2771 neglegentem

214 2772 720 2853 luxuriosamque
740 2776 804 2838 C.
828 2776 1083 2839 Flaccus
1114 2776 1338 2839 flamen
1370 2784 1586 2854 captus
1615 2793 1652 2835 a
1679 2774 1743 2834 P.
1764 2775 1998 2837 Licinio
2026 2790 2181 2855 pon·

215 2858 379 2919 tiiice
408 2860 673 2921 maximo
704 2868 863 2935 erat,
904 2862 973 2923 L.
1002 2861 1225 2924 Flacco
1254 2860 1424 2923 tratri
1451 2874 1744 2937 germano
1780 2858 2186 2935 cognatisque

215 2942 355 3003 aliis
386 2943 465 3004 ob
496 2947 713 3008 eadem
741 2945 889 3007 vitia
916 2946 1173 3007 invisus.
1239 2946 1312 3019 ia,
1357 2952 1420 3006 ut
1447 2946 1711 3007 animum
1743 2944 1874 3007 eius
1905 2958 2054 3005 cura
2081 2958 2180 3003 sa·

215 3042 459 3088 crorum
484 3035 544 3089 et
564 3030 1075 3091 caerimoniarum
1094 3029 1275 3105 cepit,
1303 3029 1389 3101 ita
1413 3037 1667 3107 repente
1695 3028 1867 3089 exuit
1893 3027 2184 3103 antiquos

212 3125 441 3187 moreS,
470 3118 539 3173 ut
566 3128 745 3173 nemo
776 3120 904 3181 tota
932 3114 1245 3175 iuventute
1267 3114 1597 3175 haberetur
1618 3113 1786 3189 prior
1813 3113 1928 3171 nec
1956 3109 2180 3185 proba·-

212 3195 335 3277 tior
374 3195 745 3271 primoribus
788 3203 1057 3273 patrum,
1112 3198 1243 3259 suis
1287 3198 1516 3272 pariter
1559 3197 1930 3272 alienisque,
1991 3201 2180 3255 esset.

212 3276 400 3339 huius
430 3280 629 3341 famae
658 3295 972 3343 consensu
1007 3282 1204 3343 elatus
1234 3280 1317 3342 ad
1359 3282 1581 3342 iustam
1610 3280 1896 3341 fiduciam
1927 3278 2022 3338 sui
2049 3294 2180 3337 rem

212 3362 627 3425 intermissam
657 3381 773 3441 per
798 3368 1025 3427 multos
1066 3380 1266 3427 annos
1299 3364 1378 3426 ob
1421 3364 1840 3439 indignitatem
1868 3361 2180 3423 flaminum

212 3446 491 3523 priorum
510 3448 815 3525 repetivit,
842 3458 909 3510 ut
936 3449 999 3510 in
1022 3453 1301 3511 senatum
1330 3447 1620 3509 introiret.
1665 3447 2012 3523 ingressum
2041 3460 2180 3505 eum

214 3531 446 3593 curiam
478 3547 617 3595 cum
643 3533 712 3594 L.
742 3532 1013 3595 Licinius
1040 3538 1294 3610 praetor
1319 3530 1464 3593 inde
1505 3530 1855 3605 eduxisset,
1900 3528 2182 3589 tribunos
