2550 3959
351 229 436 295 68
657 228 888 289 LIBER
915 228 1100 287 XXV.
1147 226 1313 288 CAP.
1348 234 1432 287 14.
1465 236 1549 287 15.
1594 233 1665 299 [a.
1688 231 1759 286 tJ.
1785 249 1833 286 e.
1866 232 1993 299 540]

355 396 552 459 seque
591 386 654 443 et
691 379 1038 453 eohortem,
1093 376 1150 439 si
1191 376 1327 438 eius
1371 377 1579 440 vexilli
1622 376 1835 437 hostes
1877 376 2053 453 potiti
2088 386 2319 453 essent,

354 466 644 543 princeps
662 464 800 541 ipse
822 478 935 539 per
955 462 1190 523 fossam
1210 462 1563 537 vallumque
1583 460 1645 521 in
1666 467 1873 524 eastra
1892 460 2125 537 irrupit.
2168 462 2303 523 iam-

357 564 477 625 que
503 549 660 609 intra
685 548 913 611 vallum
938 540 1169 621 Peligni
1199 542 1575 621 pugnabant,
1605 560 1743 605 eum
1771 545 1962 605 altera
1990 551 2167 620 parte
2191 545 2315 607 Vu-

357 633 504 695 lerio
533 632 755 693 Flaeeo
796 630 1038 691 tribuno
1081 628 1335 689 rnilitum
1360 627 1581 689 tertiae
1602 628 1863 704 legionis
1906 626 2319 704 exprobrante

349 716 648 779 Romanis
677 714 1002 791 ignaviam,
1031 713 1135 787 qui
1157 712 1350 773 soeiis
1381 718 1699 789 captorum
1724 718 2069 773 castrorum
2094 728 2317 775 conee-

354 801 570 862 derent
597 800 808 871 deeuS,
847 799 912 858 T.
941 796 1246 859 Pedanius
1275 796 1567 873 princeps
1594 795 1829 873 primus
1855 796 2149 872 centurio,
2178 814 2319 859 eum

353 884 644 960 signifero
675 882 918 958 signum
945 881 1299 957 ademisset,
1342 880 1505 956 „iam
1532 881 1653 942 hee
1680 880 1937 956 signum.
1954 887 2016 942 et
2040 880 2145 942 hie
2172 897 2314 943 een·

352 967 552 1032 turio‘⁴
591 966 790 1045 inquit
828 966 1028 1041 „intra
1069 966 1295 1025 vallum
1335 964 1607 1026 hostium
1646 964 1786 1025 erit=
1830 971 2168 1041 sequantur
2209 966 2315 1041 qui

353 1052 493 1128 oapi
523 1052 767 1127 signum
805 1050 882 1111 ab
913 1051 1091 1111 hoste
1121 1047 1485 1126 prohibituri
1512 1052 1717 1111 sunt“.
1774 1049 2189 1125 manipulares
2216 1050 2315 1111 sui

352 1137 612 1212 primum
651 1135 1185 1198 transcendentem
1223 1135 1491 1208 fossam,
1537 1133 1688 1198 dein,
1722 1133 1883 1209 legio
1926 1140 2056 1194 tota
2100 1143 2313 1195 secuta

352 1227 465 1281 est.
528 1220 648 1281 iam
679 1228 741 1282 et
768 1220 1005 1296 consul,
1036 1220 1117 1280 ad
1147 1225 1548 1295 conspectum
1576 1216 2157 1293 transgredientium
2186 1219 2313 1279 val-

351 1304 476 1365 lum
502 1311 728 1372 mutato
759 1304 1038 1377 consilio,
1084 1302 1161 1363 ab
1190 1302 1547 1362 revocando
1580 1302 1663 1361 ad
1690 1301 2037 1362 incitandos
2066 1301 2311 1365 hortan-

352 1389 592 1463 dosque
635 1404 854 1449 versus
893 1387 1114 1448 milites
1129 1434 1146 1463 ‚
1190 1387 1544 1460 ostendere,
1587 1386 1650 1446 in
1692 1392 1919 1461 quanto
1960 1385 2313 1447 discrimine

351 1487 424 1533 ae
465 1472 738 1547 periculo
782 1472 1115 1535 fortissima
1156 1470 1385 1531 cohors
1428 1469 1743 1531 sociorum
1784 1477 1845 1531 et
1885 1468 2109 1531 civium
2148 1470 2311 1547 legio

351 1561 533 1617 esset.
599 1555 804 1633 itaque
835 1572 945 1633 pro
977 1571 1048 1617 se
1078 1554 1343 1631 quisque
1372 1570 1586 1615 omnes
1615 1570 1729 1631 per
1757 1569 1958 1631 aequa
1984 1560 2170 1631 abque
2198 1555 2311 1615 ini-

352 1655 474 1715 qua
495 1641 651 1713 loca,
684 1656 821 1701 eum
849 1640 1122 1715 undique
1141 1638 1262 1700 tela
1292 1638 1732 1711 conicerentur,
1764 1654 2057 1714 armaque
2085 1646 2146 1699 et
2174 1654 2311 1704 eor-

351 1740 504 1799 pora
545 1723 758 1786 hostes
803 1723 1146 1796 obicerent,
1203 1724 1549 1799 pervadunt
1588 1724 2071 1799 irrumpuntque.
2140 1724 2312 1785 multi

351 1809 676 1883 vulnerati,
735 1809 917 1869 etiam
959 1823 1118 1884 quos
1160 1807 1327 1868 vires
1356 1806 1623 1882 ‚sanguis
1664 1808 2007 1883 desereret,
2048 1813 2117 1868 ut
2153 1806 2311 1869 intra

350 1893 572 1953 vallum
621 1893 890 1954 hostium
941 1893 1230 1953 caderent
1276 1890 1641 1953 nitebantur.
1708 1899 1888 1968 eapte
1929 1891 2135 1967 itaque
2177 1908 2309 1952 mo-

349 1985 550 2037 mento
580 1977 874 2053 temporis
903 1979 1071 2040 velut
1109 1977 1170 2035 in
1201 1976 1387 2050 plano
1418 1977 1537 2037 sita
1563 1992 1679 2036 nee
1708 1976 2049 2052 permunita
2084 1984 2308 2036 eastra.

348 2060 573 2121 caedes
617 2060 762 2120 inde
803 2075 924 2121 non
966 2059 1088 2119 iam
1129 2075 1339 2135 pugna
1381 2065 1511 2119 erat
1558 2059 1842 2121 omnibus
1884 2060 2043 2120 intra
2079 2060 2310 2121 vallum

347 2143 682 2218 permixtis.
749 2160 938 2219 supra
965 2159 1077 2203 sex
1106 2142 1271 2203 milia
1296 2143 1565 2205 hostium
1594 2144 1818 2219 occisa,
1850 2159 2039 2220 supra
2066 2149 2305 2219 septem

345 2226 512 2288 milia
561 2227 828 2305 capitum
869 2244 1009 2288 eum
1058 2227 1595 2289 frumentatoribus
1638 2227 1964 2304 Campanis
2016 2228 2308 2305 omnique

345 2312 754 2387 plaustrorum
795 2318 856 2371 et
893 2312 1299 2372 iumentorum
1338 2318 1636 2388 apparatu
1678 2318 1876 2388 eapte.
1954 2318 2015 2372 et
2054 2312 2178 2373 aliu
2214 2313 2306 2373 in-

344 2410 498 2469 gens
519 2396 752 2471 praeda
770 2396 900 2470 fuit,
931 2411 1115 2471 quarn
1128 2395 1366 2470 Hanno,
1396 2395 1873 2472 populabundus
1902 2395 2138 2471 passim
2167 2413 2305 2457 eum

344 2478 526 2553 isset,
570 2495 649 2540 ex
691 2480 999 2541 sociorum
1042 2480 1254 2555 populi
1295 2478 1553 2541 Romani
1594 2479 1759 2555 agris
1800 2487 2082 2541 traxerat.
2159 2480 2307 2541 inde

345 2563 598 2625 deieetis
639 2564 907 2625 hostium
947 2566 1164 2625 eastris
1192 2564 1609 2624 Beneventum
1646 2564 1935 2636 reditum,
1980 2565 2303 2640 praedam-

345 2663 464 2722 que
504 2647 590 2708 ibi
630 2647 810 2709 ambo
849 2648 1138 2708 eonsules
1176 2678 1264 2693 —-
1298 2663 1439 2707 nam
1480 2653 1540 2707 et
1564 2650 1685 2723 Ap.
1718 2647 2006 2709 Claudius
2040 2663 2116 2708 eo
2158 2657 2305 2725 post

342 2746 580 2806 paucos
619 2732 754 2791 dies
794 2732 961 2792 venit
997 2765 1085 2779 ---
1113 2730 1520 2792 vendiderunt
1548 2731 2029 2807 diviseruntque.
2099 2739 2161 2793 et
2188 2734 2300 2793 do-

342 2814 467 2876 nati
497 2832 757 2891 quorum
787 2830 980 2891 opera
1007 2822 1210 2877 eastra
1235 2815 1499 2876 hostium
1530 2823 1712 2893 eapte
1740 2823 1927 2887 erant,
1972 2824 2112 2876 ante
2140 2816 2301 2879 alios

340 2902 623 2959 Aeeeeus
664 2897 948 2973 Pelignus
989 2900 1054 2958 Τ.
1085 2898 1388 2960 Pedanius
1432 2900 1721 2977 princeps
1761 2900 1975 2962 tertiae
2016 2902 2300 2976 legionis.

339 2980 558 3041 Hanno
589 2980 668 3041 ab
698 2982 972 3043 Cominio
1003 2982 1219 3056 Cerito,
1268 3000 1391 3060 quo
1422 2984 1692 3045 nuntiata
1719 2991 2057 3046 castrorum
2086 2985 2301 3047 eludes

340 3072 465 3141 est,
519 3081 655 3126 eum
697 3065 910 3142 paucis
955 3068 1520 3143 frumentatoribus,
1566 3084 1723 3145 quos
1754 3069 1910 3129 forte
1950 3084 2161 3130 seeum
2188 3069 2299 3129 ha-

337 3147 569 3225 buerat,
599 3152 782 3226 fugae
812 3152 1005 3227 magis
1036 3168 1219 3227 quam
1247 3152 1479 3214 itineris
1508 3154 1696 3215 modo
1726 3152 1786 3213 in
1800 3153 2071 3215 Bruttios
2096 3154 2299 3215 rediit.

337 3230 470 3293 XV.
529 3242 590 3296 et
630 3235 921 3313 Campani
963 3238 1170 3298 audita
1211 3252 1327 3297 sua
1368 3238 1594 3314 pariter
1637 3238 2073 3315 sociorumque
2118 3238 2298 3299 clade

340 3323 576 3392 teg-atos
603 3320 1096 3381 adHannihalem
1117 3321 1426 3396 miserunt,
1460 3322 1562 3398 qui
1584 3322 1931 3384 nuntiarent
1959 3323 2117 3384 duos
2148 3338 2297 3383 con-

339 3403 508 3463 sules
535 3403 616 3464 ad
644 3404 1060 3467 Beneventum
1086 3422 1232 3467 esse
1263 3406 1385 3467 diei
1413 3407 1527 3468 iter
1554 3424 1594 3469 a
1622 3407 1862 3483 Capua,
1908 3414 2141 3468 tantum
2168 3422 2295 3468 non

341 3486 418 3545 ad
457 3495 670 3564 portas
710 3495 772 3549 et
808 3506 1019 3552 muros
1058 3488 1286 3552 bellum
1328 3504 1489 3551 esse.
1552 3490 1614 3551 ni
1642 3506 1911 3567 propere
1950 3492 2293 3567 subveniat,
