2550 3959
673 236 908 297 LIBER
933 236 1122 298 XXV.
1169 236 1337 298 CAP.
1366 245 1419 299 9.
1462 242 1534 311 [a.
1558 242 1625 298 C.
1649 245 1774 311 212}
2114 239 2195 303 61

221 402 410 467 quam
435 388 764 448 Tarentum
791 384 882 447 ire
909 384 1248 463 constituit,
1290 386 1507 449 decem
1535 388 1777 451 milibus
1804 390 2081 465 peditum
2110 400 2194 454 at-

224 488 350 549 que
381 472 675 548 equitum,
709 484 870 546 quos
897 469 960 531 in
989 470 1383 546 expeditione
1410 472 1735 533 velocitate
1766 488 2095 549 corp-orum
2122 493 2195 537 ac
2235 545 2241 551 ,

219 555 470 617 levitate
499 570 810 616 armorum
831 555 1189 631 aptissimos
1213 568 1359 615 esse
1378 561 1547 617 ratus
1572 563 1685 633 est,
1715 557 1945 634 electis,
1979 567 2195 636 quarta

219 640 434 715 vigilia
471 638 673 702 noctis
715 639 896 715 signa
931 638 1149 714 movit,
1201 640 1688 717 praemissisque
1730 642 2037 717 octoginta
2066 644 2195 705 fere

220 722 502 785 Numidis
549 721 855 799 equitibus
905 723 1233 798 praecipit,
1284 731 1353 785 ut
1391 724 1807 787 discurrerent
1856 727 2020 788 circa
2056 728 2191 789 vias

221 808 792 885 perlustrarentque
833 808 1039 869 omnia
1068 807 1293 883 oculis,
1337 823 1415 868 ne
1447 808 1587 886 quis
1615 811 1947 886 agrestium
1973 814 2189 887 procul

223 897 544 968 spectator
586 890 844 967 agminis
884 892 1149 962 falleret3
1193 907 1603 969 praegressos
1630 894 2038 971 retraherent,
2082 896 2191 957 ob-

219 976 364 1037 vios
395 975 773 1051 occiderent,
803 981 872 1037 ut
897 976 1283 1051 praedonum
1308 978 1503 1051 magis
1540 994 1723 1054 quam
1751 981 2059 1041 exercitus
2089 996 2191 1041 ac·

221 1061 380 1122 colis
426 1060 671 1135 species
715 1066 902 1120 esset.
971 1061 1112 1135 ipse
1150 1061 1372 1137 raptim
1402 1062 1644 1137 agmine
1674 1070 1811 1125 acto
1843 1065 2192 1139 quindecim

221 1145 422 1205 ferme
458 1142 686 1205 milium
729 1144 930 1219 spatio
979 1150 1184 1205 castra
1225 1144 1303 1204 ab
1334 1145 1593 1207 Tarento
1623 1147 1863 1222 posuit;
1913 1155 1975 1209 ct
2000 1164 2080 1214 ne.
2108 1148 2192 1208 ibi

222 1228 476 1305 quidem
507 1228 796 1303 nuntiam,
828 1243 952 1305 quo
982 1236 1329 1305 pergerent.
1372 1234 1601 1291 tanturn
1632 1238 2009 1293 convocatos
2038 1233 2191 1291 mili-

223 1319 326 1375 tes
367 1311 630 1389 monuit,
668 1312 772 1371 via
813 1328 1028 1373 omnes
1067 1312 1225 1373 irent
1265 1327 1381 1373 nec
1422 1312 1657 1373 deverti
1688 1329 2056 1390 quemquam
2088 1324 2193 1379 aut

221 1395 534 1457 excedere
563 1395 839 1457 ordinem
869 1395 1127 1472 agminis
1158 1402 1529 1473 paterentur,
1559 1405 1622 1459 et
1646 1398 1709 1459 in
1738 1398 1949 1475 primis
1978 1400 2189 1462 intenti

221 1480 310 1541 ad
333 1480 595 1557 imperia
623 1479 984 1558 accipienda
1012 1488 1242 1556 essent,
1277 1498 1403 1545 neu
1432 1482 1583 1558 quid
1610 1483 1729 1543 nisi
1760 1484 1986 1545 ducum
2015 1484 2191 1547 iussu

219 1566 500 1625 facerent
513 1587 530 1621 ε
567 1578 640 1624 se
666 1564 727 1625 in
755 1570 1033 1641 tempore
1061 1564 1363 1627 editurum
1397 1582 1559 1643 quae
1581 1570 1770 1628 vellet
1798 1569 1915 1643 agi.
1973 1569 2191 1630 eadem

217 1650 418 1709 ferme
455 1648 613 1709 hora
649 1648 974 1710 Tarentum
1016 1650 1180 1709 fama
1217 1660 1585 1726 pervenerat
1609 1651 1901 1713 Numidas
1948 1654 2188 1728 equites

151 1806 160 1815 ι
215 1748 463 1811 paucos
502 1734 790 1807 populari
829 1748 1016 1809 agros
1057 1740 1479 1809 terroremque
1517 1738 1637 1793 late
1666 1736 2010 1809 agrestibus
2040 1736 2187 1797 inie-

219 1818 409 1879 cisse.
467 1817 549 1877 ad
578 1832 758 1893 quem
788 1819 1062 1879 nuntium
1089 1816 1239 1877 nihil
1267 1818 1426 1879 ultra
1452 1824 1657 1879 motus
1686 1818 2037 1893 praefectus
2065 1820 2187 1884 Ro-

215 1917 472 1978 manus,
516 1916 699 1978 quam
736 1908 808 1963 ut
829 1908 1064 1979 partem
1107 1902 1378 1977 equitum
1415 1908 1667 1977 postero
1698 1902 1799 1962 die
1825 1904 1965 1963 luce
1992 1904 2190 1979 prima

215 1982 460 2047 iuberet
487 1985 657 2045 exire
684 1986 764 2045 ad
789 1986 1121 2047 arcendum
1151 1986 1653 2063 populationibus
1680 1987 1950 2048 hostem=
1996 1990 2057 2048 in
2089 2004 2187 2051 ce·

218 2077 354 2132 tera
394 2069 552 2131 adeo
595 2068 743 2129 nihil
783 2070 864 2131 ob
891 2069 954 2130 id
985 2071 1215 2132 intenta
1255 2086 1405 2131 cura
1436 2078 1561 2143 est,
1604 2079 1673 2133 ut
1704 2080 1913 2133 contra
1941 2088 2055 2148 pro
2092 2090 2183 2133 ar·

216 2160 512 2231 gumento
557 2152 741 2215 fuerit
778 2153 883 2214 illa
927 2156 1319 2230 procursatio
1360 2155 1758 2217 Numidarum
1784 2156 2187 2218 Hannibalem

220 2236 690 2316 exercitumque
738 2238 955 2299 castris
1009 2254 1132 2300 non
1181 2239 1473 2301 movisse.
1541 2239 1845 2300 Hannibal
1889 2242 2190 2303 concubia

216 2327 407 2385 nocte
445 2322 654 2384 movit.
721 2322 848 2383 dux
875 2310 1262 2384 philemenus
1294 2330 1427 2383 erat
1456 2340 1595 2385 cum
1623 2324 1803 2385 solito
1836 2332 2055 2399 captae
2084 2341 2186 2386 ve-

212 2404 486 2468 nationis
514 2418 735 2478 onere3
781 2408 965 2467 ceteri
993 2407 1342 2483 proditores
1366 2420 1440 2466 ea
1471 2424 1629 2483 quae
1652 2408 1995 2482 composita
2016 2416 2189 2471 erant

213 2490 687 2567 exspectabant.
757 2498 1128 2553 convenerat
1159 2500 1391 2565 autem,
1434 2498 1502 2551 ut
1527 2490 1914 2550 Philemenus
1948 2496 2189 2568 portula

215 2576 487 2636 adsueta
531 2575 922 2635 venationem
973 2576 1244 2636 inferens
1301 2580 1570 2635 armatos
1611 2574 1961 2651 induceret,
2011 2582 2188 2651 parte

213 2659 341 2719 alia
367 2665 609 2734 portam
635 2659 1012 2721 Temenitida
1040 2660 1236 2721 adiret
1263 2657 1585 2720 Hannibal:
1642 2672 1719 2719 ea
1742 2660 2189 2722 mediterranea

211 2743 393 2819 regio
423 2748 546 2818 est,
591 2742 884 2805 orientem
913 2748 1188 2826 spectat,
1241 2745 1437 2819 ibique
1468 2744 1637 2805 busta
1668 2746 1853 2819 spatii
1910 2744 2185 2821 aliquan-

212 2836 348 2889 tum
374 2826 534 2887 intra
561 2828 805 2890 moenia
830 2828 1168 2889 includunt.
1234 2843 1373 2889 cum
1400 2833 1615 2903 portae
1644 2828 2185 2906 appropinquaret,

215 2910 428 2972 editus
456 2927 538 2972 ex
582 2913 926 2987 composito
968 2912 1128 2987 ignis
1169 2912 1246 2972 ab
1286 2912 1627 2973 Hannibale
1668 2917 1765 2973 est
1804 2914 2187 2989 refulsitque.

216 2996 388 3055 idem
442 2995 744 3057 redditum
799 2996 876 3057 ab
934 2996 1168 3057 Nicone
1223 2997 1496 3072 signum:
1568 2997 1907 3057 exstinctae
1965 2998 2189 3059 deinde

210 3078 528 3155 utrimque
551 3078 834 3141 flammae
857 3086 1017 3141 sunt.
1059 3080 1363 3141 Hannibal
1385 3081 1627 3141 silentio
1652 3080 1919 3142 ducebat
1940 3082 2020 3142 ad
2041 3099 2184 3157 por-

208 3169 358 3223 tam.
414 3163 567 3225 Nico
597 3180 677 3223 ex
705 3165 1041 3239 improviso
1073 3164 1327 3226 adortus
1363 3164 1603 3241 sopitos
1634 3166 1851 3241 vigiles
1879 3164 1941 3223 in
1975 3164 2185 3225 cubili-

210 3247 336 3308 bus
367 3246 500 3308 suis
531 3248 882 3323 obtruncat,
914 3255 1283 3325 portamque
1310 3250 1523 3325 aperit.
1577 3247 1879 3309 Hannibal
1911 3263 2047 3309 cum
2079 3264 2183 3325 pe-

212 3331 412 3393 ditum
439 3333 682 3407 agmine
707 3333 1074 3409 ingreditur,
1105 3335 1343 3409 equites
1374 3334 1715 3394 subsistere
1742 3330 1939 3407 iubet,
1969 3340 2035 3395 ut
2063 3350 2185 3410 quo

211 3430 319 3475 res
348 3418 625 3491 postulet
655 3433 980 3479 occurrere
1006 3418 1200 3479 libero
1230 3434 1449 3493 campo
1478 3423 1757 3493 possent.
1804 3422 1866 3478 et
1890 3417 2182 3477 Phileme-

213 3514 335 3560 nus
363 3500 649 3575 portulae
677 3508 851 3579 parte
879 3502 1027 3579 alia,
1070 3516 1194 3577 qua
1223 3518 1567 3563 commeare
1595 3501 1913 3575 adsuerat,
1959 3516 2181 3578 appro-
