2550 3959
998 288 1374 341 PRAEFATIO.
2124 304 2157 344 v

183 445 466 511 qendisque
501 443 634 509 qaod
665 440 943 507 reliquum“
980 442 1046 493 ef.
1083 441 1171 507 26,
1212 442 1299 495 51.
1362 441 1517 493 Drak.
1555 442 1725 491 nescio
1763 458 1828 492 au
1862 451 1998 494 recte
2032 446 2161 495 iudi·

183 514 377 565 caverit
409 513 516 563 diei
547 514 730 563 abesse
763 525 938 576 posse.
1011 511 1067 564 G.
1109 510 1192 564 16.
1234 512 1281 562 si
1316 514 1363 560 A
1396 512 1565 576 „vallo
1600 510 1904 562 ediderwu“
1942 513 2164 581 exhibet,

185 582 368 633 eodem
413 583 567 633 modo
604 595 706 644 quo
739 580 894 645 paulo
930 596 1085 647 supra
1117 582 1170 630 iu
1205 596 1252 631 v.
1293 582 1591 639 henderunt,
1638 580 1893 643 siquidem
1926 583 1997 631 ibi
2029 593 2165 634 recte

183 652 479 703 accenditur
511 652 566 699 in
599 650 831 699 accendit
864 656 934 713 at,
972 650 1040 701 cf.
1081 666 1126 703 c.
1168 646 1249 701 17.
1290 650 1572 709 diceretur,
1610 656 1861 700 mutatum
1898 659 1993 710 est,
2032 668 2164 702 erra-

185 732 292 771 tum
321 720 541 771 videtur.
615 720 688 768 ib.
726 716 980 783 ,‚nisicai“
1017 733 1111 785 pro
1139 720 1335 784 nisique
1370 718 1734 783 reponendum,
1770 716 1819 769 ἐι
1852 720 1903 769 in
1936 718 1977 768 B
2010 721 2169 771 morbi

181 806 344 841 caasa
379 788 656 855 significari
683 795 824 852 puto,
859 787 926 838 cf.
969 788 1054 838 ad.
1089 784 1176 854 38,
1213 787 1302 851 52,
1336 786 1389 839 3.
1447 787 1630 852 Zumpt
1660 789 1729 838 ad
1758 788 1904 838 Verr.
1942 803 1997 853 p.
2038 786 2159 841 770.

183 858 238 908 C.
277 855 365 910 17.
404 858 683 923 „Romanis
715 858 871 908 miuus
913 855 1305 922 quadrinqeuti“
1355 872 1471 907 cum
1506 855 1683 911 Alsch.
1720 858 1866 923 dedi,
1902 856 1970 908 cs.
2008 858 2161 909 Jahn.

181 930 317 979 Anu.
359 926 462 977 vol.
501 924 592 978 31.
627 942 682 992 p.
724 922 844 977 194.
922 924 977 975 G.
1014 922 1100 977 18.
1149 927 1401 992 suspicari
1445 926 1619 991 possis
1662 934 1813 991 „post
1852 925 2161 979 Cannensem

181 998 312 1047 diem
347 994 443 1061 (cf.
481 996 616 1048 Flor.
654 992 708 1057 4,
747 992 836 1060 24,
872 991 969 1060 43)
1008 996 1072 1045 de
1103 996 1249 1045 Italia
1282 995 1565 1045 deserenda
1601 996 1897 1046 coniurasse
1928 996 2163 1047 diceban-

180 1062 324 1118 tur“.
363 1066 433 1116 ib.
468 1080 585 1115 cum
612 1065 665 1114 in
681 1066 744 1113 A.
768 1071 902 1113 esset
932 1066 1159 1115 imerici
1171 1064 1473 1114 censoriae“
1494 1063 1763 1115 emendavi
1797 1072 1936 1130 „tam
1956 1068 2164 1116 meritae

178 1150 226 1183 c.
247 1137 340 1187 n.“
401 1134 469 1186 cf.
505 1133 658 1183 Drak.
699 1129 748 1191 6,
769 1130 859 1199 26,
881 1131 931 1183 2.
968 1131 1054 1198 26,
1075 1133 1162 1200 50,
1185 1132 1269 1185 13.
1346 1133 1400 1183 C.
1438 1132 1528 1185 20.
1561 1134 1714 1198 „dum
1745 1132 1873 1184 llaec
1906 1135 2013 1184 alia
2048 1137 2163 1185 aliis

177 1200 350 1253 locis“
388 1201 660 1268 Jeniekius,
695 1203 748 1251 in
785 1203 922 1266 quod
957 1211 1008 1253 et
1041 1204 1153 1268 ipse
1190 1203 1497 1253 incideram:
1546 1203 1684 1252 idem
1719 1203 1785 1252 V.
1812 1204 1875 1253 D.
1915 1202 2033 1263 „M.
2072 1205 2162 1254 Li·

175 1269 1054 1405 mffl‘foessfflss‘ffissff·
1087 1272 1914 1403 ῗὲἑὲῧωῖκῗῗὸτωῖἰῆηἱὲἱ.
1949 1287 2161 1392 εζῗᾷἶῖ

711 1376 726 1404 ,
827 1377 842 1392 .
1031 1376 1046 1390 .
1290 1379 1305 1393 .
1426 1378 1441 1392 .
1584 1379 1598 1393 .
1704 1374 1719 1390 .

179 1425 278 1475 pro
329 1409 574 1473 ,merinde
617 1406 870 1459 intentus“
918 1411 1143 1476 positum
1178 1411 1373 1476 putavi.
1454 1409 1526 1461 ib.
1564 1408 1739 1463 Alsch.
1774 1417 1907 1460 recte
1942 1408 2160 1461 fortasse

179 1479 416 1545 „dimissi
442 1474 596 1529 ποιεί*
644 1478 876 1544 scripsit,
925 1494 1040 1529 cum
1076 1479 1130 1528 in
1160 1482 1208 1528 A
1240 1480 1285 1528 D
1322 1479 1535 1530 dimissis
1565 1478 1781 1545 legatur.
1858 1478 1911 1531 G.
1949 1478 2038 1532 21.
2074 1482 2158 1530 mi·

177 1550 416 1613 litiaeque
445 1547 738 1613 swaendae
754 1555 851 1597 etc.
893 1547 1046 1598 Gron.
1087 1548 1398 1607 emendavit;
1435 1548 1532 1599 sed
1565 1548 1761 1614 dubito,
1797 1563 1919 1597 num
1943 1549 2159 1599 multum

181 1617 401 1669 valuerit
438 1617 579 1683 apud
612 1616 830 1666 militum
863 1618 1080 1680 animos,
1120 1618 1259 1681 quod
1292 1618 1578 1682 potioribus
1618 1617 1831 1667 ducibus
1868 1625 2038 1668 esseut
2071 1620 2157 1669 sti-

177 1686 372 1753 pendia
408 1686 620 1744 facturn
658 1700 833 1735 verum
859 1700 973 1736 esse
995 1694 1122 1752 puto
1145 1686 1286 1751 quod
1309 1688 1362 1735 in
1382 1687 1499 1738 cdd.
1530 1687 1719 1751 legitur
1752 1688 1931 1751 „militi
1949 1686 2157 1753 atque“,

177 1756 499 1807 intercidisse
534 1762 706 1803 autem
740 1768 852 1804 eam
890 1770 997 1805 rem
1031 1756 1176 1805 cuius
1213 1769 1333 1819 spes
1364 1753 1500 1804 facta
1534 1763 1612 1804 est
1650 1756 1883 1808 ducibus.
1934 1758 2155 1822 priorem

177 1823 424 1874 Gronovii
458 1823 796 1873 coniecturam
829 1823 1028 1873 firmare
1062 1823 1299 1873 videntur
1328 1823 1443 1872 loca
1474 1822 1667 1872 similia
1700 1822 1788 1891 23,
1808 1822 1903 1884 463
1940 1822 2029 1890 32,
2054 1824 2152 1883 233

176 1893 337 1947 Tacit.
373 1893 434 1943 Η.
465 1892 510 1952 l,
533 1889 622 1942 25.
697 1889 751 1943 0.
791 1890 879 1942 22.
911 1894 1152 1955 princeps
1183 1907 1312 1942 unus
1346 1892 1485 1955 quod
1520 1892 1573 1941 in
1606 1893 1651 1942 D
1693 1900 1771 1942 est
1805 1906 1908 1943 non
1943 1908 2149 1959 sperno.

175 1964 250 2013 ib.
284 1961 409 2011 mihi
444 1976 545 2011 non
577 1961 863 2026 persuadeo
887 1960 1090 2011 Livium
1127 1962 1281 2013 verbo
1318 1968 1369 2011 et
1398 1962 1771 2013 constructione
1808 1963 2015 2013 insolita
2036 1979 2153 2015 cou-

177 2033 366 2082 iuuctis
389 2030 656 2095 scripsisse
691 2031 1048 2094 „servitudinis
1074 2031 1485 2097 indiqnitatisque
1500 2057 1571 2069 —
1587 2029 1888 2099 expertoe“,
1923 2039 1973 2081 et
2005 2048 2155 2097 „ser-

173 2100 346 2152 vitutis
378 2099 712 2162 turpitudines
762 2100 1176 2166 indiqnitatesque
1196 2126 1267 2137 -—
1289 2097 1571 2163 efferto&
1623 2102 1849 2166 conieci,
1901 2101 1967 2154 cr.
2005 2100 2149 2152 Caes.

173 2170 236 2220 Β.
263 2168 323 2219 G.
345 2167 397 2234 2,
425 2164 508 2221 14.
546 2168 698 2217 Fabri
729 2168 796 2218 ad
829 2168 882 2221 h.
904 2168 939 2221 Ι.
965 2224 973 2231 ,
1001 2170 1073 2221 ib.
1110 2171 1279 2236 „satie
1308 2166 1572 2220 libertati“
1609 2170 1831 2235 restitui,
1865 2184 1930 2219 ne
1954 2170 2007 2220 in
2026 2187 2151 2221 nece

173 2238 377 2305 tyranni
411 2237 618 2288 libertas
655 2252 772 2287 esse
806 2237 1090 2298 videretur3
1127 2254 1156 2288 s
1191 2246 1246 2288 ut
1282 2252 1438 2303 saepe
1472 2238 1600 2289 alias
1634 2239 1851 2303 adiecta,
1888 2248 1939 2291 et
1977 2238 2031 2289 G.
2062 2238 2150 2291 23.

175 2307 269 2358 ubi
297 2306 536 2357 creandi&
568 2308 623 2356 in
658 2304 788 2356 ABD
824 2315 917 2359 est.
969 2307 1040 2359 ib.
1074 2308 1136 2357 A.
1173 2307 1356 2357 habet:
1394 2307 1767 2374 libertatemque
1799 2308 2152 2371 hippocrates.-

175 2384 233 2427 ιιι
269 2390 456 2427 vocem
497 2375 748 2430 excidisse
784 2374 1188 2441 (cortem-diamD
1234 2376 1490 2443 suspicari
1523 2379 1714 2442 possis.
1787 2376 1961 2427 Alsch.
2001 2386 2151 2445 atque

171 2446 276 2496 scri
317 2446 402 2497 sit.
487 2442 541 2498 G.
577 2441 666 2497 24.
721 2444 981 2497 ffimistio
1028 2461 1130 2496 non
1173 2445 1410 2510 displicet
1444 2446 1699 2498 Lobeckio
1737 2446 1936 2497 Pathol.
1974 2448 2042 2497 V.
2084 2448 2144 2499 G.

169 2530 228 2581 p.
299 2511 386 2563 24.
459 2514 526 2567 ib.
565 2513 742 2567 Alsch.
783 2524 919 2565 recte
953 2516 1150 2566 addidit
1175 2516 1414 2579 priorem,
1452 2516 1606 2564 etiam
1637 2516 1961 2581 antiquiorem
1996 2517 2146 2567 inter-

171 2584 345 2634 cidere
377 2584 563 2649 potnit,
601 2583 671 2637 cf.
710 2580 762 2649 7,
795 2581 884 2636 31.
960 2583 1016 2638 G.
1054 2582 1140 2634 25.
1177 2582 1395 2633 fortasse
1431 2591 1521 2633 aut
1556 2584 1759 2633 vixdum
1786 2590 2031 2648 praestat.
2073 2585 2144 2635 ib.

168 2666 360 2715 cupere
394 2652 582 2704 mdice
618 2667 733 2703 cum
755 2652 930 2704 Alsch.
957 2652 1175 2703 eBerol.
1213 2652 1416 2718 scripsi,
1453 2653 1549 2703 sed
1584 2652 1725 2703 aliud
1755 2668 1869 2704 voc.
1902 2652 2058 2721 latere
2093 2655 2145 2703 in

169 2719 454 2787 ,stuperst
500 2723 804 2787 putaverim.
873 2722 1024 2773 Hertz
1059 2722 1348 2787 suspicatur
1382 2719 1679 2787 „struere“.
1744 2738 1807 2772 ne
1843 2724 2144 2787 „supplicio-

167 2790 320 2841 Μ’*
368 2792 573 2854 quidem
624 2799 814 2842 certum
851 2800 902 2843 et
931 2792 1056 2842 satis
1088 2799 1281 2857 aptum,
1342 2792 1517 2856 vulqus
1552 2800 2001 2842 commemoratum
2032 2808 2143 2844 esse

169 2860 436 2925 probabile
481 2868 576 2913 est.
650 2861 706 2911 C.
751 2859 838 2914 26.
895 2861 1012 2911 cdd.
1062 2863 1152 2922 „in
1195 2860 1455 2911 orbitatem
1505 2859 1893 2913 decedentibus“
1940 2861 2143 2921 liabent,

167 2929 440 2979 Bottchero
477 2938 526 2979 et
564 2928 737 2981 Alsoh.
776 2931 1074 2997 probatum3
1115 2931 1238 2980 dum
1271 2930 1463 2981 similia
1496 2932 1791 2982 adferantur
1824 2931 1963 2997 vulg.
1998 2948 2142 2983 revo-

167 2999 305 3049 cavi.
369 2999 440 3049 ib.
479 3000 652 3049 timere
688 3000 741 3049 in
766 2999 810 3049 D
841 3010 937 3063 est,
972 3007 1022 3048 et
1057 3000 1168 3049 sine
1205 2999 1360 3049 dubio
1396 2999 1451 3049 in
1485 3000 1571 3053 au.
1594 3000 1711 3052 cdd.
1748 3001 1821 3051 ib.
1844 3016 1968 3051 num
1996 3018 2143 3052 casse

165 3074 308 3120 reete
341 3067 541 3118 dicatur
576 3070 830 3131 dubitans,
871 3067 937 3117 cf.
963 3067 1127 3118 Hand.
1168 3069 1319 3118 Turs.
1344 3070 1405 3132 Π,
1430 3066 1504 3137 7.,
1542 3070 1663 3120 dedi
1691 3078 1889 3136 quertm
1930 3071 1999 3123 ib.
2038 3072 2142 3134 „de

165 3153 227 3187 se
259 3134 624 3187 manabilerff
654 3137 874 3189 sortasse
905 3136 1110 3187 defendi
1144 3146 1363 3203 poterat,
1400 3139 1465 3195 cf.
1502 3140 1667 3192 Haud.
1690 3140 1723 3187 Ι.
1745 3138 1778 3190 l.
1806 3138 1925 3189 212.
1969 3137 2025 3188 G.
2048 3136 2135 3191 27.

163 3212 384 3258 stactam
429 3207 636 3257 cmnitiie
677 3207 952 3273 legendum
985 3221 1098 3256 esse
1145 3207 1429 3273 putaverim
1462 3216 1628 3258 essent
1661 3224 1690 3258 e
1722 3207 2141 3272 praecedentibus

163 3276 457 3343 repetitum.
514 3275 696 3326 deinde
730 3276 792 3328 D.
828 3285 879 3326 et
910 3275 1153 3326 vossium
1189 3285 1239 3326 et
1269 3275 1561 3326 Besslerum
1593 3288 1745 3339 atque
1781 3274 1955 3328 Alsch.
1993 3289 2139 3326 seeu-

163 3358 249 3397 tus
285 3344 580 3396 hahendam
615 3360 719 3395 rem
755 3345 902 3406 dedi,
951 3343 1049 3393 etsi
1085 3344 1251 3395 facilis
1298 3346 1452 3395 etiam
1485 3345 1695 3411 Ruperti
1742 3345 2029 3394 coniectura
2063 3353 2141 3395 est

165 3430 198 3464 a
215 3414 450 3466 Jeniekio
487 3428 686 3479 quoque
720 3413 856 3465 facta
888 3413 1205 3481 „trahendae
1239 3412 1376 3475 rei“,
1414 3422 1465 3465 et
1497 3414 1748 3465 trahenda
1772 3429 1831 3465 re
1856 3414 2027 3478 aliqua
2059 3428 2135 3463 ra-

167 3484 303 3535 tione
353 3482 560 3533 defendi
593 3492 784 3550 potest,
839 3483 906 3535 cf.
951 3484 1169 3547 interpp.
1209 3483 1276 3533 ad
1310 3482 1429 3533 Tac.
1466 3484 1599 3537 Ann.
1635 3481 1687 3548 3,
1711 3479 1793 3549 19,
1822 3484 1871 3532 1.
1920 3483 2137 3532 Vossius

159 3569 372 3605 censere
401 3553 620 3603 malebat
655 3568 808 3617 quam
840 3567 971 3604 esse.
1045 3552 1114 3601 ib.
1157 3552 1335 3616 „aliae
1362 3550 1570 3615 ραν-τίςει
1606 3562 1655 3603 et
1689 3559 1896 3617 propter
1925 3552 2133 3602 fonnem
