2550 3959
565 154 795 217 LIBER
815 156 1023 217 XXIX.
1068 156 1424 221 CAP.9.1o.
1471 164 1544 231 [a.
1571 162 1635 215 c.
1662 168 1788 233 2⁰⁵1
2031 156 2163 223 289

193 328 363 373 arina
404 310 849 373 conclamatum
889 316 1089 385 esset,
1131 316 1590 373 concurrerunt.
1663 316 1890 372 etcum
1929 309 2156 373 violata

192 397 311 457 iam
362 392 551 471 virgis
604 408 869 471 corpora
918 392 1298 458 tribunorum
1345 392 1675 466 vidissent,
1727 402 1856 456 tum
1903 409 2052 458 vero
2094 395 2154 457 in

191 479 379 541 multo
408 476 899 553 impotentiorem
926 476 1128 543 subito
1156 477 1390 541 rabiem
1413 478 1678 553 accensi,
1708 477 1842 538 sine
1867 484 2155 555 respectu

192 580 317 624 non
359 560 693 631 maiestatis
736 560 923 627 modo
964 562 1078 623 sed
1120 561 1300 626 etiam
1327 560 1748 637 humanitatis,
1800 562 1862 621 in
1891 562 2147 637 legatum

192 647 481 725 impetum
530 644 845 707 lictoribus
896 643 1069 722 prius
1121 646 1436 720 indignum
1477 646 1540 707 in
1581 646 1830 713 modum
1877 646 2156 711 mulcatis

194 731 457 793 faciunt:
506 734 655 791 tunc
681 727 888 805 ipsum
919 728 996 789 ab
1026 728 1156 791 suis
1185 728 1591 807 interceptum
1625 736 1688 790 et
1711 728 2025 795 seclusum
2045 728 2155 792 ho-

194 814 410 878 stiliter
448 812 748 891 lacerant,
796 818 859 873 et
896 825 1096 890 prope
1143 828 1519 888 exsanguem
1572 830 1728 877 naso
1779 813 2158 891 auribusque

194 894 481 963 mutilatis
519 896 887 975 relinquunt.
955 896 1051 961 his
1078 896 1432 967 Messanam
1459 897 1746 959 nuntiatis
1777 896 1987 975 Scipio
2015 906 2158 975 post

195 996 435 1057 paucos
464 980 597 1043 dies
620 980 854 1043 Locros
882 980 1111 1047 hexere
1134 980 1430 1044 advectus
1454 996 1592 1046 cum
1616 996 1867 1043 causam
1886 980 2159 1043 Pleminii

196 1072 255 1127 et
283 1065 663 1129 tribunorum
692 1064 987 1139 audisset,
1015 1062 1309 1137 Pleminio
1338 1080 1506 1125 noxa
1531 1064 1788 1128 liberato
1817 1065 2159 1143 relictoque

195 1150 256 1210 in
298 1149 577 1216 eiusdem
618 1148 735 1211 loci
776 1147 1121 1227 praesidio,
1160 1147 1420 1211 tribunis
1460 1148 1742 1213 sontibus
1784 1148 2068 1209 iudicatis
2099 1155 2160 1209 et

196 1232 257 1293 in
300 1234 503 1297 vincla
542 1232 833 1298 coniectis
854 1279 870 1307 ,
918 1239 984 1295 ut
1022 1232 1281 1296 Romam
1321 1232 1404 1298 ad
1443 1239 1723 1295 senatum
1764 1232 2158 1308 mitterentur,

196 1317 551 1382 Messanam
580 1325 765 1393 atque
792 1315 936 1378 inde
967 1314 1319 1400 Syracusas
1347 1314 1544 1379 rediit.
1599 1315 1932 1377 Pleminius
1962 1316 2155 1391 impo-

197 1408 335 1463 tens
374 1400 534 1476 irae,
577 1401 917 1477 neglectam
958 1400 1035 1461 ab
1066 1398 1359 1477 Scipione
1401 1406 1462 1461 et
1500 1399 1679 1461 nimis
1719 1398 1934 1463 leviter
1973 1400 2157 1460 latam

198 1501 377 1547 suam
404 1484 683 1553 iniuriam
711 1491 899 1559 ratus,
931 1499 1045 1545 nec
1076 1499 1447 1565 quemquam
1471 1482 1794 1548 aestimare
1816 1483 1999 1544 alium
2021 1498 2157 1543 eam

198 1570 363 1631 litem
404 1584 593 1645 posse
637 1567 755 1635 nisi
800 1568 903 1645 qui
945 1567 1321 1637 atrocitatem
1351 1567 1486 1633 eius
1516 1567 1806 1643 patiendo
1839 1566 2158 1640 sensisset,

198 1652 474 1716 tribunos
515 1651 733 1715 attrahi
764 1652 843 1718 ad
871 1668 943 1723 se
969 1651 1179 1730 iussit,
1224 1654 1656 1727 laceratosque
1687 1650 1971 1713 omnibus
2001 1664 2162 1726 quae

201 1736 326 1813 pati
356 1752 583 1815 corpus
616 1736 801 1797 ullum
831 1742 1038 1814 potest
1064 1734 1387 1812 suppliciis
1416 1734 1732 1810 interfecit,
1765 1749 1881 1795 nec
1900 1732 2160 1797 satiatus

200 1822 480 1883 vivorum
523 1836 728 1898 poena
768 1819 1113 1897 insepultos
1156 1818 1434 1897 proiecit.
1508 1818 1686 1879 simili
1717 1818 2072 1880 crudelitate
2102 1824 2162 1879 et

200 1905 260 1965 in
288 1903 688 1968 Locrensium
717 1903 1028 1981 principes
1062 1909 1157 1968 est
1182 1920 1358 1979 usuS,
1391 1918 1551 1979 quos
1583 1902 1660 1964 ad
1689 1902 2160 1979 conquerendas

204 1988 451 2053 iniurias
482 1988 563 2049 ad
588 1986 654 2049 P.
686 1987 1038 2065 Scipionem
1066 1988 1384 2069 profectos
1413 1986 1673 2057 audivit;
1705 1992 1766 2048 et
1789 2000 1950 2063 quae
1979 1993 2160 2047 antea

204 2090 313 2149 per
353 2072 667 2133 libidinem
715 2079 902 2150 atque
942 2071 1258 2136 avaritiam
1299 2071 1485 2135 foeda
1526 2072 1808 2147 exempla
1848 2070 1908 2131 in
1952 2069 2161 2131 socios

202 2156 509 2228 ediderat,
560 2163 704 2217 tunc
744 2156 823 2219 ab
863 2156 955 2217 ira
993 2154 1351 2234 multiplicia
1392 2155 1608 2229 edere,
1649 2154 1934 2215 infamiae
1976 2161 2162 2230 atque

202 2240 468 2303 invidiae
496 2254 619 2302 non
648 2238 765 2301 sibi
793 2240 978 2301 modo
1009 2239 1125 2303 sed
1154 2240 1336 2304 etiam
1363 2238 1715 2321 imperatori
1744 2251 1906 2298 esse.

368 2322 441 2383 X.
486 2324 615 2385 lam
646 2322 1028 2390 comitiorum
1051 2322 1383 2401 appetebat
1409 2328 1672 2399 tempus,
1703 2337 1841 2382 cum
1861 2319 1928 2379 P.
1949 2319 2161 2381 Licinii

205 2406 475 2471 consulis
524 2407 762 2471 litterae
788 2409 1047 2472 Romani
1076 2406 1348 2480 adlatae,
1392 2420 1464 2473 se
1493 2404 1952 2479 exercitumque
1982 2417 2160 2463 suum

203 2491 377 2569 gravi
416 2490 633 2553 morbo
682 2492 1005 2567 adfectari,
1046 2506 1161 2553 nec
1210 2489 1346 2553 sisti
1373 2487 1687 2569 potuisse,
1728 2486 1791 2548 ni
1827 2486 2038 2547 eadem
2065 2485 2161 2546 vis

202 2575 343 2637 mali
374 2582 479 2638 aut
506 2575 753 2653 gravior
779 2576 957 2641 etiam
979 2574 1042 2637 in
1063 2574 1276 2651 hostes
1302 2572 1664 2657 ingruisset=
1707 2570 1934 2647 itaque,
1965 2585 2163 2646 quon-

202 2659 503 2741 iam-ipse
542 2658 750 2720 venire
779 2660 858 2721 ad
892 2660 1132 2727 comitia
1158 2676 1282 2728 non
1310 2663 1545 2735 posset,
1578 2656 1632 2718 si
1660 2654 1744 2716 ita
1769 2654 2046 2733 patribus
2074 2653 2162 2713 vi·

204 2745 467 2819 deretur,
500 2758 570 2803 se
600 2742 669 2818 Q.
702 2742 1026 2806 Caecilium
1053 2743 1363 2805 Metellum
1394 2741 1751 2802 dictatorem
1781 2737 2163 2800 comitiorum

205 2842 399 2889 causa
431 2827 753 2889 dicturum.
798 2826 1131 2891 exereitum
1155 2826 1221 2905 Q.
1247 2826 1490 2897 Caecilii
1520 2822 1736 2885 dimitti
1759 2838 1795 2883 e
1821 2838 1890 2882 re
1919 2820 2168 2897 publica

203 2926 379 2973 esses
444 2928 587 2973 nam
630 2925 835 2987 neque
876 2926 1058 2978 usum
1100 2911 1233 2977 eius
1274 2912 1466 2976 ullum
1506 2908 1568 2969 in
1608 2905 1958 2984 praesentia
2001 2919 2168 2977 esse,

204 3011 346 3055 cum
370 2992 674 3057 Hannibal
705 2995 827 3057 iam
855 2994 916 3055 in
956 2993 1215 3056 hiberna
1242 3010 1394 3060 suos
1421 2990 1744 3069 receperit,
1788 2996 1848 3051 et
1877 2995 2045 3051 tanta
2070 2988 2168 3049 in·

206 3078 467 3139 cesserit
494 3078 556 3139 in
588 3094 663 3140 ea
686 3086 888 3141 castra
919 3078 1010 3139 vis
1040 3076 1269 3154 morbi,
1311 3087 1409 3153 ut,
1451 3076 1570 3139 nisi
1600 3081 1835 3136 mature
1867 3072 2169 3133 dimittan-

208 3170 333 3236 tur,
374 3177 556 3225 nemo
597 3164 865 3228 omnium
908 3162 1339 3239 superfuturus
1381 3159 1675 3221 videatur.
1749 3172 1826 3219 ea
1863 3154 2102 3220 consuti
2129 3170 2169 3216 a

207 3244 487 3322 patribus
529 3246 840 3321 facienda,
880 3252 949 3308 ut
988 3263 1023 3307 e
1050 3262 1119 3315 re
1161 3246 1408 3324 publica
1450 3245 1698 3319 fideque
1740 3256 1857 3303 sua
1897 3240 2165 3313 duceret,

208 3344 527 3407 permissa.

380 3414 694 3477 Civitatem
734 3431 812 3478 eo
853 3423 1130 3494 tempore
1168 3427 1397 3489 repens
1439 3410 1654 3487 religio
1696 3409 2036 3484 invaserat,
2073 3406 2168 3469 in-

291 3514 344 3557 ·r.
384 3513 507 3559 mvi
548 3514 702 3560 raas
745 3499 841 3560 111.
1299 3551 1324 3577 ,
1676 3501 1742 3555 19
