<?xml version="1.0" encoding="UTF-8"?>
<!DOCTYPE html PUBLIC "-//W3C//DTD XHTML 1.0 Transitional//EN"
    "http://www.w3.org/TR/xhtml1/DTD/xhtml1-transitional.dtd">
<html xmlns="http://www.w3.org/1999/xhtml" xml:lang="en" lang="en">
 <head>
  <title>
</title>
<meta http-equiv="Content-Type" content="text/html;charset=utf-8" />
  <meta name='ocr-system' content='tesseract 3.04.00' />
  <meta name='ocr-capabilities' content='ocr_page ocr_carea ocr_par ocr_line ocrx_word'/>
</head>
<body>
  <div class='ocr_page' id='page_1' title='image "./aburbeconditali13livygoog_0273.png"; bbox 0 0 2550 3959; ppageno 0'>
   <div class='ocr_carea' id='block_1_1' title="bbox 382 249 2110 323">
    <p class='ocr_par' dir='ltr' id='par_1_1' title="bbox 382 249 2110 323">
     <span class='ocr_line' id='line_1_1' title="bbox 382 249 2110 323; baseline -0.005 -5"><span class='ocrx_word' id='word_1_1' title='bbox 382 253 505 318; x_wconf 73' lang='lat'><strong>246</strong></span> <span class='ocrx_word' id='word_1_2' title='bbox 644 251 874 312; x_wconf 80' lang='lat' dir='ltr'><strong>LIBER</strong></span> <span class='ocrx_word' id='word_1_3' title='bbox 900 251 1169 310; x_wconf 63' lang='lat' dir='ltr'><strong>imvm.</strong></span> <span class='ocrx_word' id='word_1_4' title='bbox 1216 249 1618 311; x_wconf 59' lang='grc'><strong>61166623.</strong></span> <span class='ocrx_word' id='word_1_5' title='bbox 1667 257 1739 323; x_wconf 57' lang='lat' dir='ltr'><strong>[a.</strong></span> <span class='ocrx_word' id='word_1_6' title='bbox 1767 256 1838 309; x_wconf 81' lang='grc' dir='ltr'><strong>υ.</strong></span> <span class='ocrx_word' id='word_1_7' title='bbox 1865 255 2062 322; x_wconf 63' lang='lat' dir='ltr'><strong>am]</strong></span> <span class='ocrx_word' id='word_1_8' title='bbox 2091 295 2110 310; x_wconf 60' lang='lat'><em>„</em></span> 
     </span>
    </p>
   </div>
   <div class='ocr_carea' id='block_1_2' title="bbox 344 399 2360 3590">
    <p class='ocr_par' dir='ltr' id='par_1_2' title="bbox 344 399 2360 3590">
     <span class='ocr_line' id='line_1_2' title="bbox 383 399 2360 474; baseline 0.001 -8"><span class='ocrx_word' id='word_1_9' title='bbox 383 403 706 466; x_wconf 86' lang='lat' dir='ltr'><strong>moenibus</strong></span> <span class='ocrx_word' id='word_1_10' title='bbox 735 407 841 463; x_wconf 84' lang='lat' dir='ltr'><strong>aut</strong></span> <span class='ocrx_word' id='word_1_11' title='bbox 868 400 1052 461; x_wconf 86' lang='lat' dir='ltr'><strong>armis</strong></span> <span class='ocrx_word' id='word_1_12' title='bbox 1080 400 1344 460; x_wconf 83' lang='lat' dir='ltr'><strong>tuendae</strong></span> <span class='ocrx_word' id='word_1_13' title='bbox 1371 399 1586 462; x_wconf 83' lang='lat' dir='ltr'><strong>salutis</strong></span> <span class='ocrx_word' id='word_1_14' title='bbox 1617 406 1776 474; x_wconf 84' lang='lat' dir='ltr'><strong>erat,</strong></span> <span class='ocrx_word' id='word_1_15' title='bbox 1822 401 2056 468; x_wconf 80' lang='lat' dir='ltr'><strong>facinus</strong></span> <span class='ocrx_word' id='word_1_16' title='bbox 2084 402 2148 462; x_wconf 91' lang='lat' dir='ltr'><strong>in</strong></span> <span class='ocrx_word' id='word_1_17' title='bbox 2177 419 2250 462; x_wconf 89' lang='lat' dir='ltr'><strong>se</strong></span> <span class='ocrx_word' id='word_1_18' title='bbox 2275 421 2360 470; x_wconf 74' lang='lat' dir='ltr'><strong>ac</strong></span> 
     </span>
     <span class='ocr_line' id='line_1_3' title="bbox 386 485 2354 568; baseline -0.002 -16"><span class='ocrx_word' id='word_1_19' title='bbox 386 505 537 552; x_wconf 82' lang='lat' dir='ltr'><strong>suos</strong></span> <span class='ocrx_word' id='word_1_20' title='bbox 578 487 826 550; x_wconf 76' lang='lat' dir='ltr'><strong>foedum</strong></span> <span class='ocrx_word' id='word_1_21' title='bbox 868 501 943 546; x_wconf 87' lang='lat' dir='ltr'><strong>ac</strong></span> <span class='ocrx_word' id='word_1_22' title='bbox 972 486 1167 546; x_wconf 79' lang='lat' dir='ltr'><strong>rerum</strong></span> <span class='ocrx_word' id='word_1_23' title='bbox 1206 485 1618 546; x_wconf 87' lang='lat' dir='ltr'><strong>consciscunt.</strong></span> <span class='ocrx_word' id='word_1_24' title='bbox 1677 485 1880 548; x_wconf 82' lang='lat' dir='ltr'><strong>locum</strong></span> <span class='ocrx_word' id='word_1_25' title='bbox 1909 486 1970 546; x_wconf 87' lang='lat' dir='ltr'><strong>in</strong></span> <span class='ocrx_word' id='word_1_26' title='bbox 1999 486 2132 568; x_wconf 73' lang='lat' dir='ltr'><strong>foro</strong></span> <span class='ocrx_word' id='word_1_27' title='bbox 2160 487 2354 548; x_wconf 85' lang='lat' dir='ltr'><strong>desti·</strong></span> 
     </span>
     <span class='ocr_line' id='line_1_4' title="bbox 385 568 2359 650; baseline -0.002 -16"><span class='ocrx_word' id='word_1_28' title='bbox 385 579 549 650; x_wconf 83' lang='lat' dir='ltr'><strong>nant,</strong></span> <span class='ocrx_word' id='word_1_29' title='bbox 582 587 702 648; x_wconf 89' lang='lat' dir='ltr'><strong>quo</strong></span> <span class='ocrx_word' id='word_1_30' title='bbox 728 568 1175 648; x_wconf 82' lang='lat' dir='ltr'><strong>pretiosissima</strong></span> <span class='ocrx_word' id='word_1_31' title='bbox 1194 584 1397 630; x_wconf 87' lang='lat' dir='ltr'><strong>rerum</strong></span> <span class='ocrx_word' id='word_1_32' title='bbox 1421 584 1668 630; x_wconf 85' lang='lat' dir='ltr'><strong>suarum</strong></span> <span class='ocrx_word' id='word_1_33' title='bbox 1699 577 2135 645; x_wconf 75' lang='lat' dir='ltr'>congererent..</span> <span class='ocrx_word' id='word_1_34' title='bbox 2163 587 2359 648; x_wconf 75' lang='lat' dir='ltr'><strong>supet-</strong></span> 
     </span>
     <span class='ocr_line' id='line_1_5' title="bbox 386 653 2326 728; baseline -0.002 -8"><span class='ocrx_word' id='word_1_35' title='bbox 386 674 526 720; x_wconf 89' lang='lat' dir='ltr'><strong>eum</strong></span> <span class='ocrx_word' id='word_1_36' title='bbox 556 657 861 718; x_wconf 88' lang='lat' dir='ltr'><strong>cumulum</strong></span> <span class='ocrx_word' id='word_1_37' title='bbox 902 653 1197 728; x_wconf 83' lang='lat' dir='ltr'><strong>coniuges</strong></span> <span class='ocrx_word' id='word_1_38' title='bbox 1240 668 1316 713; x_wconf 85' lang='lat' dir='ltr'><strong>ac</strong></span> <span class='ocrx_word' id='word_1_39' title='bbox 1335 653 1572 726; x_wconf 46' lang='lat' dir='ltr'><strong>⁶liberos»</strong></span> <span class='ocrx_word' id='word_1_40' title='bbox 1599 654 1926 714; x_wconf 86' lang='lat' dir='ltr'><strong>considere</strong></span> <span class='ocrx_word' id='word_1_41' title='bbox 1955 669 2092 720; x_wconf 86' lang='lat' dir='ltr'><strong>cum</strong></span> <span class='ocrx_word' id='word_1_42' title='bbox 2132 654 2326 719; x_wconf 81' lang='lat' dir='ltr'><strong>iussis</strong></span> 
     </span>
     <span class='ocr_line' id='line_1_6' title="bbox 387 737 2350 817; baseline -0.003 -11"><span class='ocrx_word' id='word_1_43' title='bbox 387 750 525 806; x_wconf 86' lang='lat' dir='ltr'><strong>sent</strong></span> <span class='ocrx_word' id='word_1_44' title='bbox 538 788 553 817; x_wconf 85' lang='lat'>‚</span> <span class='ocrx_word' id='word_1_45' title='bbox 610 741 775 815; x_wconf 82' lang='lat' dir='ltr'><strong>ligna</strong></span> <span class='ocrx_word' id='word_1_46' title='bbox 794 783 797 786; x_wconf 75' lang='lat'>-</span> <span class='ocrx_word' id='word_1_47' title='bbox 816 737 979 798; x_wconf 86' lang='lat' dir='ltr'><strong>circa</strong></span> <span class='ocrx_word' id='word_1_48' title='bbox 1017 743 1338 798; x_wconf 84' lang='lat' dir='ltr'><strong>exstruunt</strong></span> <span class='ocrx_word' id='word_1_49' title='bbox 1380 737 1710 812; x_wconf 80' lang='lat' dir='ltr'><strong>fascesque</strong></span> <span class='ocrx_word' id='word_1_50' title='bbox 1750 737 2147 817; x_wconf 82' lang='lat' dir='ltr'><strong>virgultorum</strong></span> <span class='ocrx_word' id='word_1_51' title='bbox 2181 741 2350 803; x_wconf 84' lang='lat' dir='ltr'><strong>coni·</strong></span> 
     </span>
     <span class='ocr_line' id='line_1_7' title="bbox 390 817 2352 899; baseline -0.003 -10"><span class='ocrx_word' id='word_1_52' title='bbox 390 827 573 889; x_wconf 84' lang='lat' dir='ltr'><strong>ciunt.</strong></span> <span class='ocrx_word' id='word_1_53' title='bbox 617 817 1055 898; x_wconf 67' lang='lat' dir='ltr'><strong>quinquaginta</strong></span> <span class='ocrx_word' id='word_1_54' title='bbox 1074 821 1300 882; x_wconf 86' lang='lat' dir='ltr'><strong>deinde</strong></span> <span class='ocrx_word' id='word_1_55' title='bbox 1323 821 1568 882; x_wconf 78' lang='lat' dir='ltr'><strong>armatis</strong></span> <span class='ocrx_word' id='word_1_56' title='bbox 1597 821 1938 885; x_wconf 72' lang='lat' dir='ltr'><strong>iuvenibus.</strong></span> <span class='ocrx_word' id='word_1_57' title='bbox 1950 823 2352 899; x_wconf 73' lang='lat' dir='ltr'><strong>praecipiunt,</strong></span> 
     </span>
     <span class='ocr_line' id='line_1_8' title="bbox 388 907 2357 986; baseline -0.001 -14"><span class='ocrx_word' id='word_1_58' title='bbox 388 917 482 986; x_wconf 79' lang='lat' dir='ltr'><strong>ut,</strong></span> <span class='ocrx_word' id='word_1_59' title='bbox 528 910 730 970; x_wconf 87' lang='lat' dir='ltr'><strong>donec</strong></span> <span class='ocrx_word' id='word_1_60' title='bbox 764 907 1035 967; x_wconf 85' lang='lat' dir='ltr'><strong>incertus</strong></span> <span class='ocrx_word' id='word_1_61' title='bbox 1072 912 1328 966; x_wconf 86' lang='lat' dir='ltr'><strong>eventus</strong></span> <span class='ocrx_word' id='word_1_62' title='bbox 1359 921 1605 982; x_wconf 77' lang='lat' dir='ltr'><strong>pugnae</strong></span> <span class='ocrx_word' id='word_1_63' title='bbox 1627 913 1826 981; x_wconf 80' lang='lat' dir='ltr'><strong>esset,</strong></span> <span class='ocrx_word' id='word_1_64' title='bbox 1872 907 2242 982; x_wconf 76' lang='lat' dir='ltr'><strong>praesidinm</strong></span> <span class='ocrx_word' id='word_1_65' title='bbox 2273 923 2357 970; x_wconf 87' lang='lat' dir='ltr'><strong>eo</strong></span> 
     </span>
     <span class='ocr_line' id='line_1_9' title="bbox 389 991 2357 1088; baseline 0.001 -34"><span class='ocrx_word' id='word_1_66' title='bbox 389 997 527 1058; x_wconf 85' lang='grc'><strong>1060</strong></span> <span class='ocrx_word' id='word_1_67' title='bbox 558 994 932 1054; x_wconf 85' lang='lat' dir='ltr'><strong>fortunarum</strong></span> <span class='ocrx_word' id='word_1_68' title='bbox 961 1005 1219 1051; x_wconf 84' lang='lat' dir='ltr'><strong>suarum</strong></span> <span class='ocrx_word' id='word_1_69' title='bbox 1248 1005 1726 1088; x_wconf 83' lang='lat' dir='ltr'>corporumque,</span> <span class='ocrx_word' id='word_1_70' title='bbox 1771 1005 1934 1066; x_wconf 85' lang='lat' dir='ltr'><strong>quae</strong></span> <span class='ocrx_word' id='word_1_71' title='bbox 1963 991 2201 1056; x_wconf 72' lang='lat' dir='ltr'><strong>cariora</strong></span> <span class='ocrx_word' id='word_1_72' title='bbox 2228 992 2357 1055; x_wconf 77' lang='lat' dir='ltr'><strong>for-</strong></span> 
     </span>
     <span class='ocr_line' id='line_1_10' title="bbox 389 1073 2354 1152; baseline -0.001 -13"><span class='ocrx_word' id='word_1_73' title='bbox 389 1079 553 1140; x_wconf 83' lang='lat' dir='ltr'><strong>tunis</strong></span> <span class='ocrx_word' id='word_1_74' title='bbox 582 1083 825 1152; x_wconf 76' lang='lat' dir='ltr'><strong>essent,¹</strong></span> <span class='ocrx_word' id='word_1_75' title='bbox 848 1082 1197 1137; x_wconf 79' lang='lat' dir='ltr'><strong>servarent=</strong></span> <span class='ocrx_word' id='word_1_76' title='bbox 1242 1074 1298 1135; x_wconf 89' lang='lat' dir='ltr'><strong>si</strong></span> <span class='ocrx_word' id='word_1_77' title='bbox 1323 1090 1454 1134; x_wconf 87' lang='lat' dir='ltr'><strong>rem</strong></span> <span class='ocrx_word' id='word_1_78' title='bbox 1481 1073 1830 1152; x_wconf 78' lang='lat' dir='ltr'><strong>inclinatam</strong></span> <span class='ocrx_word' id='word_1_79' title='bbox 1857 1075 2138 1140; x_wconf 84' lang='lat' dir='ltr'><strong>viderent</strong></span> <span class='ocrx_word' id='word_1_80' title='bbox 2161 1082 2354 1152; x_wconf 77' lang='lat' dir='ltr'><strong>atque</strong></span> 
     </span>
     <span class='ocr_line' id='line_1_11' title="bbox 389 1148 2357 1236; baseline -0.002 -12"><span class='ocrx_word' id='word_1_81' title='bbox 389 1165 452 1224; x_wconf 88' lang='lat' dir='ltr'><strong>in</strong></span> <span class='ocrx_word' id='word_1_82' title='bbox 480 1178 555 1224; x_wconf 90' lang='lat' dir='ltr'><strong>eo</strong></span> <span class='ocrx_word' id='word_1_83' title='bbox 584 1163 704 1224; x_wconf 89' lang='lat' dir='ltr'><strong>iam</strong></span> <span class='ocrx_word' id='word_1_84' title='bbox 730 1176 905 1236; x_wconf 87' lang='lat' dir='ltr'><strong>esse,</strong></span> <span class='ocrx_word' id='word_1_85' title='bbox 944 1166 1010 1220; x_wconf 82' lang='lat' dir='ltr'><strong>ut</strong></span> <span class='ocrx_word' id='word_1_86' title='bbox 1034 1159 1184 1220; x_wconf 82' lang='lat' dir='ltr'><strong>urbs</strong></span> <span class='ocrx_word' id='word_1_87' title='bbox 1214 1164 1564 1234; x_wconf 83' lang='lat' dir='ltr'><strong>caperetur,</strong></span> <span class='ocrx_word' id='word_1_88' title='bbox 1605 1148 1866 1234; x_wconf 79' lang='lat' dir='ltr'><strong>scirent,</strong></span> <span class='ocrx_word' id='word_1_89' title='bbox 1913 1171 2146 1236; x_wconf 76' lang='grc'><strong>01111166,</strong></span> <span class='ocrx_word' id='word_1_90' title='bbox 2188 1173 2357 1236; x_wconf 77' lang='lat' dir='ltr'><strong>quos</strong></span> 
     </span>
     <span class='ocr_line' id='line_1_12' title="bbox 390 1243 2354 1322; baseline -0.002 -14"><span class='ocrx_word' id='word_1_91' title='bbox 390 1254 603 1309; x_wconf 85' lang='lat' dir='ltr'><strong>euntes</strong></span> <span class='ocrx_word' id='word_1_92' title='bbox 632 1246 693 1308; x_wconf 88' lang='lat' dir='ltr'><strong>in</strong></span> <span class='ocrx_word' id='word_1_93' title='bbox 724 1245 1025 1322; x_wconf 86' lang='lat' dir='ltr'><strong>proelium</strong></span> <span class='ocrx_word' id='word_1_94' title='bbox 1052 1249 1398 1318; x_wconf 75' lang='lat' dir='ltr'><strong>cernerent,</strong></span> <span class='ocrx_word' id='word_1_95' title='bbox 1442 1249 1695 1304; x_wconf 79' lang='lat' dir='ltr'><strong>mortem</strong></span> <span class='ocrx_word' id='word_1_96' title='bbox 1723 1243 1786 1305; x_wconf 86' lang='lat' dir='ltr'><strong>in</strong></span> <span class='ocrx_word' id='word_1_97' title='bbox 1813 1243 1954 1320; x_wconf 77' lang='lat' dir='ltr'><strong>ipsa</strong></span> <span class='ocrx_word' id='word_1_98' title='bbox 1980 1260 2186 1320; x_wconf 77' lang='lat' dir='ltr'><strong>pugna</strong></span> <span class='ocrx_word' id='word_1_99' title='bbox 2222 1244 2354 1308; x_wconf 86' lang='lat' dir='ltr'><strong>obi-</strong></span> 
     </span>
     <span class='ocr_line' id='line_1_13' title="bbox 391 1327 2352 1406; baseline -0.003 -11"><span class='ocrx_word' id='word_1_100' title='bbox 391 1340 589 1395; x_wconf 82' lang='lat' dir='ltr'><strong>turos=</strong></span> <span class='ocrx_word' id='word_1_101' title='bbox 634 1331 776 1392; x_wconf 87' lang='lat' dir='ltr'><strong>illos</strong></span> <span class='ocrx_word' id='word_1_102' title='bbox 805 1346 875 1391; x_wconf 89' lang='lat' dir='ltr'><strong>se</strong></span> <span class='ocrx_word' id='word_1_103' title='bbox 903 1333 1015 1406; x_wconf 88' lang='lat' dir='ltr'><strong>per</strong></span> <span class='ocrx_word' id='word_1_104' title='bbox 1040 1327 1197 1388; x_wconf 87' lang='lat' dir='ltr'><strong>deos</strong></span> <span class='ocrx_word' id='word_1_105' title='bbox 1228 1343 1492 1404; x_wconf 87' lang='lat' dir='ltr'><strong>superos</strong></span> <span class='ocrx_word' id='word_1_106' title='bbox 1521 1327 1892 1402; x_wconf 76' lang='lat' dir='ltr'><strong>insenosque·</strong></span> <span class='ocrx_word' id='word_1_107' title='bbox 1906 1343 2100 1402; x_wconf 87' lang='lat' dir='ltr'><strong>orare,</strong></span> <span class='ocrx_word' id='word_1_108' title='bbox 2129 1336 2197 1398; x_wconf 85' lang='lat' dir='ltr'><strong>ut</strong></span> <span class='ocrx_word' id='word_1_109' title='bbox 2225 1343 2352 1392; x_wconf 87' lang='lat' dir='ltr'><strong>me</strong></span> 
     </span>
     <span class='ocr_line' id='line_1_14' title="bbox 392 1411 2360 1489; baseline -0.002 -13"><span class='ocrx_word' id='word_1_110' title='bbox 392 1431 594 1480; x_wconf 86' lang='lat' dir='ltr'><strong>mores</strong></span> <span class='ocrx_word' id='word_1_111' title='bbox 624 1415 949 1475; x_wconf 76' lang='lat' dir='ltr'><strong>libertatis</strong></span> <span class='ocrx_word' id='word_1_112' title='bbox 933 1459 950 1489; x_wconf 90' lang='lat'><strong>,</strong></span> <span class='ocrx_word' id='word_1_113' title='bbox 996 1428 1156 1488; x_wconf 88' lang='lat' dir='ltr'><strong>quae</strong></span> <span class='ocrx_word' id='word_1_114' title='bbox 1182 1413 1288 1474; x_wconf 89' lang='lat' dir='ltr'><strong>illo</strong></span> <span class='ocrx_word' id='word_1_115' title='bbox 1319 1412 1422 1472; x_wconf 86' lang='lat' dir='ltr'><strong>die</strong></span> <span class='ocrx_word' id='word_1_116' title='bbox 1449 1417 1554 1474; x_wconf 85' lang='lat' dir='ltr'><strong>aut</strong></span> <span class='ocrx_word' id='word_1_117' title='bbox 1578 1418 1777 1474; x_wconf 81' lang='lat' dir='ltr'><strong>mor-te</strong></span> <span class='ocrx_word' id='word_1_118' title='bbox 1801 1411 2061 1476; x_wconf 81' lang='lat' dir='ltr'><strong>honesta</strong></span> <span class='ocrx_word' id='word_1_119' title='bbox 2088 1420 2193 1477; x_wconf 76' lang='lat' dir='ltr'><strong>aut</strong></span> <span class='ocrx_word' id='word_1_120' title='bbox 2218 1428 2360 1480; x_wconf 83' lang='grc'><strong>66-1·</strong></span> 
     </span>
     <span class='ocr_line' id='line_1_15' title="bbox 392 1495 2358 1574; baseline -0.001 -13"><span class='ocrx_word' id='word_1_121' title='bbox 392 1501 582 1561; x_wconf 80' lang='lat' dir='ltr'><strong>vitute</strong></span> <span class='ocrx_word' id='word_1_122' title='bbox 616 1499 822 1559; x_wconf 77' lang='lat' dir='ltr'>infami</span> <span class='ocrx_word' id='word_1_123' title='bbox 862 1497 1131 1557; x_wconf 85' lang='lat' dir='ltr'><strong>finienda</strong></span> <span class='ocrx_word' id='word_1_124' title='bbox 1170 1501 1368 1571; x_wconf 68' lang='lat' dir='ltr'><strong>esset,²</strong></span> <span class='ocrx_word' id='word_1_125' title='bbox 1411 1495 1578 1557; x_wconf 82' lang='lat' dir='ltr'>nihil</span> <span class='ocrx_word' id='word_1_126' title='bbox 1593 1497 2053 1573; x_wconf 76' lang='lat' dir='ltr'><strong>relinquerent,</strong></span> <span class='ocrx_word' id='word_1_127' title='bbox 2079 1497 2140 1562; x_wconf 88' lang='lat' dir='ltr'><strong>in</strong></span> <span class='ocrx_word' id='word_1_128' title='bbox 2179 1499 2358 1574; x_wconf 77' lang='lat' dir='ltr'><strong>quod</strong></span> 
     </span>
     <span class='ocr_line' id='line_1_16' title="bbox 392 1580 2358 1656; baseline -0.001 -11"><span class='ocrx_word' id='word_1_129' title='bbox 392 1583 633 1645; x_wconf 81' lang='lat' dir='ltr'><strong>saevire</strong></span> <span class='ocrx_word' id='word_1_130' title='bbox 658 1582 847 1642; x_wconf 84' lang='lat' dir='ltr'><strong>iratus</strong></span> <span class='ocrx_word' id='word_1_131' title='bbox 869 1580 1083 1642; x_wconf 83' lang='lat' dir='ltr'><strong>hostis</strong></span> <span class='ocrx_word' id='word_1_132' title='bbox 1099 1587 1334 1656; x_wconf 84' lang='lat' dir='ltr'><strong>posset.</strong></span> <span class='ocrx_word' id='word_1_133' title='bbox 1373 1581 1598 1641; x_wconf 83' lang='lat' dir='ltr'><strong>sermm</strong></span> <span class='ocrx_word' id='word_1_134' title='bbox 1625 1581 1952 1656; x_wconf 79' lang='lat' dir='ltr'><strong>ignemque</strong></span> <span class='ocrx_word' id='word_1_135' title='bbox 1977 1581 2050 1643; x_wconf 88' lang='lat' dir='ltr'><strong>in</strong></span> <span class='ocrx_word' id='word_1_136' title='bbox 2067 1581 2358 1644; x_wconf 80' lang='lat' dir='ltr'><strong>manibus</strong></span> 
     </span>
     <span class='ocr_line' id='line_1_17' title="bbox 392 1665 2352 1740; baseline 0.001 -12"><span class='ocrx_word' id='word_1_137' title='bbox 392 1683 553 1729; x_wconf 80' lang='lat' dir='ltr'><strong>esse.</strong></span> <span class='ocrx_word' id='word_1_138' title='bbox 623 1666 856 1727; x_wconf 79' lang='lat' dir='ltr'><strong>amicae</strong></span> <span class='ocrx_word' id='word_1_139' title='bbox 898 1681 971 1726; x_wconf 84' lang='grc'><strong>66</strong></span> <span class='ocrx_word' id='word_1_140' title='bbox 1010 1665 1227 1725; x_wconf 86' lang='lat' dir='ltr'><strong>fideles</strong></span> <span class='ocrx_word' id='word_1_141' title='bbox 1268 1665 1474 1740; x_wconf 85' lang='lat' dir='ltr'><strong>potius</strong></span> <span class='ocrx_word' id='word_1_142' title='bbox 1517 1680 1595 1724; x_wconf 70' lang='lat' dir='ltr'><strong>ea⁴</strong></span> <span class='ocrx_word' id='word_1_143' title='bbox 1634 1678 1792 1740; x_wconf 85' lang='lat' dir='ltr'><strong>quae</strong></span> <span class='ocrx_word' id='word_1_144' title='bbox 1831 1665 2100 1740; x_wconf 75' lang='lat' dir='ltr'><strong>peritura</strong></span> <span class='ocrx_word' id='word_1_145' title='bbox 2139 1674 2352 1731; x_wconf 72' lang='lat' dir='ltr'><strong>essent</strong></span> 
     </span>
     <span class='ocr_line' id='line_1_18' title="bbox 392 1748 2356 1826; baseline 0.001 -14"><span class='ocrx_word' id='word_1_146' title='bbox 392 1752 782 1814; x_wconf 77' lang='lat' dir='ltr'><strong>absumerent</strong></span> <span class='ocrx_word' id='word_1_147' title='bbox 826 1764 1043 1811; x_wconf 85' lang='lat' dir='ltr'><strong>manus</strong></span> <span class='ocrx_word' id='word_1_148' title='bbox 1056 1795 1072 1826; x_wconf 93' lang='lat'><strong>,</strong></span> <span class='ocrx_word' id='word_1_149' title='bbox 1142 1765 1328 1825; x_wconf 87' lang='lat' dir='ltr'><strong>quam</strong></span> <span class='ocrx_word' id='word_1_150' title='bbox 1366 1748 1730 1810; x_wconf 83' lang='lat' dir='ltr'><strong>insultarent</strong></span> <span class='ocrx_word' id='word_1_151' title='bbox 1769 1749 2040 1824; x_wconf 84' lang='lat' dir='ltr'><strong>superbo</strong></span> <span class='ocrx_word' id='word_1_152' title='bbox 2081 1749 2356 1815; x_wconf 78' lang='lat' dir='ltr'><strong>ludibrio</strong></span> 
     </span>
     <span class='ocr_line' id='line_1_19' title="bbox 392 1833 2354 1908; baseline -0.001 -12"><span class='ocrx_word' id='word_1_153' title='bbox 392 1837 624 1900; x_wconf 84' lang='lat' dir='ltr'><strong>hostes.</strong></span> <span class='ocrx_word' id='word_1_154' title='bbox 702 1835 798 1897; x_wconf 89' lang='lat' dir='ltr'><strong>his</strong></span> <span class='ocrx_word' id='word_1_155' title='bbox 842 1833 1370 1896; x_wconf 80' lang='lat' dir='ltr'><strong>adhortationibus</strong></span> <span class='ocrx_word' id='word_1_156' title='bbox 1410 1833 1754 1906; x_wconf 74' lang='lat' dir='ltr'><strong>exsecratio</strong></span> <span class='ocrx_word' id='word_1_157' title='bbox 1794 1833 1930 1895; x_wconf 78' lang='lat' dir='ltr'><strong>dira</strong></span> <span class='ocrx_word' id='word_1_158' title='bbox 1971 1833 2238 1908; x_wconf 73' lang='lat' dir='ltr'><strong>adiecta,</strong></span> <span class='ocrx_word' id='word_1_159' title='bbox 2299 1835 2354 1896; x_wconf 89' lang='lat' dir='ltr'><strong>si</strong></span> 
     </span>
     <span class='ocr_line' id='line_1_20' title="bbox 393 1915 2355 1998; baseline 0 -17"><span class='ocrx_word' id='word_1_160' title='bbox 393 1937 574 1998; x_wconf 86' lang='lat' dir='ltr'><strong>quem</strong></span> <span class='ocrx_word' id='word_1_161' title='bbox 615 1937 653 1980; x_wconf 91' lang='lat' dir='ltr'><strong>a</strong></span> <span class='ocrx_word' id='word_1_162' title='bbox 692 1917 1014 1995; x_wconf 78' lang='lat' dir='ltr'><strong>proposito</strong></span> <span class='ocrx_word' id='word_1_163' title='bbox 1058 1933 1207 1994; x_wconf 85' lang='lat' dir='ltr'><strong>spes</strong></span> <span class='ocrx_word' id='word_1_164' title='bbox 1248 1917 1580 1978; x_wconf 79' lang='lat' dir='ltr'><strong>mollitiave</strong></span> <span class='ocrx_word' id='word_1_165' title='bbox 1621 1916 1803 1978; x_wconf 77' lang='lat' dir='ltr'><strong>animi</strong></span> <span class='ocrx_word' id='word_1_166' title='bbox 1847 1915 2140 1979; x_wconf 81' lang='lat' dir='ltr'><strong>flexisset.</strong></span> <span class='ocrx_word' id='word_1_167' title='bbox 2209 1918 2355 1982; x_wconf 75' lang='lat' dir='ltr'><strong>indo</strong></span> 
     </span>
     <span class='ocr_line' id='line_1_21' title="bbox 392 2000 2356 2077; baseline 0 -13"><span class='ocrx_word' id='word_1_168' title='bbox 392 2004 693 2066; x_wconf 84' lang='lat' dir='ltr'><strong>concitato</strong></span> <span class='ocrx_word' id='word_1_169' title='bbox 734 2002 976 2076; x_wconf 82' lang='lat' dir='ltr'><strong>agmine</strong></span> <span class='ocrx_word' id='word_1_170' title='bbox 1003 2001 1352 2077; x_wconf 84' lang='lat' dir='ltr'><strong>patentibus</strong></span> <span class='ocrx_word' id='word_1_171' title='bbox 1383 2001 1577 2077; x_wconf 85' lang='lat' dir='ltr'><strong>portis</strong></span> <span class='ocrx_word' id='word_1_172' title='bbox 1617 2000 1846 2076; x_wconf 78' lang='lat' dir='ltr'><strong>ingenti</strong></span> <span class='ocrx_word' id='word_1_173' title='bbox 1873 2001 2124 2064; x_wconf 76' lang='lat' dir='ltr'><strong>tumui-tu</strong></span> <span class='ocrx_word' id='word_1_174' title='bbox 2148 2017 2356 2064; x_wconf 64' lang='lat' dir='ltr'><strong>erum-</strong></span> 
     </span>
     <span class='ocr_line' id='line_1_22' title="bbox 390 2085 2356 2164; baseline -0.002 -15"><span class='ocrx_word' id='word_1_175' title='bbox 390 2092 557 2164; x_wconf 83' lang='lat' dir='ltr'><strong>punt.</strong></span> <span class='ocrx_word' id='word_1_176' title='bbox 632 2101 835 2161; x_wconf 84' lang='lat' dir='ltr'><strong>neque</strong></span> <span class='ocrx_word' id='word_1_177' title='bbox 876 2091 1005 2145; x_wconf 81' lang='lat' dir='ltr'><strong>erat</strong></span> <span class='ocrx_word' id='word_1_178' title='bbox 1042 2085 1167 2146; x_wconf 87' lang='lat' dir='ltr'><strong>ulla</strong></span> <span class='ocrx_word' id='word_1_179' title='bbox 1208 2085 1358 2146; x_wconf 77' lang='lat' dir='ltr'><strong>satis</strong></span> <span class='ocrx_word' id='word_1_180' title='bbox 1402 2085 1576 2146; x_wconf 85' lang='lat' dir='ltr'><strong>firma</strong></span> <span class='ocrx_word' id='word_1_181' title='bbox 1617 2085 1798 2146; x_wconf 77' lang='lat' dir='ltr'><strong>statio</strong></span> <span class='ocrx_word' id='word_1_182' title='bbox 1825 2085 2160 2161; x_wconf 77' lang='lat' dir='ltr'><strong>opposita,</strong></span> <span class='ocrx_word' id='word_1_183' title='bbox 2206 2086 2356 2162; x_wconf 86' lang='lat' dir='ltr'><strong>quia</strong></span> 
     </span>
     <span class='ocr_line' id='line_1_23' title="bbox 392 2167 2356 2244; baseline 0 -14"><span class='ocrx_word' id='word_1_184' title='bbox 392 2171 539 2230; x_wconf 88' lang='grc'><strong>611111</strong></span> <span class='ocrx_word' id='word_1_185' title='bbox 576 2169 778 2229; x_wconf 85' lang='grc'><strong>611666</strong></span> <span class='ocrx_word' id='word_1_186' title='bbox 822 2185 1004 2243; x_wconf 87' lang='lat' dir='ltr'><strong>quam</strong></span> <span class='ocrx_word' id='word_1_187' title='bbox 1042 2174 1108 2228; x_wconf 84' lang='lat' dir='ltr'><strong>ut</strong></span> <span class='ocrx_word' id='word_1_188' title='bbox 1146 2168 1357 2244; x_wconf 76' lang='lat' dir='ltr'><strong>egredi</strong></span> <span class='ocrx_word' id='word_1_189' title='bbox 1399 2167 1645 2230; x_wconf 87' lang='lat' dir='ltr'><strong>obsessi</strong></span> <span class='ocrx_word' id='word_1_190' title='bbox 1685 2169 2008 2230; x_wconf 73' lang='lat' dir='ltr'><strong>moenibus</strong></span> <span class='ocrx_word' id='word_1_191' title='bbox 2057 2170 2356 2232; x_wconf 78' lang='lat' dir='ltr'><strong>auderent</strong></span> 
     </span>
     <span class='ocr_line' id='line_1_24' title="bbox 344 2253 2353 2330; baseline -0 -15"><span class='ocrx_word' id='word_1_192' title='bbox 344 2261 353 2267; x_wconf 62' lang='lat'>‘</span> <span class='ocrx_word' id='word_1_193' title='bbox 394 2254 597 2316; x_wconf 75' lang='lat' dir='ltr'><strong>timeri</strong></span> <span class='ocrx_word' id='word_1_194' title='bbox 632 2259 897 2330; x_wconf 72' lang='lat' dir='ltr'><strong>poterat:</strong></span> <span class='ocrx_word' id='word_1_195' title='bbox 953 2256 1300 2330; x_wconf 70' lang='lat' dir='ltr'><strong>perpaucae</strong></span> <span class='ocrx_word' id='word_1_196' title='bbox 1351 2253 1622 2328; x_wconf 84' lang='lat' dir='ltr'><strong>equitum</strong></span> <span class='ocrx_word' id='word_1_197' title='bbox 1662 2259 1895 2314; x_wconf 83' lang='lat' dir='ltr'><strong>turmae</strong></span> <span class='ocrx_word' id='word_1_198' title='bbox 1937 2253 2218 2329; x_wconf 81' lang='lat' dir='ltr'><strong>levisque</strong></span> <span class='ocrx_word' id='word_1_199' title='bbox 2255 2270 2353 2314; x_wconf 90' lang='lat' dir='ltr'><strong>ar·</strong></span> 
     </span>
     <span class='ocr_line' id='line_1_25' title="bbox 392 2337 2358 2418; baseline -0.001 -18"><span class='ocrx_word' id='word_1_200' title='bbox 392 2346 628 2400; x_wconf 85' lang='lat' dir='ltr'><strong>matura</strong></span> <span class='ocrx_word' id='word_1_201' title='bbox 674 2343 927 2414; x_wconf 83' lang='lat' dir='ltr'><strong>repente</strong></span> <span class='ocrx_word' id='word_1_202' title='bbox 974 2353 1013 2397; x_wconf 93' lang='lat' dir='ltr'><strong>e</strong></span> <span class='ocrx_word' id='word_1_203' title='bbox 1052 2337 1272 2398; x_wconf 88' lang='lat' dir='ltr'><strong>castris</strong></span> <span class='ocrx_word' id='word_1_204' title='bbox 1313 2338 1395 2398; x_wconf 86' lang='lat' dir='ltr'><strong>ad</strong></span> <span class='ocrx_word' id='word_1_205' title='bbox 1414 2337 1500 2396; x_wconf 50' lang='lat' dir='ltr'><strong>*id</strong></span> <span class='ocrx_word' id='word_1_206' title='bbox 1543 2337 1748 2413; x_wconf 84' lang='lat' dir='ltr'><strong>ipsum</strong></span> <span class='ocrx_word' id='word_1_207' title='bbox 1795 2337 2024 2400; x_wconf 76' lang='lat' dir='ltr'><strong>emissa</strong></span> <span class='ocrx_word' id='word_1_208' title='bbox 2071 2338 2358 2418; x_wconf 55' lang='lat' dir='ltr'><strong>occurrit.</strong></span> 
     </span>
     <span class='ocr_line' id='line_1_26' title="bbox 391 2421 2356 2498; baseline 0 -16"><span class='ocrx_word' id='word_1_209' title='bbox 391 2423 591 2484; x_wconf 82' lang='lat' dir='ltr'><strong>acrior</strong></span> <span class='ocrx_word' id='word_1_210' title='bbox 616 2423 848 2497; x_wconf 86' lang='lat' dir='ltr'><strong>impetu</strong></span> <span class='ocrx_word' id='word_1_211' title='bbox 876 2427 1061 2498; x_wconf 82' lang='lat' dir='ltr'><strong>atque</strong></span> <span class='ocrx_word' id='word_1_212' title='bbox 1087 2421 1314 2482; x_wconf 88' lang='lat' dir='ltr'><strong>animis.</strong></span> <span class='ocrx_word' id='word_1_213' title='bbox 1337 2437 1521 2496; x_wconf 85' lang='lat' dir='ltr'><strong>quam</strong></span> <span class='ocrx_word' id='word_1_214' title='bbox 1551 2421 1952 2497; x_wconf 69' lang='lat' dir='ltr'><strong>compositior</strong></span> <span class='ocrx_word' id='word_1_215' title='bbox 1977 2421 2104 2484; x_wconf 87' lang='lat' dir='ltr'><strong>ullo</strong></span> <span class='ocrx_word' id='word_1_216' title='bbox 2135 2422 2356 2482; x_wconf 84' lang='lat' dir='ltr'><strong>ordine</strong></span> 
     </span>
     <span class='ocr_line' id='line_1_27' title="bbox 389 2504 2354 2587; baseline 0.001 -23"><span class='ocrx_word' id='word_1_217' title='bbox 389 2521 595 2587; x_wconf 83' lang='lat' dir='ltr'><strong>pugna</strong></span> <span class='ocrx_word' id='word_1_218' title='bbox 623 2505 750 2566; x_wconf 82' lang='lat' dir='ltr'><strong>ruit.</strong></span> <span class='ocrx_word' id='word_1_219' title='bbox 815 2505 1022 2582; x_wconf 87' lang='lat' dir='ltr'><strong>itaque</strong></span> <span class='ocrx_word' id='word_1_220' title='bbox 1050 2505 1268 2582; x_wconf 89' lang='lat' dir='ltr'><strong>pulsus</strong></span> <span class='ocrx_word' id='word_1_221' title='bbox 1299 2519 1511 2582; x_wconf 85' lang='lat' dir='ltr'><strong>eques,</strong></span> <span class='ocrx_word' id='word_1_222' title='bbox 1555 2505 1660 2580; x_wconf 85' lang='lat' dir='ltr'><strong>qui</strong></span> <span class='ocrx_word' id='word_1_223' title='bbox 1689 2505 1919 2583; x_wconf 80' lang='lat' dir='ltr'><strong>primus</strong></span> <span class='ocrx_word' id='word_1_224' title='bbox 1948 2521 2020 2567; x_wconf 81' lang='lat' dir='ltr'><strong>se</strong></span> <span class='ocrx_word' id='word_1_225' title='bbox 2046 2504 2220 2568; x_wconf 79' lang='lat' dir='ltr'><strong>hosti-</strong></span> <span class='ocrx_word' id='word_1_226' title='bbox 2243 2505 2354 2566; x_wconf 79' lang='lat' dir='ltr'><strong>ob-</strong></span> 
     </span>
     <span class='ocr_line' id='line_1_28' title="bbox 390 2588 2354 2668; baseline 0.001 -16"><span class='ocrx_word' id='word_1_227' title='bbox 390 2592 623 2666; x_wconf 80' lang='lat' dir='ltr'><strong>tulerat,</strong></span> <span class='ocrx_word' id='word_1_228' title='bbox 654 2595 947 2651; x_wconf 86' lang='lat' dir='ltr'><strong>terrorem</strong></span> <span class='ocrx_word' id='word_1_229' title='bbox 974 2589 1167 2650; x_wconf 85' lang='lat' dir='ltr'><strong>intulit</strong></span> <span class='ocrx_word' id='word_1_230' title='bbox 1194 2588 1326 2649; x_wconf 86' lang='lat' dir='ltr'><strong>levi·</strong></span> <span class='ocrx_word' id='word_1_231' title='bbox 1342 2595 1716 2660; x_wconf 79' lang='lat' dir='ltr'><strong>armaturae3</strong></span> <span class='ocrx_word' id='word_1_232' title='bbox 1746 2596 2206 2668; x_wconf 79' lang='lat' dir='ltr'><strong>pugnatumque</strong></span> <span class='ocrx_word' id='word_1_233' title='bbox 2231 2589 2354 2653; x_wconf 84' lang='lat' dir='ltr'><strong>sub</strong></span> 
     </span>
     <span class='ocr_line' id='line_1_29' title="bbox 392 2671 2354 2751; baseline 0.003 -21"><span class='ocrx_word' id='word_1_234' title='bbox 392 2671 715 2751; x_wconf 12' lang='lat' dir='ltr'><strong>ipsopvalio</strong></span> <span class='ocrx_word' id='word_1_235' title='bbox 740 2674 913 2744; x_wconf 80' lang='lat' dir='ltr'><strong>foret,</strong></span> <span class='ocrx_word' id='word_1_236' title='bbox 946 2673 1007 2732; x_wconf 87' lang='lat' dir='ltr'><strong>ni</strong></span> <span class='ocrx_word' id='word_1_237' title='bbox 1036 2672 1222 2733; x_wconf 86' lang='lat' dir='ltr'><strong>robur</strong></span> <span class='ocrx_word' id='word_1_238' title='bbox 1243 2673 1550 2749; x_wconf 82' lang='lat' dir='ltr'><strong>legionum</strong></span> <span class='ocrx_word' id='word_1_239' title='bbox 1578 2674 1915 2750; x_wconf 73' lang='lat' dir='ltr'><strong>perexiguo.</strong></span> <span class='ocrx_word' id='word_1_240' title='bbox 1940 2673 2023 2735; x_wconf 86' lang='lat' dir='ltr'><strong>ad</strong></span> <span class='ocrx_word' id='word_1_241' title='bbox 2045 2675 2354 2739; x_wconf 69' lang='lat' dir='ltr'><strong>instruen-</strong></span> 
     </span>
     <span class='ocr_line' id='line_1_30' title="bbox 390 2757 2354 2834; baseline 0.002 -16"><span class='ocrx_word' id='word_1_242' title='bbox 390 2759 534 2819; x_wconf 89' lang='lat' dir='ltr'><strong>dum</strong></span> <span class='ocrx_word' id='word_1_243' title='bbox 562 2758 709 2819; x_wconf 88' lang='lat' dir='ltr'><strong>dato</strong></span> <span class='ocrx_word' id='word_1_244' title='bbox 734 2763 1013 2832; x_wconf 84' lang='lat' dir='ltr'><strong>tempore</strong></span> <span class='ocrx_word' id='word_1_245' title='bbox 1057 2758 1250 2818; x_wconf 84' lang='lat' dir='ltr'><strong>aciem</strong></span> <span class='ocrx_word' id='word_1_246' title='bbox 1281 2757 1630 2818; x_wconf 83' lang='lat' dir='ltr'><strong>direxisset.</strong></span> <span class='ocrx_word' id='word_1_247' title='bbox 1691 2757 1777 2818; x_wconf 87' lang='lat' dir='ltr'><strong>ibi</strong></span> <span class='ocrx_word' id='word_1_248' title='bbox 1807 2773 2055 2834; x_wconf 87' lang='lat' dir='ltr'><strong>quoque</strong></span> <span class='ocrx_word' id='word_1_249' title='bbox 2082 2758 2354 2834; x_wconf 69' lang='lat' dir='ltr'><strong>trepida-</strong></span> 
     </span>
     <span class='ocr_line' id='line_1_31' title="bbox 368 2840 2352 2918; baseline 0 -16"><span class='ocrx_word' id='word_1_250' title='bbox 368 2846 511 2903; x_wconf 83' lang='lat' dir='ltr'><strong>&#39;tum</strong></span> <span class='ocrx_word' id='word_1_251' title='bbox 554 2855 885 2918; x_wconf 84' lang='lat' dir='ltr'><strong>parumper</strong></span> <span class='ocrx_word' id='word_1_252' title='bbox 922 2840 1086 2902; x_wconf 80' lang='lat' dir='ltr'><strong>cirea</strong></span> <span class='ocrx_word' id='word_1_253' title='bbox 1124 2842 1302 2918; x_wconf 82' lang='lat' dir='ltr'><strong>signe</strong></span> <span class='ocrx_word' id='word_1_254' title='bbox 1341 2849 1464 2918; x_wconf 89' lang='lat' dir='ltr'><strong>est,</strong></span> <span class='ocrx_word' id='word_1_255' title='bbox 1511 2857 1653 2904; x_wconf 87' lang='lat' dir='ltr'><strong>cum</strong></span> <span class='ocrx_word' id='word_1_256' title='bbox 1683 2843 1850 2904; x_wconf 87' lang='lat' dir='ltr'><strong>caeci</strong></span> <span class='ocrx_word' id='word_1_257' title='bbox 1879 2845 2086 2904; x_wconf 83' lang='lat' dir='ltr'><strong>furore</strong></span> <span class='ocrx_word' id='word_1_258' title='bbox 2123 2843 2190 2904; x_wconf 89' lang='grc'><strong>16</strong></span> <span class='ocrx_word' id='word_1_259' title='bbox 2213 2843 2352 2906; x_wconf 68' lang='lat' dir='ltr'><strong>,vui-</strong></span> 
     </span>
     <span class='ocr_line' id='line_1_32' title="bbox 386 2925 2352 3001; baseline 0.002 -15"><span class='ocrx_word' id='word_1_260' title='bbox 386 2941 536 2986; x_wconf 84' lang='lat' dir='ltr'><strong>nera</strong></span> <span class='ocrx_word' id='word_1_261' title='bbox 564 2939 637 2984; x_wconf 89' lang='lat' dir='ltr'><strong>ac</strong></span> <span class='ocrx_word' id='word_1_262' title='bbox 667 2927 891 2984; x_wconf 77' lang='lat' dir='ltr'><strong>fei-mim</strong></span> <span class='ocrx_word' id='word_1_263' title='bbox 920 2925 1169 2986; x_wconf 79' lang='lat' dir='ltr'><strong>vecordi</strong></span> <span class='ocrx_word' id='word_1_264' title='bbox 1198 2926 1458 2986; x_wconf 85' lang='lat' dir='ltr'><strong>audacia</strong></span> <span class='ocrx_word' id='word_1_265' title='bbox 1485 2932 1746 2989; x_wconf 84' lang='lat' dir='ltr'><strong>ruerent.</strong></span> <span class='ocrx_word' id='word_1_266' title='bbox 1791 2927 1932 2988; x_wconf 85' lang='lat' dir='ltr'><strong>dein</strong></span> <span class='ocrx_word' id='word_1_267' title='bbox 1955 2934 2132 2988; x_wconf 81' lang='lat' dir='ltr'><strong>vetus</strong></span> <span class='ocrx_word' id='word_1_268' title='bbox 2152 2926 2352 3001; x_wconf 79' lang='lat' dir='ltr'><strong>miles,</strong></span> 
     </span>
     <span class='ocr_line' id='line_1_33' title="bbox 388 3008 2351 3087; baseline 0.003 -18"><span class='ocrx_word' id='word_1_269' title='bbox 388 3009 689 3070; x_wconf 82' lang='lat' dir='ltr'><strong>adversus</strong></span> <span class='ocrx_word' id='word_1_270' title='bbox 731 3008 1089 3069; x_wconf 83' lang='lat' dir='ltr'><strong>temerarios</strong></span> <span class='ocrx_word' id='word_1_271' title='bbox 1130 3009 1394 3086; x_wconf 78' lang='lat' dir='ltr'><strong>impetus</strong></span> <span class='ocrx_word' id='word_1_272' title='bbox 1425 3010 1716 3086; x_wconf 71' lang='lat' dir='ltr'><strong>:pertinax</strong></span> <span class='ocrx_word' id='word_1_273' title='bbox 1731 3057 1748 3086; x_wconf 93' lang='lat'><strong>,</strong></span> <span class='ocrx_word' id='word_1_274' title='bbox 1793 3012 1986 3072; x_wconf 83' lang='lat' dir='ltr'><strong>caede</strong></span> <span class='ocrx_word' id='word_1_275' title='bbox 2013 3011 2351 3087; x_wconf 75' lang='lat' dir='ltr'><strong>primorum</strong></span> 
     </span>
     <span class='ocr_line' id='line_1_34' title="bbox 387 3093 2352 3171; baseline 0.001 -18"><span class='ocrx_word' id='word_1_276' title='bbox 387 3093 785 3168; x_wconf 80' lang='lat' dir='ltr'><strong>insequentes</strong></span> <span class='ocrx_word' id='word_1_277' title='bbox 816 3094 1185 3168; x_wconf 82' lang='lat' dir='ltr'><strong>suppressit.</strong></span> <span class='ocrx_word' id='word_1_278' title='bbox 1249 3102 1505 3155; x_wconf 79' lang='lat' dir='ltr'><strong>conatus</strong></span> <span class='ocrx_word' id='word_1_279' title='bbox 1537 3096 1732 3171; x_wconf 85' lang='lat' dir='ltr'><strong>paulo</strong></span> <span class='ocrx_word' id='word_1_280' title='bbox 1753 3103 1901 3171; x_wconf 86' lang='lat' dir='ltr'><strong>post-</strong></span> <span class='ocrx_word' id='word_1_281' title='bbox 1923 3096 2086 3156; x_wconf 85' lang='lat' dir='ltr'><strong>ultro·</strong></span> <span class='ocrx_word' id='word_1_282' title='bbox 2125 3095 2352 3158; x_wconf 65' lang='lat' dir='ltr'><strong>inferre</strong></span> 
     </span>
     <span class='ocr_line' id='line_1_35' title="bbox 387 3176 2349 3253; baseline 0.001 -15"><span class='ocrx_word' id='word_1_283' title='bbox 387 3177 635 3253; x_wconf 87' lang='lat' dir='ltr'><strong>pedem,</strong></span> <span class='ocrx_word' id='word_1_284' title='bbox 681 3183 749 3237; x_wconf 86' lang='lat' dir='ltr'><strong>ut</strong></span> <span class='ocrx_word' id='word_1_285' title='bbox 775 3176 1074 3236; x_wconf 85' lang='lat' dir='ltr'><strong>neminem</strong></span> <span class='ocrx_word' id='word_1_286' title='bbox 1114 3177 1337 3240; x_wconf 88' lang='lat' dir='ltr'><strong>cedere</strong></span> <span class='ocrx_word' id='word_1_287' title='bbox 1377 3184 1560 3253; x_wconf 85' lang='lat' dir='ltr'><strong>atque</strong></span> <span class='ocrx_word' id='word_1_288' title='bbox 1598 3179 1942 3240; x_wconf 76' lang='lat' dir='ltr'><strong>obstinatos</strong></span> <span class='ocrx_word' id='word_1_289' title='bbox 1969 3178 2124 3240; x_wconf 85' lang='lat' dir='ltr'><strong>mori</strong></span> <span class='ocrx_word' id='word_1_290' title='bbox 2153 3179 2216 3240; x_wconf 86' lang='lat' dir='ltr'><strong>in</strong></span> <span class='ocrx_word' id='word_1_291' title='bbox 2243 3194 2349 3240; x_wconf 73' lang='lat' dir='ltr'><strong>,ve-</strong></span> 
     </span>
     <span class='ocr_line' id='line_1_36' title="bbox 386 3259 2351 3339; baseline 0.001 -18"><span class='ocrx_word' id='word_1_292' title='bbox 386 3259 567 3336; x_wconf 80' lang='lat' dir='ltr'><strong>stigio</strong></span> <span class='ocrx_word' id='word_1_293' title='bbox 598 3276 907 3336; x_wconf 88' lang='lat' dir='ltr'><strong>quemque</strong></span> <span class='ocrx_word' id='word_1_294' title='bbox 934 3275 1051 3321; x_wconf 86' lang='lat' dir='ltr'><strong>suo</strong></span> <span class='ocrx_word' id='word_1_295' title='bbox 1078 3259 1259 3334; x_wconf 85' lang='lat' dir='ltr'><strong>vidit,</strong></span> <span class='ocrx_word' id='word_1_296' title='bbox 1311 3265 1612 3337; x_wconf 80' lang='lat' dir='ltr'><strong>patefacta</strong></span> <span class='ocrx_word' id='word_1_297' title='bbox 1639 3263 1804 3339; x_wconf 81' lang='lat' dir='ltr'><strong>acie,</strong></span> <span class='ocrx_word' id='word_1_298' title='bbox 1849 3262 2030 3338; x_wconf 87' lang='lat' dir='ltr'><strong>quod·</strong></span> <span class='ocrx_word' id='word_1_299' title='bbox 2047 3269 2116 3324; x_wconf 81' lang='lat' dir='ltr'><strong>ut</strong></span> <span class='ocrx_word' id='word_1_300' title='bbox 2143 3264 2351 3326; x_wconf 76' lang='lat' dir='ltr'><strong>facere</strong></span> 
     </span>
     <span class='ocr_line' id='line_1_37' title="bbox 386 3343 2351 3422; baseline 0.002 -17"><span class='ocrx_word' id='word_1_301' title='bbox 386 3350 604 3422; x_wconf 85' lang='lat' dir='ltr'><strong>posset</strong></span> <span class='ocrx_word' id='word_1_302' title='bbox 640 3343 957 3406; x_wconf 82' lang='lat' dir='ltr'><strong>multitudo</strong></span> <span class='ocrx_word' id='word_1_303' title='bbox 1002 3353 1370 3406; x_wconf 76' lang='lat' dir='ltr'><strong>armatorum</strong></span> <span class='ocrx_word' id='word_1_304' title='bbox 1393 3345 1580 3406; x_wconf 79' lang='lat' dir='ltr'><strong>facile</strong></span> <span class='ocrx_word' id='word_1_305' title='bbox 1609 3347 2070 3422; x_wconf 79' lang='lat' dir='ltr'><strong>suppeditabat,</strong></span> <span class='ocrx_word' id='word_1_306' title='bbox 2118 3359 2351 3408; x_wconf 81' lang='lat' dir='ltr'><strong>cornua</strong></span> 
     </span>
     <span class='ocr_line' id='line_1_38' title="bbox 385 3427 2350 3506; baseline 0.001 -18"><span class='ocrx_word' id='word_1_307' title='bbox 385 3427 654 3488; x_wconf 85' lang='lat' dir='ltr'><strong>hostium</strong></span> <span class='ocrx_word' id='word_1_308' title='bbox 698 3429 1050 3504; x_wconf 79' lang='lat' dir='ltr'><strong>ampiexus,</strong></span> <span class='ocrx_word' id='word_1_309' title='bbox 1095 3428 1151 3490; x_wconf 89' lang='lat' dir='ltr'><strong>in</strong></span> <span class='ocrx_word' id='word_1_310' title='bbox 1183 3427 1396 3489; x_wconf 86' lang='lat' dir='ltr'><strong>orbem</strong></span> <span class='ocrx_word' id='word_1_311' title='bbox 1427 3437 1772 3506; x_wconf 81' lang='lat' dir='ltr'><strong>pugnantes</strong></span> <span class='ocrx_word' id='word_1_312' title='bbox 1792 3432 1884 3492; x_wconf 73' lang='lat' dir='ltr'><strong>ad</strong></span> <span class='ocrx_word' id='word_1_313' title='bbox 1911 3447 2102 3492; x_wconf 83' lang='lat' dir='ltr'><strong>unum</strong></span> <span class='ocrx_word' id='word_1_314' title='bbox 2129 3444 2350 3492; x_wconf 77' lang='lat' dir='ltr'><strong>omnes</strong></span> 
     </span>
     <span class='ocr_line' id='line_1_39' title="bbox 386 3511 2353 3590; baseline 0.002 -19"><span class='ocrx_word' id='word_1_315' title='bbox 386 3511 627 3578; x_wconf 82' lang='lat' dir='ltr'><strong>occidit.</strong></span> <span class='ocrx_word' id='word_1_316' title='bbox 714 3511 921 3572; x_wconf 85' lang='lat' dir='ltr'><strong>XXIII.</strong></span> <span class='ocrx_word' id='word_1_317' title='bbox 964 3519 1146 3590; x_wconf 87' lang='lat' dir='ltr'><strong>atque</strong></span> <span class='ocrx_word' id='word_1_318' title='bbox 1179 3512 1338 3574; x_wconf 82' lang='lat' dir='ltr'><strong>haec</strong></span> <span class='ocrx_word' id='word_1_319' title='bbox 1375 3519 1578 3574; x_wconf 83' lang='lat' dir='ltr'><strong>tamen</strong></span> <span class='ocrx_word' id='word_1_320' title='bbox 1604 3513 1876 3576; x_wconf 85' lang='lat' dir='ltr'><strong>hostium</strong></span> <span class='ocrx_word' id='word_1_321' title='bbox 1910 3515 2233 3587; x_wconf 78' lang='lat' dir='ltr'><strong>iratorum,</strong></span> <span class='ocrx_word' id='word_1_322' title='bbox 2277 3529 2353 3574; x_wconf 80' lang='lat' dir='ltr'><strong>ac</strong></span> 
     </span>
    </p>
   </div>
  </div>
 </body>
</html>
