2550 3959
412 250 460 313 2
754 236 985 311 LIBER
1013 247 1228 309 XXIV.
1273 245 1439 306 CAP.
1465 256 1513 306 1.
1538 254 1591 306 2.
1638 250 1707 319 [a.
1739 250 1811 301 U.
1849 266 1896 300 c.
1926 247 2051 314 537]

423 400 663 461 Poenus
695 396 933 475 equites
963 397 1191 471 emisit,
1239 396 1343 472 qui
1369 395 1603 456 violare
1634 409 1998 470 quemquam
2025 390 2213 469 vetiti,
2256 398 2378 453 tan-

423 491 546 545 tum
591 494 655 545 ut
693 486 770 543 ab
799 482 952 543 urbe
992 480 1388 541 excluderent
1417 480 1560 555 fuga
1589 479 1957 553 dissipatOS,
2003 484 2233 538 turmas
2278 477 2380 537 ob-

421 566 640 628 iecere.
689 567 817 627 dux
845 566 982 641 ipse
1011 565 1150 625 loco
1179 563 1504 639 superiore
1532 568 1733 638 capto,
1764 562 1929 621 unde
1960 577 2143 639 agros
2178 560 2381 623 urbem

425 651 624 729 possit
667 650 1058 725 conspicere,
1100 648 1471 708 Bruttiorum
1504 646 1817 707 cohortem
1860 646 2032 705 adire
2060 660 2268 705 muros
2298 653 2379 706 at-

425 752 546 813 que
575 750 802 795 vocare
831 733 1143 810 principes
1171 731 1571 794 Locrensium
1597 731 1685 798 ad
1721 729 2094 805 colloquium
2122 729 2295 789 iussit
2327 741 2377 789 et

424 820 783 897 pollicentes
825 818 1147 877 amicitiam
1175 815 1534 882 Hannibalis
1566 814 1875 875 adhortari
1904 814 1983 873 ad
2028 814 2239 874 urbem
2266 820 2379 875 tra-

425 904 710 963 dendam.
753 902 1002 962 Bruttiis
1033 902 1094 961 in
1125 901 1436 975 colloquio
1466 899 1690 959 nullius
1719 898 1809 959 rei
1840 899 2036 974 primo
2068 898 2225 957 fides
2256 904 2382 968 est3

426 987 668 1061 deinde,
698 986 1014 1047 utPoenus
1044 984 1331 1061 apparuit
1349 984 1410 1042 in
1436 983 1697 1043 collibus
1728 990 1789 1043 et
1809 982 2181 1057 refugientes
2204 982 2383 1057 pauci

428 1072 609 1131 aliam
639 1085 878 1132 omnem
919 1069 1359 1130 multitudinem
1387 1068 1449 1128 in
1480 1063 1785 1143 potestate
1813 1066 2080 1126 hostium
2108 1081 2251 1126 esse
2280 1066 2383 1127 ad-

425 1154 718 1228 serebant,
765 1161 888 1214 tum
916 1160 1077 1213 metu
1104 1153 1250 1212 victi
1282 1152 1672 1213 consulturos
1704 1165 1776 1211 se
1804 1150 2100 1225 populum
2127 1165 2381 1226 respon-

309 1245 318 1250 *
427 1240 662 1299 derunt.
692 1237 1116 1313 advocataque
1139 1236 1449 1313 extemplo
1474 1235 1775 1310 contione,
1800 1249 1936 1294 cum
1960 1240 2021 1294 et
2038 1234 2383 1294 levissimus

427 1322 690 1399 quisque
718 1336 914 1381 novas
944 1336 1045 1381 res
1075 1336 1425 1395 novamque
1456 1320 1809 1380 societatem
1838 1318 2102 1393 mallent,
2146 1326 2206 1377 et
2236 1334 2383 1392 quo-

424 1424 560 1469 rum
599 1404 932 1481 propinqui
973 1410 1147 1464 extra
1188 1403 1403 1465 urbem
1442 1402 1753 1464 interclusi
1782 1400 1859 1461 ab
1888 1401 2169 1462 hostibus
2199 1408 2381 1478 erant,

426 1491 591 1551 velut
634 1488 953 1549 obsidibus
984 1488 1142 1549 datis
1171 1488 1527 1565 pigneratos
1556 1486 1851 1548 haberent
1892 1487 2162 1559 animos,
2205 1484 2384 1561 pauci

426 1573 620 1648 magis
661 1572 823 1633 taciti
855 1572 1190 1647 probarent
1223 1578 1604 1633 constantem
1632 1571 1817 1631 fidem
1848 1586 2030 1647 quam
2071 1569 2387 1647 probatam

427 1658 580 1717 tueri
624 1656 946 1731 auderent,
991 1656 1160 1717 haud
1193 1655 1389 1716 dubio
1432 1656 1491 1715 in
1536 1655 1809 1731 speciem
1851 1670 2163 1715 consensu
2202 1654 2270 1713 fit
2306 1654 2385 1711 ad

425 1740 664 1801 Poenos
699 1740 946 1800 deditio.
1012 1740 1078 1799 L.
1109 1740 1296 1801 Atilio
1330 1741 1639 1817 praefecto
1669 1738 1962 1815 praesidii
1994 1738 2223 1813 quique
2252 1753 2386 1797 cum

427 1839 502 1885 eo
545 1825 767 1884 milites
797 1824 1056 1884 Romani
1099 1830 1270 1885 erant
1312 1826 1466 1884 clam
1506 1824 1567 1882 in
1606 1830 1848 1899 portum
1880 1822 2161 1883 deductis
2204 1827 2388 1895 atque

427 1908 726 1984 impositis
755 1910 817 1969 in
846 1924 1056 1981 naves,
1102 1915 1166 1968 ut
1187 1909 1445 1983 Regium
1474 1907 1941 1980 devehere-ntur,
1984 1906 2387 1967 Hamilcarem

423 1992 790 2067 Poenosque
821 2008 895 2051 ea
923 1992 1319 2064 condicione,
1362 1998 1433 2051 ut
1462 1991 1683 2068 foedus
1720 1991 2027 2067 extemplo
2056 1990 2274 2065 aequis
2303 1990 2387 2047 le-

415 2076 605 2151 ·gibus
647 2076 848 2150 fieret,
894 2075 952 2134 in
983 2074 1198 2136 urbem
1241 2081 1631 2151 acceperunt.
1716 2076 1891 2135 cuius
1920 2074 2010 2133 rei
2038 2088 2239 2149 prope
2266 2088 2387 2132 non

425 2167 671 2221 servata
697 2160 855 2219 fides
887 2158 1110 2219 deditis
1141 2164 1252 2234 est,
1299 2174 1437 2220 cum
1465 2158 1705 2219 Poenus
1737 2158 1881 2218 dolo
1915 2158 2236 2219 dimissum
2265 2157 2388 2216 Ro-

425 2260 669 2304 manum
696 2242 1020 2319 incusaret,
1062 2243 1409 2304 Locrenses
1442 2244 1798 2318 profugisse
1826 2242 2031 2317 ipsum
2060 2257 2386 2301 causaren-

424 2333 539 2387 tur.
584 2328 843 2387 insecuti
867 2328 1047 2388 etiam
1071 2326 1311 2403 equites
1336 2335 1495 2401 sunt,
1520 2327 1573 2387 si
1590 2342 1712 2402 quo
1738 2342 1891 2387 casu
1911 2326 1971 2385 in
1997 2327 2150 2385 freto
2176 2328 2394 2385 aestus

426 2411 651 2471 morari
680 2416 784 2471 aut
806 2411 1046 2470 deferre
1075 2426 1268 2471 naves
1298 2410 1358 2470 in
1389 2417 1607 2470 terram
1639 2417 1874 2486 posset.
1918 2417 1979 2469 et
2004 2425 2117 2469 eos
2142 2408 2391 2484 quidem

426 2511 584 2570 quos
615 2494 1034 2571 sequebantur
1059 2510 1180 2555 non
1213 2500 1357 2556 sunt
1396 2493 1636 2569 adepti;
1678 2494 1832 2553 alias
1862 2510 1902 2554 a
1926 2492 2217 2556 Messana
2246 2491 2393 2552 trai-

423 2580 655 2641 cientes
696 2581 849 2641 sreto
878 2579 1136 2655 Regium
1179 2594 1373 2639 naves
1416 2585 1889 2653 conspexerunt.
1954 2577 2175 2639 milites
2214 2584 2391 2637 erant

421 2663 678 2725 Romani
723 2678 762 2723 a
791 2664 1042 2724 Claudio
1087 2669 1371 2739 praetore
1399 2662 1572 2723 missi
1614 2662 1698 2723 ad
1738 2660 2129 2723 obtinendam
2174 2660 2390 2722 urbem

421 2748 754 2823 praesidio.
792 2747 998 2824 itaque
1013 2746 1204 2823 Regio
1237 2746 1543 2821 extemplo
1576 2744 1939 2807 abscessum
1966 2753 2081 2807 cst.
2123 2745 2390 2805 Locren-

423 2830 596 2891 sibus
649 2831 822 2891 iussu
861 2829 1220 2891 Hannibalis
1262 2831 1408 2891 data
1446 2846 1570 2907 pax
1587 2877 1602 2903 ,
1636 2838 1721 2906 ,ut
1759 2829 1933 2891 liberi
1976 2830 2105 2891 suis
2147 2828 2391 2903 legibus

421 2914 726 2990 viverent,
769 2913 914 2975 urbs
957 2920 1193 2991 pateret
1217 2913 1473 2987 Poenis,
1521 2922 1737 2989 portus
1774 2914 1835 2975 in
1878 2920 2243 2989 potestatem
2270 2912 2377 2975 Lo·

415 2998 730 3059 erensium
759 3004 944 3072 esset,
975 2998 1244 3060 societas
1271 3014 1349 3059 eo
1380 2998 1511 3059 iure
1538 3004 1741 3070 staret,
1772 3005 1838 3059 ut
1856 2996 2099 3059 Poenus
2122 2996 2392 3059 Locren·

414 3096 556 3141 sem
583 3082 1051 3158 Locrensesque
1081 3082 1353 3143 Poenum
1385 3098 1540 3159 pace
1570 3098 1645 3142 ac
1672 3082 1835 3143 bello
1866 3082 2162 3143 iuvarent.

592 3166 665 3224 11.
729 3163 833 3225 Sic
881 3183 922 3225 a
968 3167 1121 3227 freto
1161 3166 1352 3227 Poeni
1400 3167 1633 3229 reducti
1684 3164 2081 3227 frementibus
2114 3163 2392 3239 BruttiiS‚

411 3248 593 3325 -quod
619 3248 876 3323 Regium
905 3266 980 3311 ac
1007 3250 1240 3311 Locros
1257 3295 1272 3323 ,
1320 3266 1473 3327 quas
1505 3250 1687 3311 urbes
1719 3250 2067 3325 direpturos
2098 3264 2171 3312 se
2198 3248 2395 3309 desti-

421 3340 746 3408 naverant,
790 3332 1046 3395 intactas
1086 3333 1499 3409 reliquissent·
1578 3336 1783 3411 itaque
1822 3349 1935 3408 per
1976 3349 2048 3396 se
2090 3332 2211 3409 ipsi
2242 3348 2397 3395 eou-

417 3417 668 3493 scriptis
699 3417 1073 3495 armatisque
1112 3417 1437 3489 iuventutis
1468 3433 1621 3479 suae
1652 3417 2001 3494 quindecim
2028 3416 2279 3478 milibus
2308 3416 2399 3477 ad

414 3500 748 3567 Crotonem
793 3502 1274 3579 oppugnandum
1304 3508 1565 3578 pergunt
1592 3500 1709 3572 ire,
1756 3501 2053 3563 Graecam
2080 3510 2142 3563 et
2182 3500 2397 3578 ipsam
