<?xml version="1.0" encoding="UTF-8"?>
<!DOCTYPE html PUBLIC "-//W3C//DTD XHTML 1.0 Transitional//EN"
    "http://www.w3.org/TR/xhtml1/DTD/xhtml1-transitional.dtd">
<html xmlns="http://www.w3.org/1999/xhtml" xml:lang="en" lang="en">
 <head>
  <title>
</title>
<meta http-equiv="Content-Type" content="text/html;charset=utf-8" />
  <meta name='ocr-system' content='tesseract 3.04.00' />
  <meta name='ocr-capabilities' content='ocr_page ocr_carea ocr_par ocr_line ocrx_word'/>
</head>
<body>
  <div class='ocr_page' id='page_1' title='image "./aburbeconditali13livygoog_0348.png"; bbox 0 0 2550 3959; ppageno 0'>
   <div class='ocr_carea' id='block_1_1' title="bbox 618 218 2172 295">
    <p class='ocr_par' dir='ltr' id='par_1_1' title="bbox 618 218 2172 295">
     <span class='ocr_line' id='line_1_1' title="bbox 618 218 2172 295; baseline 0.002 -14"><span class='ocrx_word' id='word_1_1' title='bbox 618 222 849 284; x_wconf 72' lang='lat' dir='ltr'>LIBER</span> <span class='ocrx_word' id='word_1_2' title='bbox 868 222 1079 281; x_wconf 79' lang='lat' dir='ltr'><strong>XXIX.</strong></span> <span class='ocrx_word' id='word_1_3' title='bbox 1132 221 1297 281; x_wconf 83' lang='lat' dir='ltr'><strong>CAP.</strong></span> <span class='ocrx_word' id='word_1_4' title='bbox 1323 229 1412 283; x_wconf 84' lang='lat'><strong>38.</strong></span> <span class='ocrx_word' id='word_1_5' title='bbox 1459 228 1535 295; x_wconf 63' lang='lat' dir='ltr'><strong>[a.</strong></span> <span class='ocrx_word' id='word_1_6' title='bbox 1558 226 1772 294; x_wconf 57' lang='lat' dir='ltr'><strong>cao-1]</strong></span> <span class='ocrx_word' id='word_1_7' title='bbox 2048 218 2172 284; x_wconf 77' lang='lat'><strong>321</strong></span> 
     </span>
    </p>
   </div>
   <div class='ocr_carea' id='block_1_2' title="bbox 219 370 2190 1952">
    <p class='ocr_par' dir='ltr' id='par_1_2' title="bbox 220 370 2178 1031">
     <span class='ocr_line' id='line_1_2' title="bbox 221 370 2178 436; baseline -0.002 0"><span class='ocrx_word' id='word_1_8' title='bbox 221 376 499 436; x_wconf 73' lang='lat' dir='ltr'><strong>civimtes</strong></span> <span class='ocrx_word' id='word_1_9' title='bbox 530 376 839 434; x_wconf 73' lang='lat' dir='ltr'><strong>voluntate</strong></span> <span class='ocrx_word' id='word_1_10' title='bbox 868 373 929 433; x_wconf 89' lang='lat' dir='ltr'><strong>in</strong></span> <span class='ocrx_word' id='word_1_11' title='bbox 960 370 1262 433; x_wconf 83' lang='lat' dir='ltr'><strong>dicionem</strong></span> <span class='ocrx_word' id='word_1_12' title='bbox 1291 378 1608 432; x_wconf 87' lang='lat' dir='ltr'><strong>venerunt.</strong></span> <span class='ocrx_word' id='word_1_13' title='bbox 1647 381 1707 434; x_wconf 89' lang='lat' dir='ltr'><strong>et</strong></span> <span class='ocrx_word' id='word_1_14' title='bbox 1737 388 1874 433; x_wconf 90' lang='lat' dir='ltr'><strong>cum</strong></span> <span class='ocrx_word' id='word_1_15' title='bbox 1905 373 2178 433; x_wconf 89' lang='lat' dir='ltr'><strong>comitio-</strong></span> 
     </span>
     <span class='ocr_line' id='line_1_3' title="bbox 222 456 2177 532; baseline -0.001 -14"><span class='ocrx_word' id='word_1_16' title='bbox 222 476 356 518; x_wconf 86' lang='lat' dir='ltr'><strong>rum</strong></span> <span class='ocrx_word' id='word_1_17' title='bbox 388 459 503 517; x_wconf 89' lang='lat' dir='ltr'><strong>iam</strong></span> <span class='ocrx_word' id='word_1_18' title='bbox 540 464 859 532; x_wconf 84' lang='lat' dir='ltr'><strong>appeteret</strong></span> <span class='ocrx_word' id='word_1_19' title='bbox 884 464 1160 531; x_wconf 80' lang='lat' dir='ltr'><strong>tempuS‚</strong></span> <span class='ocrx_word' id='word_1_20' title='bbox 1204 456 1547 517; x_wconf 90' lang='lat' dir='ltr'><strong>Cornelium</strong></span> <span class='ocrx_word' id='word_1_21' title='bbox 1579 459 1784 531; x_wconf 85' lang='lat' dir='ltr'><strong>potius</strong></span> <span class='ocrx_word' id='word_1_22' title='bbox 1815 472 1892 515; x_wconf 88' lang='lat' dir='ltr'><strong>ex</strong></span> <span class='ocrx_word' id='word_1_23' title='bbox 1919 456 2177 531; x_wconf 83' lang='lat' dir='ltr'><strong>Etruria,</strong></span> 
     </span>
     <span class='ocr_line' id='line_1_4' title="bbox 223 538 2178 617; baseline -0.002 -14"><span class='ocrx_word' id='word_1_24' title='bbox 223 542 325 603; x_wconf 89' lang='lat' dir='ltr'><strong>ubi</strong></span> <span class='ocrx_word' id='word_1_25' title='bbox 358 542 502 601; x_wconf 85' lang='lat' dir='ltr'><strong>nihil</strong></span> <span class='ocrx_word' id='word_1_26' title='bbox 534 541 672 601; x_wconf 88' lang='lat' dir='ltr'><strong>belli</strong></span> <span class='ocrx_word' id='word_1_27' title='bbox 703 546 850 613; x_wconf 89' lang='lat' dir='ltr'><strong>erat,</strong></span> <span class='ocrx_word' id='word_1_28' title='bbox 880 538 1135 601; x_wconf 86' lang='lat' dir='ltr'><strong>Romam</strong></span> <span class='ocrx_word' id='word_1_29' title='bbox 1168 539 1354 599; x_wconf 89' lang='lat' dir='ltr'><strong>acciri</strong></span> <span class='ocrx_word' id='word_1_30' title='bbox 1384 539 1629 617; x_wconf 80' lang='lat' dir='ltr'>placuit.</span> <span class='ocrx_word' id='word_1_31' title='bbox 1673 541 1728 601; x_wconf 91' lang='lat' dir='ltr'><strong>is</strong></span> <span class='ocrx_word' id='word_1_32' title='bbox 1757 543 2045 601; x_wconf 87' lang='lat' dir='ltr'><strong>consules</strong></span> <span class='ocrx_word' id='word_1_33' title='bbox 2071 542 2178 601; x_wconf 90' lang='lat' dir='ltr'><strong>Cn.</strong></span> 
     </span>
     <span class='ocr_line' id='line_1_5' title="bbox 225 624 2178 700; baseline 0 -15"><span class='ocrx_word' id='word_1_34' title='bbox 225 626 547 685; x_wconf 84' lang='lat' dir='ltr'><strong>Servilium</strong></span> <span class='ocrx_word' id='word_1_35' title='bbox 592 624 945 700; x_wconf 63' lang='lat' dir='ltr'><strong>Caepionem</strong></span> <span class='ocrx_word' id='word_1_36' title='bbox 988 635 1049 684; x_wconf 79' lang='lat' dir='ltr'><strong>et</strong></span> <span class='ocrx_word' id='word_1_37' title='bbox 1098 625 1161 685; x_wconf 80' lang='lat'><strong>0.</strong></span> <span class='ocrx_word' id='word_1_38' title='bbox 1198 624 1517 685; x_wconf 78' lang='lat' dir='ltr'><strong>Servilium</strong></span> <span class='ocrx_word' id='word_1_39' title='bbox 1564 624 1880 685; x_wconf 51' lang='lat' dir='ltr'><strong>&gt;Geminum</strong></span> <span class='ocrx_word' id='word_1_40' title='bbox 1931 625 2178 685; x_wconf 87' lang='lat' dir='ltr'><strong>creavit.</strong></span> 
     </span>
     <span class='ocr_line' id='line_1_6' title="bbox 220 706 2178 783; baseline -0.001 -15"><span class='ocrx_word' id='word_1_41' title='bbox 220 711 365 768; x_wconf 81' lang='lat' dir='ltr'><strong>inde</strong></span> <span class='ocrx_word' id='word_1_42' title='bbox 389 709 695 783; x_wconf 84' lang='lat' dir='ltr'><strong>praetoria</strong></span> <span class='ocrx_word' id='word_1_43' title='bbox 722 708 963 767; x_wconf 88' lang='lat' dir='ltr'><strong>comitia</strong></span> <span class='ocrx_word' id='word_1_44' title='bbox 985 706 1203 767; x_wconf 81' lang='lat' dir='ltr'><strong>habita.</strong></span> <span class='ocrx_word' id='word_1_45' title='bbox 1252 707 1434 767; x_wconf 87' lang='lat' dir='ltr'><strong>creati</strong></span> <span class='ocrx_word' id='word_1_46' title='bbox 1459 706 1524 765; x_wconf 91' lang='grc' dir='ltr'><strong>Ρ.</strong></span> <span class='ocrx_word' id='word_1_47' title='bbox 1549 707 1866 768; x_wconf 85' lang='lat' dir='ltr'><strong>Cornelius</strong></span> <span class='ocrx_word' id='word_1_48' title='bbox 1888 709 2178 769; x_wconf 84' lang='lat' dir='ltr'><strong>Lentulus</strong></span> 
     </span>
     <span class='ocr_line' id='line_1_7' title="bbox 220 790 2178 867; baseline -0.002 -16"><span class='ocrx_word' id='word_1_49' title='bbox 220 793 284 851; x_wconf 83' lang='lat' dir='ltr'><strong>P.</strong></span> <span class='ocrx_word' id='word_1_50' title='bbox 311 792 665 865; x_wconf 82' lang='lat' dir='ltr'><strong>Quinctilius</strong></span> <span class='ocrx_word' id='word_1_51' title='bbox 694 794 900 850; x_wconf 80' lang='lat' dir='ltr'><strong>Varus</strong></span> <span class='ocrx_word' id='word_1_52' title='bbox 931 790 995 847; x_wconf 91' lang='lat' dir='ltr'><strong>P.</strong></span> <span class='ocrx_word' id='word_1_53' title='bbox 1019 790 1231 849; x_wconf 90' lang='lat' dir='ltr'><strong>Aelius</strong></span> <span class='ocrx_word' id='word_1_54' title='bbox 1264 790 1484 849; x_wconf 88' lang='lat' dir='ltr'><strong>Paetus</strong></span> <span class='ocrx_word' id='word_1_55' title='bbox 1505 790 1568 847; x_wconf 89' lang='lat' dir='ltr'><strong>P.</strong></span> <span class='ocrx_word' id='word_1_56' title='bbox 1594 791 1812 851; x_wconf 81' lang='lat' dir='ltr'><strong>Villius</strong></span> <span class='ocrx_word' id='word_1_57' title='bbox 1833 794 2178 867; x_wconf 79' lang='lat' dir='ltr'><strong>Tappulus=</strong></span> 
     </span>
     <span class='ocr_line' id='line_1_8' title="bbox 221 874 2177 949; baseline -0.001 -14"><span class='ocrx_word' id='word_1_58' title='bbox 221 877 260 935; x_wconf 86' lang='lat' dir='ltr'><strong>li</strong></span> <span class='ocrx_word' id='word_1_59' title='bbox 294 876 417 935; x_wconf 80' lang='lat' dir='ltr'><strong>(luo</strong></span> <span class='ocrx_word' id='word_1_60' title='bbox 463 890 601 935; x_wconf 87' lang='lat' dir='ltr'><strong>cum</strong></span> <span class='ocrx_word' id='word_1_61' title='bbox 640 874 873 933; x_wconf 83' lang='lat' dir='ltr'><strong>aediles</strong></span> <span class='ocrx_word' id='word_1_62' title='bbox 916 874 1115 949; x_wconf 89' lang='lat' dir='ltr'><strong>plebis</strong></span> <span class='ocrx_word' id='word_1_63' title='bbox 1156 880 1394 944; x_wconf 86' lang='lat' dir='ltr'><strong>essent,</strong></span> <span class='ocrx_word' id='word_1_64' title='bbox 1439 881 1755 947; x_wconf 86' lang='lat' dir='ltr'><strong>praetores</strong></span> <span class='ocrx_word' id='word_1_65' title='bbox 1798 877 1985 936; x_wconf 87' lang='lat' dir='ltr'><strong>creati</strong></span> <span class='ocrx_word' id='word_1_66' title='bbox 2016 882 2177 935; x_wconf 87' lang='lat' dir='ltr'><strong>sunt.</strong></span> 
     </span>
     <span class='ocr_line' id='line_1_9' title="bbox 222 956 2140 1031; baseline -0.002 -11"><span class='ocrx_word' id='word_1_67' title='bbox 222 961 439 1020; x_wconf 88' lang='lat' dir='ltr'><strong>consul</strong></span> <span class='ocrx_word' id='word_1_68' title='bbox 471 956 728 1018; x_wconf 82' lang='lat' dir='ltr'><strong>comitiis</strong></span> <span class='ocrx_word' id='word_1_69' title='bbox 760 958 1047 1031; x_wconf 85' lang='lat' dir='ltr'><strong>perfectis</strong></span> <span class='ocrx_word' id='word_1_70' title='bbox 1076 956 1157 1015; x_wconf 90' lang='lat' dir='ltr'><strong>ad</strong></span> <span class='ocrx_word' id='word_1_71' title='bbox 1186 958 1518 1016; x_wconf 82' lang='lat' dir='ltr'><strong>exercitum</strong></span> <span class='ocrx_word' id='word_1_72' title='bbox 1548 958 1608 1017; x_wconf 88' lang='lat' dir='ltr'><strong>in</strong></span> <span class='ocrx_word' id='word_1_73' title='bbox 1635 958 1937 1019; x_wconf 76' lang='lat' dir='ltr'><strong>Etruriam</strong></span> <span class='ocrx_word' id='word_1_74' title='bbox 1964 958 2140 1019; x_wconf 90' lang='lat' dir='ltr'><strong>redit.</strong></span> 
     </span>
    </p>

    <p class='ocr_par' dir='ltr' id='par_1_3' title="bbox 219 1041 2190 1952">
     <span class='ocr_line' id='line_1_10' title="bbox 390 1041 2180 1111; baseline -0.001 -9"><span class='ocrx_word' id='word_1_75' title='bbox 390 1042 757 1102; x_wconf 82' lang='lat' dir='ltr'><strong>Sacerdotes</strong></span> <span class='ocrx_word' id='word_1_76' title='bbox 801 1056 876 1099; x_wconf 91' lang='lat' dir='ltr'><strong>eo</strong></span> <span class='ocrx_word' id='word_1_77' title='bbox 916 1056 1076 1100; x_wconf 88' lang='lat' dir='ltr'><strong>anno</strong></span> <span class='ocrx_word' id='word_1_78' title='bbox 1127 1041 1348 1100; x_wconf 90' lang='lat' dir='ltr'><strong>mortui</strong></span> <span class='ocrx_word' id='word_1_79' title='bbox 1397 1047 1580 1111; x_wconf 85' lang='lat' dir='ltr'><strong>atque</strong></span> <span class='ocrx_word' id='word_1_80' title='bbox 1621 1042 1682 1099; x_wconf 92' lang='lat' dir='ltr'><strong>in</strong></span> <span class='ocrx_word' id='word_1_81' title='bbox 1724 1043 1926 1103; x_wconf 89' lang='lat' dir='ltr'><strong>locum</strong></span> <span class='ocrx_word' id='word_1_82' title='bbox 1967 1059 2180 1103; x_wconf 86' lang='lat' dir='ltr'><strong>eorum</strong></span> 
     </span>
     <span class='ocr_line' id='line_1_11' title="bbox 223 1122 2178 1187; baseline -0.002 -1"><span class='ocrx_word' id='word_1_83' title='bbox 223 1126 495 1187; x_wconf 79' lang='lat' dir='ltr'><strong>suffecti:</strong></span> <span class='ocrx_word' id='word_1_84' title='bbox 538 1125 665 1185; x_wconf 87' lang='lat' dir='ltr'><strong>Tib.</strong></span> <span class='ocrx_word' id='word_1_85' title='bbox 696 1122 988 1183; x_wconf 87' lang='lat' dir='ltr'><strong>Veturius</strong></span> <span class='ocrx_word' id='word_1_86' title='bbox 1016 1122 1185 1183; x_wconf 88' lang='lat' dir='ltr'><strong>Philo</strong></span> <span class='ocrx_word' id='word_1_87' title='bbox 1216 1122 1438 1182; x_wconf 86' lang='lat' dir='ltr'><strong>flamen</strong></span> <span class='ocrx_word' id='word_1_88' title='bbox 1463 1123 1751 1184; x_wconf 81' lang='lat' dir='ltr'><strong>Martialis</strong></span> <span class='ocrx_word' id='word_1_89' title='bbox 1785 1127 1842 1185; x_wconf 91' lang='lat' dir='ltr'><strong>in</strong></span> <span class='ocrx_word' id='word_1_90' title='bbox 1871 1128 2075 1186; x_wconf 87' lang='lat' dir='ltr'><strong>locum</strong></span> <span class='ocrx_word' id='word_1_91' title='bbox 2099 1126 2178 1184; x_wconf 90' lang='lat' dir='ltr'><strong>M.</strong></span> 
     </span>
     <span class='ocr_line' id='line_1_12' title="bbox 220 1206 2178 1281; baseline -0.002 -11"><span class='ocrx_word' id='word_1_92' title='bbox 220 1208 462 1270; x_wconf 75' lang='lat' dir='ltr'><strong>Aemilii</strong></span> <span class='ocrx_word' id='word_1_93' title='bbox 490 1207 726 1281; x_wconf 85' lang='lat' dir='ltr'><strong>Regilli,</strong></span> <span class='ocrx_word' id='word_1_94' title='bbox 765 1206 869 1280; x_wconf 88' lang='lat' dir='ltr'><strong>qui</strong></span> <span class='ocrx_word' id='word_1_95' title='bbox 899 1206 1105 1280; x_wconf 86' lang='lat' dir='ltr'><strong>priore</strong></span> <span class='ocrx_word' id='word_1_96' title='bbox 1134 1223 1296 1267; x_wconf 87' lang='lat' dir='ltr'><strong>anno</strong></span> <span class='ocrx_word' id='word_1_97' title='bbox 1325 1214 1602 1267; x_wconf 86' lang='lat' dir='ltr'><strong>mortuus</strong></span> <span class='ocrx_word' id='word_1_98' title='bbox 1631 1216 1778 1277; x_wconf 86' lang='lat' dir='ltr'><strong>erat,</strong></span> <span class='ocrx_word' id='word_1_99' title='bbox 1814 1218 2056 1269; x_wconf 84' lang='lat' dir='ltr'><strong>creatus</strong></span> <span class='ocrx_word' id='word_1_100' title='bbox 2089 1210 2178 1267; x_wconf 88' lang='lat' dir='ltr'><strong>in-</strong></span> 
     </span>
     <span class='ocr_line' id='line_1_13' title="bbox 222 1288 2183 1367; baseline -0.002 -14"><span class='ocrx_word' id='word_1_101' title='bbox 222 1296 716 1367; x_wconf 74' lang='lat' dir='ltr'><strong>auguratusque3</strong></span> <span class='ocrx_word' id='word_1_102' title='bbox 779 1291 842 1349; x_wconf 87' lang='lat' dir='ltr'><strong>in</strong></span> <span class='ocrx_word' id='word_1_103' title='bbox 889 1288 973 1348; x_wconf 91' lang='lat' dir='ltr'><strong>M.</strong></span> <span class='ocrx_word' id='word_1_104' title='bbox 1006 1290 1327 1365; x_wconf 89' lang='lat' dir='ltr'><strong>Pomponii</strong></span> <span class='ocrx_word' id='word_1_105' title='bbox 1363 1289 1670 1351; x_wconf 85' lang='lat' dir='ltr'><strong>Mathonis</strong></span> <span class='ocrx_word' id='word_1_106' title='bbox 1718 1301 1776 1353; x_wconf 82' lang='lat' dir='ltr'><strong>et</strong></span> <span class='ocrx_word' id='word_1_107' title='bbox 1821 1296 2073 1367; x_wconf 59' lang='lat' dir='ltr'><strong>augures</strong></span> <span class='ocrx_word' id='word_1_108' title='bbox 2121 1301 2183 1351; x_wconf 89' lang='lat' dir='ltr'><strong>et</strong></span> 
     </span>
     <span class='ocr_line' id='line_1_14' title="bbox 220 1371 2179 1447; baseline 0 -11"><span class='ocrx_word' id='word_1_109' title='bbox 220 1374 551 1437; x_wconf 85' lang='lat' dir='ltr'><strong>decemviri</strong></span> <span class='ocrx_word' id='word_1_110' title='bbox 594 1377 797 1434; x_wconf 89' lang='lat' dir='ltr'><strong>locum</strong></span> <span class='ocrx_word' id='word_1_111' title='bbox 840 1373 1029 1433; x_wconf 85' lang='lat' dir='ltr'><strong>creati</strong></span> <span class='ocrx_word' id='word_1_112' title='bbox 1058 1371 1371 1434; x_wconf 86' lang='lat' dir='ltr'><strong>decemvir</strong></span> <span class='ocrx_word' id='word_1_113' title='bbox 1397 1373 1478 1432; x_wconf 93' lang='lat' dir='ltr'><strong>M.</strong></span> <span class='ocrx_word' id='word_1_114' title='bbox 1507 1375 1796 1435; x_wconf 89' lang='lat' dir='ltr'><strong>Aurelius</strong></span> <span class='ocrx_word' id='word_1_115' title='bbox 1827 1378 2028 1447; x_wconf 85' lang='lat' dir='ltr'><strong>Cotta,</strong></span> <span class='ocrx_word' id='word_1_116' title='bbox 2071 1392 2179 1435; x_wconf 88' lang='lat' dir='ltr'><strong>au·</strong></span> 
     </span>
     <span class='ocr_line' id='line_1_15' title="bbox 220 1457 2178 1535; baseline 0 -18"><span class='ocrx_word' id='word_1_117' title='bbox 220 1476 335 1535; x_wconf 84' lang='lat' dir='ltr'><strong>gm·</strong></span> <span class='ocrx_word' id='word_1_118' title='bbox 390 1459 518 1518; x_wconf 85' lang='lat' dir='ltr'><strong>Tib.</strong></span> <span class='ocrx_word' id='word_1_119' title='bbox 572 1457 975 1531; x_wconf 85' lang='lat' dir='ltr'><strong>Sempronius</strong></span> <span class='ocrx_word' id='word_1_120' title='bbox 1032 1457 1346 1519; x_wconf 84' lang='lat' dir='ltr'><strong>Gracchus</strong></span> <span class='ocrx_word' id='word_1_121' title='bbox 1403 1459 1732 1517; x_wconf 85' lang='lat' dir='ltr'><strong>admodum</strong></span> <span class='ocrx_word' id='word_1_122' title='bbox 1791 1460 2178 1533; x_wconf 86' lang='lat' dir='ltr'><strong>adolescens,</strong></span> 
     </span>
     <span class='ocr_line' id='line_1_16' title="bbox 222 1540 2180 1619; baseline -0.001 -16"><span class='ocrx_word' id='word_1_123' title='bbox 222 1544 389 1619; x_wconf 84' lang='lat' dir='ltr'><strong>quod</strong></span> <span class='ocrx_word' id='word_1_124' title='bbox 418 1551 543 1603; x_wconf 90' lang='lat' dir='ltr'><strong>tum</strong></span> <span class='ocrx_word' id='word_1_125' title='bbox 576 1558 893 1617; x_wconf 84' lang='lat' dir='ltr'><strong>perrarum</strong></span> <span class='ocrx_word' id='word_1_126' title='bbox 920 1543 981 1601; x_wconf 90' lang='lat' dir='ltr'><strong>in</strong></span> <span class='ocrx_word' id='word_1_127' title='bbox 1010 1540 1377 1602; x_wconf 85' lang='lat' dir='ltr'><strong>mandandis</strong></span> <span class='ocrx_word' id='word_1_128' title='bbox 1407 1543 1770 1603; x_wconf 83' lang='lat' dir='ltr'><strong>sacerdotiis</strong></span> <span class='ocrx_word' id='word_1_129' title='bbox 1811 1550 1959 1604; x_wconf 87' lang='lat' dir='ltr'><strong>erat.</strong></span> <span class='ocrx_word' id='word_1_130' title='bbox 2029 1560 2180 1618; x_wconf 89' lang='lat' dir='ltr'><strong>qua-</strong></span> 
     </span>
     <span class='ocr_line' id='line_1_17' title="bbox 220 1624 2181 1701; baseline -0.001 -14"><span class='ocrx_word' id='word_1_131' title='bbox 220 1627 429 1701; x_wconf 81' lang='lat' dir='ltr'><strong>drigae</strong></span> <span class='ocrx_word' id='word_1_132' title='bbox 458 1640 684 1685; x_wconf 81' lang='lat' dir='ltr'><strong>aureae</strong></span> <span class='ocrx_word' id='word_1_133' title='bbox 704 1642 781 1685; x_wconf 91' lang='lat' dir='ltr'><strong>eo</strong></span> <span class='ocrx_word' id='word_1_134' title='bbox 804 1640 966 1685; x_wconf 84' lang='lat' dir='ltr'><strong>anno</strong></span> <span class='ocrx_word' id='word_1_135' title='bbox 988 1624 1050 1685; x_wconf 89' lang='lat' dir='ltr'><strong>in</strong></span> <span class='ocrx_word' id='word_1_136' title='bbox 1066 1626 1360 1700; x_wconf 85' lang='lat' dir='ltr'><strong>Capitolio</strong></span> <span class='ocrx_word' id='word_1_137' title='bbox 1385 1625 1621 1699; x_wconf 86' lang='lat' dir='ltr'><strong>positae</strong></span> <span class='ocrx_word' id='word_1_138' title='bbox 1645 1628 1722 1687; x_wconf 90' lang='lat' dir='ltr'><strong>ab</strong></span> <span class='ocrx_word' id='word_1_139' title='bbox 1753 1628 2050 1687; x_wconf 87' lang='lat' dir='ltr'><strong>aedilibus</strong></span> <span class='ocrx_word' id='word_1_140' title='bbox 2077 1644 2181 1685; x_wconf 88' lang='lat' dir='ltr'><strong>cu-</strong></span> 
     </span>
     <span class='ocr_line' id='line_1_18' title="bbox 219 1708 2180 1773; baseline -0.001 -3"><span class='ocrx_word' id='word_1_141' title='bbox 219 1712 451 1771; x_wconf 88' lang='lat' dir='ltr'><strong>rulibus</strong></span> <span class='ocrx_word' id='word_1_142' title='bbox 497 1710 558 1773; x_wconf 90' lang='lat' dir='ltr'><strong>C.</strong></span> <span class='ocrx_word' id='word_1_143' title='bbox 590 1709 761 1769; x_wconf 90' lang='lat' dir='ltr'><strong>Livio</strong></span> <span class='ocrx_word' id='word_1_144' title='bbox 805 1716 867 1769; x_wconf 90' lang='lat' dir='ltr'><strong>et</strong></span> <span class='ocrx_word' id='word_1_145' title='bbox 902 1708 983 1767; x_wconf 84' lang='lat' dir='ltr'><strong>M.</strong></span> <span class='ocrx_word' id='word_1_146' title='bbox 1018 1708 1277 1769; x_wconf 79' lang='lat' dir='ltr'><strong>Servilio</strong></span> <span class='ocrx_word' id='word_1_147' title='bbox 1321 1709 1592 1770; x_wconf 89' lang='lat' dir='ltr'><strong>Gemino.</strong></span> <span class='ocrx_word' id='word_1_148' title='bbox 1665 1719 1726 1770; x_wconf 90' lang='lat' dir='ltr'><strong>et</strong></span> <span class='ocrx_word' id='word_1_149' title='bbox 1766 1712 1893 1771; x_wconf 84' lang='lat' dir='ltr'><strong>ludi</strong></span> <span class='ocrx_word' id='word_1_150' title='bbox 1921 1710 2180 1770; x_wconf 87' lang='lat' dir='ltr'><strong>Romani</strong></span> 
     </span>
     <span class='ocr_line' id='line_1_19' title="bbox 220 1792 2190 1868; baseline 0 -15"><span class='ocrx_word' id='word_1_151' title='bbox 220 1794 469 1855; x_wconf 87' lang='lat' dir='ltr'><strong>biduum</strong></span> <span class='ocrx_word' id='word_1_152' title='bbox 513 1794 859 1866; x_wconf 85' lang='lat' dir='ltr'><strong>instaurati,</strong></span> <span class='ocrx_word' id='word_1_153' title='bbox 900 1793 1041 1853; x_wconf 85' lang='lat' dir='ltr'><strong>item</strong></span> <span class='ocrx_word' id='word_1_154' title='bbox 1086 1808 1198 1867; x_wconf 88' lang='lat' dir='ltr'><strong>per</strong></span> <span class='ocrx_word' id='word_1_155' title='bbox 1234 1792 1484 1852; x_wconf 87' lang='lat' dir='ltr'><strong>biduum</strong></span> <span class='ocrx_word' id='word_1_156' title='bbox 1521 1794 1742 1868; x_wconf 88' lang='lat' dir='ltr'><strong>plebeii</strong></span> <span class='ocrx_word' id='word_1_157' title='bbox 1771 1795 1849 1854; x_wconf 87' lang='lat' dir='ltr'><strong>ab</strong></span> <span class='ocrx_word' id='word_1_158' title='bbox 1879 1795 2190 1854; x_wconf 83' lang='lat' dir='ltr'><strong>aedilibus</strong></span> 
     </span>
     <span class='ocr_line' id='line_1_20' title="bbox 220 1876 2081 1952; baseline 0 -17"><span class='ocrx_word' id='word_1_159' title='bbox 220 1876 281 1935; x_wconf 84' lang='lat' dir='ltr'><strong>P.</strong></span> <span class='ocrx_word' id='word_1_160' title='bbox 313 1878 489 1938; x_wconf 81' lang='lat' dir='ltr'><strong>Aelio</strong></span> <span class='ocrx_word' id='word_1_161' title='bbox 518 1878 582 1935; x_wconf 90' lang='lat' dir='ltr'><strong>P.</strong></span> <span class='ocrx_word' id='word_1_162' title='bbox 613 1876 818 1939; x_wconf 86' lang='lat' dir='ltr'><strong>Villio.</strong></span> <span class='ocrx_word' id='word_1_163' title='bbox 861 1885 923 1936; x_wconf 84' lang='lat' dir='ltr'><strong>et</strong></span> <span class='ocrx_word' id='word_1_164' title='bbox 950 1876 1117 1937; x_wconf 80' lang='lat' dir='ltr'><strong>lovis</strong></span> <span class='ocrx_word' id='word_1_165' title='bbox 1146 1878 1396 1952; x_wconf 86' lang='lat' dir='ltr'><strong>epulum</strong></span> <span class='ocrx_word' id='word_1_166' title='bbox 1425 1878 1536 1936; x_wconf 86' lang='lat' dir='ltr'><strong>fuit</strong></span> <span class='ocrx_word' id='word_1_167' title='bbox 1565 1879 1844 1938; x_wconf 78' lang='lat' dir='ltr'><strong>ludorum</strong></span> <span class='ocrx_word' id='word_1_168' title='bbox 1876 1896 2081 1938; x_wconf 85' lang='lat' dir='ltr'><strong>causa.</strong></span> 
     </span>
    </p>
   </div>
   <div class='ocr_carea' id='block_1_3' title="bbox 990 2072 1400 2085">
    <p class='ocr_par' dir='ltr' id='par_1_4' title="bbox 990 2072 1400 2085">
     <span class='ocr_line' id='line_1_21' title="bbox 990 2072 1400 2085; baseline 0.005 -4"><span class='ocrx_word' id='word_1_169' title='bbox 990 2072 1400 2085; x_wconf 71' lang='lat'><em>——-——-—-——————-—-—-</em></span> 
     </span>
    </p>
   </div>
   <div class='ocr_carea' id='block_1_4' title="bbox 871 2262 1522 2355">
    <p class='ocr_par' dir='ltr' id='par_1_5' title="bbox 871 2262 1522 2355">
     <span class='ocr_line' id='line_1_22' title="bbox 871 2262 1522 2355; baseline -0.003 0"><span class='ocrx_word' id='word_1_170' title='bbox 871 2262 1151 2355; x_wconf 83' lang='grc' dir='ltr'><strong>ΤΙΤΙ</strong></span> <span class='ocrx_word' id='word_1_171' title='bbox 1245 2262 1522 2353; x_wconf 69' lang='lat' dir='ltr'><strong>Livi</strong></span> 
     </span>
    </p>
   </div>
   <div class='ocr_carea' id='block_1_5' title="bbox 719 2408 1680 2585">
    <p class='ocr_par' dir='ltr' id='par_1_6' title="bbox 719 2408 1680 2585">
     <span class='ocr_line' id='line_1_23' title="bbox 719 2408 1680 2473; baseline -0.003 0"><span class='ocrx_word' id='word_1_172' title='bbox 719 2410 836 2473; x_wconf 79' lang='lat' dir='ltr'><strong>AB</strong></span> <span class='ocrx_word' id='word_1_173' title='bbox 899 2410 1159 2472; x_wconf 81' lang='lat' dir='ltr'>URBE</span> <span class='ocrx_word' id='word_1_174' title='bbox 1224 2408 1680 2471; x_wconf 82' lang='lat' dir='ltr'><strong>CONDITA</strong></span> 
     </span>
     <span class='ocr_line' id='line_1_24' title="bbox 985 2523 1428 2585; baseline 0 0"><span class='ocrx_word' id='word_1_175' title='bbox 985 2524 1206 2585; x_wconf 85' lang='lat' dir='ltr'>LIBER</span> <span class='ocrx_word' id='word_1_176' title='bbox 1248 2523 1428 2585; x_wconf 86' lang='lat' dir='ltr'><strong>XXX.</strong></span> 
     </span>
    </p>
   </div>
   <div class='ocr_carea' id='block_1_6' title="bbox 1030 2648 1187 2659">
    <p class='ocr_par' dir='ltr' id='par_1_7' title="bbox 1030 2648 1187 2659">
     <span class='ocr_line' id='line_1_25' title="bbox 1030 2648 1187 2659; baseline 0 1300"><span class='ocrx_word' id='word_1_177' title='bbox 1030 2648 1187 2659; x_wconf 95' lang='lat' dir='ltr'><strong> </strong></span> 
     </span>
    </p>
   </div>
   <div class='ocr_carea' id='block_1_7' title="bbox 1190 2651 1370 2661">
    <p class='ocr_par' dir='ltr' id='par_1_8' title="bbox 1190 2651 1370 2661">
     <span class='ocr_line' id='line_1_26' title="bbox 1190 2651 1370 2661; baseline 0 1298"><span class='ocrx_word' id='word_1_178' title='bbox 1190 2651 1370 2661; x_wconf 95' lang='lat' dir='ltr'><strong> </strong></span> 
     </span>
    </p>
   </div>
   <div class='ocr_carea' id='block_1_8' title="bbox 248 2710 2178 3547">
    <p class='ocr_par' dir='ltr' id='par_1_9' title="bbox 248 2710 2178 3407">
     <span class='ocr_line' id='line_1_27' title="bbox 248 2710 2156 2792; baseline -0.002 -17"><span class='ocrx_word' id='word_1_179' title='bbox 248 2722 546 2775; x_wconf 72' lang='lat' dir='ltr'><strong>EPITOME.</strong></span> <span class='ocrx_word' id='word_1_180' title='bbox 600 2724 653 2773; x_wconf 88' lang='lat' dir='ltr'><strong>In</strong></span> <span class='ocrx_word' id='word_1_181' title='bbox 688 2723 860 2773; x_wconf 79' lang='lat' dir='ltr'><strong>Africa</strong></span> <span class='ocrx_word' id='word_1_182' title='bbox 888 2724 1332 2792; x_wconf 77' lang='lat' dir='ltr'><strong>Carthaginienses</strong></span> <span class='ocrx_word' id='word_1_183' title='bbox 1363 2736 1412 2775; x_wconf 82' lang='lat' dir='ltr'><strong>et</strong></span> <span class='ocrx_word' id='word_1_184' title='bbox 1447 2710 1659 2772; x_wconf 70' lang='lat' dir='ltr'><strong>eundem</strong></span> <span class='ocrx_word' id='word_1_185' title='bbox 1693 2722 1978 2789; x_wconf 70' lang='lat' dir='ltr'><strong>Syphacem</strong></span> <span class='ocrx_word' id='word_1_186' title='bbox 2005 2723 2156 2772; x_wconf 85' lang='lat' dir='ltr'><strong>Numi</strong></span> 
     </span>
     <span class='ocr_line' id='line_1_28' title="bbox 320 2792 2156 2859; baseline -0.002 -14"><span class='ocrx_word' id='word_1_187' title='bbox 320 2794 436 2845; x_wconf 71' lang='lat' dir='ltr'><strong>diae</strong></span> <span class='ocrx_word' id='word_1_188' title='bbox 463 2808 637 2858; x_wconf 82' lang='lat' dir='ltr'><strong>regem</strong></span> <span class='ocrx_word' id='word_1_189' title='bbox 664 2793 1133 2858; x_wconf 77' lang='lat' dir='ltr'><strong>Hasdrubalemque</strong></span> <span class='ocrx_word' id='word_1_190' title='bbox 1164 2795 1339 2859; x_wconf 88' lang='lat' dir='ltr'><strong>Scipio</strong></span> <span class='ocrx_word' id='word_1_191' title='bbox 1379 2793 1606 2858; x_wconf 82' lang='lat' dir='ltr'><strong>pluribus</strong></span> <span class='ocrx_word' id='word_1_192' title='bbox 1643 2792 1850 2856; x_wconf 87' lang='lat' dir='ltr'><strong>proeliis</strong></span> <span class='ocrx_word' id='word_1_193' title='bbox 1885 2793 2004 2841; x_wconf 85' lang='lat' dir='ltr'><strong>vicit</strong></span> <span class='ocrx_word' id='word_1_194' title='bbox 2034 2795 2156 2841; x_wconf 79' lang='lat' dir='ltr'><strong>adiu</strong></span> 
     </span>
     <span class='ocr_line' id='line_1_29' title="bbox 316 2860 2178 2926; baseline -0.002 -13"><span class='ocrx_word' id='word_1_195' title='bbox 316 2872 467 2913; x_wconf 83' lang='lat' dir='ltr'><strong>vante</strong></span> <span class='ocrx_word' id='word_1_196' title='bbox 484 2862 753 2912; x_wconf 78' lang='lat' dir='ltr'><strong>Masinissa</strong></span> <span class='ocrx_word' id='word_1_197' title='bbox 770 2898 787 2921; x_wconf 87' lang='lat'><strong><em>‚</em></strong></span> <span class='ocrx_word' id='word_1_198' title='bbox 817 2862 936 2911; x_wconf 86' lang='lat' dir='ltr'><strong>bina</strong></span> <span class='ocrx_word' id='word_1_199' title='bbox 952 2862 1175 2913; x_wconf 86' lang='lat' dir='ltr'><strong>hostium</strong></span> <span class='ocrx_word' id='word_1_200' title='bbox 1202 2876 1369 2913; x_wconf 85' lang='lat' dir='ltr'><strong>castra</strong></span> <span class='ocrx_word' id='word_1_201' title='bbox 1386 2862 1728 2926; x_wconf 75' lang='lat' dir='ltr'><strong>expugnavit,</strong></span> <span class='ocrx_word' id='word_1_202' title='bbox 1761 2862 1811 2909; x_wconf 90' lang='lat' dir='ltr'><strong>in</strong></span> <span class='ocrx_word' id='word_1_203' title='bbox 1841 2860 2027 2922; x_wconf 86' lang='lat' dir='ltr'><strong>quibus</strong></span> <span class='ocrx_word' id='word_1_204' title='bbox 2052 2875 2178 2921; x_wconf 86' lang='lat' dir='ltr'><strong>qna-</strong></span> 
     </span>
     <span class='ocr_line' id='line_1_30' title="bbox 319 2925 2173 2999; baseline -0.003 -17"><span class='ocrx_word' id='word_1_205' title='bbox 319 2932 553 2995; x_wconf 81' lang='lat' dir='ltr'><strong>draginta</strong></span> <span class='ocrx_word' id='word_1_206' title='bbox 575 2930 714 2981; x_wconf 83' lang='lat' dir='ltr'><strong>milia</strong></span> <span class='ocrx_word' id='word_1_207' title='bbox 736 2930 997 2979; x_wconf 87' lang='lat' dir='ltr'><strong>hominum</strong></span> <span class='ocrx_word' id='word_1_208' title='bbox 1017 2931 1148 2981; x_wconf 79' lang='lat' dir='ltr'><strong>ferro</strong></span> <span class='ocrx_word' id='word_1_209' title='bbox 1178 2933 1386 2999; x_wconf 85' lang='lat' dir='ltr'><strong>ignique</strong></span> <span class='ocrx_word' id='word_1_210' title='bbox 1405 2936 1699 2993; x_wconf 86' lang='lat' dir='ltr'><strong>consumpta</strong></span> <span class='ocrx_word' id='word_1_211' title='bbox 1719 2936 1849 2977; x_wconf 84' lang='lat' dir='ltr'><strong>sunt.</strong></span> <span class='ocrx_word' id='word_1_212' title='bbox 1891 2925 2173 2992; x_wconf 77' lang='lat' dir='ltr'><strong>Syphacem</strong></span> 
     </span>
     <span class='ocr_line' id='line_1_31' title="bbox 318 2995 2176 3065; baseline -0.002 -15"><span class='ocrx_word' id='word_1_213' title='bbox 318 3014 412 3065; x_wconf 86' lang='lat' dir='ltr'><strong>per</strong></span> <span class='ocrx_word' id='word_1_214' title='bbox 434 3000 485 3050; x_wconf 87' lang='lat' dir='ltr'><strong>C.</strong></span> <span class='ocrx_word' id='word_1_215' title='bbox 514 2999 741 3049; x_wconf 84' lang='lat' dir='ltr'><strong>Laelium</strong></span> <span class='ocrx_word' id='word_1_216' title='bbox 761 3008 807 3048; x_wconf 85' lang='lat' dir='ltr'><strong>et</strong></span> <span class='ocrx_word' id='word_1_217' title='bbox 831 2998 1152 3049; x_wconf 82' lang='lat' dir='ltr'><strong>Masinissam</strong></span> <span class='ocrx_word' id='word_1_218' title='bbox 1177 3003 1324 3065; x_wconf 84' lang='lat' dir='ltr'><strong>cepit.</strong></span> <span class='ocrx_word' id='word_1_219' title='bbox 1373 2998 1640 3049; x_wconf 82' lang='lat' dir='ltr'><strong>Masinissa</strong></span> <span class='ocrx_word' id='word_1_220' title='bbox 1665 2995 2025 3061; x_wconf 84' lang='lat' dir='ltr'><strong>Sophonibam,</strong></span> <span class='ocrx_word' id='word_1_221' title='bbox 2049 3012 2176 3046; x_wconf 89' lang='lat' dir='ltr'><strong>uxo-</strong></span> 
     </span>
     <span class='ocr_line' id='line_1_32' title="bbox 317 3064 2174 3133; baseline -0.001 -17"><span class='ocrx_word' id='word_1_222' title='bbox 317 3082 427 3117; x_wconf 84' lang='lat' dir='ltr'><strong>rem</strong></span> <span class='ocrx_word' id='word_1_223' title='bbox 460 3068 733 3133; x_wconf 66' lang='lat' dir='ltr'><strong>Syphacis,</strong></span> <span class='ocrx_word' id='word_1_224' title='bbox 776 3067 931 3117; x_wconf 82' lang='lat' dir='ltr'><strong>filiam</strong></span> <span class='ocrx_word' id='word_1_225' title='bbox 962 3068 1322 3130; x_wconf 71' lang='lat' dir='ltr'><strong>Hasdrubali3‚</strong></span> <span class='ocrx_word' id='word_1_226' title='bbox 1369 3078 1566 3133; x_wconf 86' lang='lat' dir='ltr'><strong>captam</strong></span> <span class='ocrx_word' id='word_1_227' title='bbox 1613 3066 1782 3115; x_wconf 81' lang='lat' dir='ltr'><strong>statim</strong></span> <span class='ocrx_word' id='word_1_228' title='bbox 1825 3064 2082 3114; x_wconf 81' lang='lat' dir='ltr'><strong>adamavit</strong></span> <span class='ocrx_word' id='word_1_229' title='bbox 2125 3073 2174 3115; x_wconf 79' lang='lat' dir='ltr'><strong>et</strong></span> 
     </span>
     <span class='ocr_line' id='line_1_33' title="bbox 320 3134 2175 3204; baseline -0.002 -17"><span class='ocrx_word' id='word_1_230' title='bbox 320 3137 511 3200; x_wconf 73' lang='lat' dir='ltr'><strong>nuptiis</strong></span> <span class='ocrx_word' id='word_1_231' title='bbox 542 3136 693 3187; x_wconf 77' lang='lat' dir='ltr'><strong>factis</strong></span> <span class='ocrx_word' id='word_1_232' title='bbox 713 3151 930 3189; x_wconf 71' lang='lat' dir='ltr'><strong>uxorem</strong></span> <span class='ocrx_word' id='word_1_233' title='bbox 964 3136 1157 3187; x_wconf 85' lang='lat' dir='ltr'><strong>habuit.</strong></span> <span class='ocrx_word' id='word_1_234' title='bbox 1218 3138 1496 3204; x_wconf 78' lang='lat' dir='ltr'><strong>castigatus</strong></span> <span class='ocrx_word' id='word_1_235' title='bbox 1527 3150 1558 3185; x_wconf 84' lang='lat' dir='ltr'><strong>a</strong></span> <span class='ocrx_word' id='word_1_236' title='bbox 1577 3135 1812 3199; x_wconf 86' lang='lat' dir='ltr'><strong>Scipione</strong></span> <span class='ocrx_word' id='word_1_237' title='bbox 1845 3148 2094 3183; x_wconf 87' lang='lat' dir='ltr'><strong>venenum</strong></span> <span class='ocrx_word' id='word_1_238' title='bbox 2128 3134 2175 3183; x_wconf 83' lang='lat' dir='ltr'><strong>ei</strong></span> 
     </span>
     <span class='ocr_line' id='line_1_34' title="bbox 320 3200 2174 3267; baseline -0.002 -12"><span class='ocrx_word' id='word_1_239' title='bbox 320 3204 486 3263; x_wconf 87' lang='lat' dir='ltr'><strong>misit,</strong></span> <span class='ocrx_word' id='word_1_240' title='bbox 518 3220 618 3266; x_wconf 86' lang='lat' dir='ltr'><strong>quo</strong></span> <span class='ocrx_word' id='word_1_241' title='bbox 651 3205 835 3255; x_wconf 84' lang='lat' dir='ltr'><strong>hausto</strong></span> <span class='ocrx_word' id='word_1_242' title='bbox 868 3204 953 3255; x_wconf 85' lang='lat' dir='ltr'><strong>illa</strong></span> <span class='ocrx_word' id='word_1_243' title='bbox 986 3208 1218 3257; x_wconf 84' lang='lat' dir='ltr'><strong>decessit.</strong></span> <span class='ocrx_word' id='word_1_244' title='bbox 1272 3206 1604 3267; x_wconf 78' lang='lat' dir='ltr'><strong>effectumque</strong></span> <span class='ocrx_word' id='word_1_245' title='bbox 1632 3212 1709 3253; x_wconf 89' lang='lat' dir='ltr'><strong>est</strong></span> <span class='ocrx_word' id='word_1_246' title='bbox 1732 3202 1900 3251; x_wconf 87' lang='lat' dir='ltr'><strong>multis</strong></span> <span class='ocrx_word' id='word_1_247' title='bbox 1923 3200 2174 3265; x_wconf 76' lang='lat' dir='ltr'><strong>Scipionis</strong></span> 
     </span>
     <span class='ocr_line' id='line_1_35' title="bbox 318 3270 2174 3339; baseline -0.002 -18"><span class='ocrx_word' id='word_1_248' title='bbox 318 3273 571 3333; x_wconf 79' lang='lat' dir='ltr'><strong>victoriis,</strong></span> <span class='ocrx_word' id='word_1_249' title='bbox 602 3281 658 3323; x_wconf 85' lang='lat' dir='ltr'><strong>nt</strong></span> <span class='ocrx_word' id='word_1_250' title='bbox 679 3272 1149 3339; x_wconf 80' lang='lat' dir='ltr'><strong>Carthaginienses,</strong></span> <span class='ocrx_word' id='word_1_251' title='bbox 1179 3276 1232 3325; x_wconf 87' lang='lat' dir='ltr'><strong>in</strong></span> <span class='ocrx_word' id='word_1_252' title='bbox 1266 3275 1672 3339; x_wconf 84' lang='lat' dir='ltr'><strong>desperationem</strong></span> <span class='ocrx_word' id='word_1_253' title='bbox 1701 3272 1827 3331; x_wconf 77' lang='lat' dir='ltr'><strong>acti,</strong></span> <span class='ocrx_word' id='word_1_254' title='bbox 1856 3272 1910 3321; x_wconf 83' lang='lat' dir='ltr'><strong>in</strong></span> <span class='ocrx_word' id='word_1_255' title='bbox 1927 3270 2174 3321; x_wconf 82' lang='lat' dir='ltr'><strong>auxilium</strong></span> 
     </span>
     <span class='ocr_line' id='line_1_36' title="bbox 318 3340 2172 3407; baseline -0.001 -18"><span class='ocrx_word' id='word_1_256' title='bbox 318 3340 549 3407; x_wconf 86' lang='lat' dir='ltr'><strong>publicae</strong></span> <span class='ocrx_word' id='word_1_257' title='bbox 581 3342 759 3391; x_wconf 89' lang='lat' dir='ltr'><strong>salutis</strong></span> <span class='ocrx_word' id='word_1_258' title='bbox 783 3344 1110 3393; x_wconf 84' lang='lat' dir='ltr'><strong>Hannibalem</strong></span> <span class='ocrx_word' id='word_1_259' title='bbox 1134 3348 1441 3393; x_wconf 84' lang='lat' dir='ltr'><strong>revocarent.</strong></span> <span class='ocrx_word' id='word_1_260' title='bbox 1496 3344 1641 3404; x_wconf 87' lang='lat' dir='ltr'><strong>isque</strong></span> <span class='ocrx_word' id='word_1_261' title='bbox 1661 3356 1792 3391; x_wconf 86' lang='lat' dir='ltr'><strong>anno</strong></span> <span class='ocrx_word' id='word_1_262' title='bbox 1812 3348 1954 3390; x_wconf 87' lang='lat' dir='ltr'><strong>sexto</strong></span> <span class='ocrx_word' id='word_1_263' title='bbox 1978 3340 2172 3389; x_wconf 89' lang='lat' dir='ltr'><strong>decimo</strong></span> 
     </span>
    </p>

    <p class='ocr_par' dir='ltr' id='par_1_10' title="bbox 272 3406 2176 3547">
     <span class='ocr_line' id='line_1_37' title="bbox 272 3406 2172 3480; baseline 0 -24"><span class='ocrx_word' id='word_1_264' title='bbox 272 3410 279 3417; x_wconf 79' lang='grc'><strong><em>’</em></strong></span> <span class='ocrx_word' id='word_1_265' title='bbox 314 3408 457 3457; x_wconf 87' lang='lat' dir='ltr'><strong>Italia</strong></span> <span class='ocrx_word' id='word_1_266' title='bbox 490 3406 737 3460; x_wconf 83' lang='lat' dir='ltr'><strong>decedens</strong></span> <span class='ocrx_word' id='word_1_267' title='bbox 764 3413 816 3460; x_wconf 89' lang='lat' dir='ltr'><strong>in</strong></span> <span class='ocrx_word' id='word_1_268' title='bbox 837 3412 1059 3463; x_wconf 64' lang='lat' dir='ltr'><strong>Africam</strong></span> <span class='ocrx_word' id='word_1_269' title='bbox 1084 3413 1313 3480; x_wconf 85' lang='lat' dir='ltr'><strong>traiecit,</strong></span> <span class='ocrx_word' id='word_1_270' title='bbox 1350 3412 1714 3476; x_wconf 81' lang='lat' dir='ltr'><strong>temptavitque</strong></span> <span class='ocrx_word' id='word_1_271' title='bbox 1747 3424 1837 3473; x_wconf 85' lang='lat' dir='ltr'><strong>per</strong></span> <span class='ocrx_word' id='word_1_272' title='bbox 1866 3409 2172 3473; x_wconf 78' lang='lat' dir='ltr'><strong>colloquium</strong></span> 
     </span>
     <span class='ocr_line' id='line_1_38' title="bbox 317 3478 2176 3547; baseline 0.001 -19"><span class='ocrx_word' id='word_1_273' title='bbox 317 3490 493 3543; x_wconf 83' lang='lat' dir='ltr'><strong>paoem</strong></span> <span class='ocrx_word' id='word_1_274' title='bbox 526 3489 637 3527; x_wconf 81' lang='lat' dir='ltr'><strong>cum</strong></span> <span class='ocrx_word' id='word_1_275' title='bbox 666 3478 902 3543; x_wconf 86' lang='lat' dir='ltr'><strong>Scipione</strong></span> <span class='ocrx_word' id='word_1_276' title='bbox 940 3496 1267 3547; x_wconf 84' lang='lat' dir='ltr'><strong>componere,</strong></span> <span class='ocrx_word' id='word_1_277' title='bbox 1303 3490 1352 3531; x_wconf 84' lang='lat' dir='ltr'><strong>et</strong></span> <span class='ocrx_word' id='word_1_278' title='bbox 1383 3483 1512 3531; x_wconf 84' lang='lat' dir='ltr'><strong>cum&#39;</strong></span> <span class='ocrx_word' id='word_1_279' title='bbox 1529 3480 1592 3531; x_wconf 86' lang='lat' dir='ltr'><strong>de</strong></span> <span class='ocrx_word' id='word_1_280' title='bbox 1617 3478 2000 3529; x_wconf 72' lang='lat' dir='ltr'><strong>condicionibus</strong></span> <span class='ocrx_word' id='word_1_281' title='bbox 2028 3479 2176 3543; x_wconf 72' lang='lat' dir='ltr'><strong>pacis</strong></span> 
     </span>
    </p>
   </div>
   <div class='ocr_carea' id='block_1_9' title="bbox 302 3548 1760 3609">
    <p class='ocr_par' dir='ltr' id='par_1_11' title="bbox 302 3548 1760 3609">
     <span class='ocr_line' id='line_1_39' title="bbox 302 3548 1760 3609; baseline 0.003 -4"><span class='ocrx_word' id='word_1_282' title='bbox 302 3564 353 3606; x_wconf 81' lang='lat' dir='ltr'><strong>r.</strong></span> <span class='ocrx_word' id='word_1_283' title='bbox 384 3562 507 3604; x_wconf 78' lang='lat' dir='ltr'><strong>mvl</strong></span> <span class='ocrx_word' id='word_1_284' title='bbox 535 3563 687 3605; x_wconf 59' lang='lat' dir='ltr'><strong>raas</strong></span> <span class='ocrx_word' id='word_1_285' title='bbox 717 3548 817 3605; x_wconf 91' lang='lat'><strong>111.</strong></span> <span class='ocrx_word' id='word_1_286' title='bbox 1689 3555 1760 3609; x_wconf 74' lang='lat'><strong>21</strong></span> 
     </span>
    </p>
   </div>
  </div>
 </body>
</html>
