2550 3959
354 225 478 289 149.
645 227 878 287 Linea
903 226 1117 287 xxvl.
1163 226 1328 287 cAP.
1355 233 1443 289 aa.
1471 194 1560 291 3‘7.
1605 226 1678 303 [a.
1707 232 1777 289 u,
1805 248 1856 287 e.
1877 233 2004 300 ⁵42]

354 376 511 437 sella
552 376 873 450 sederunt,
914 375 1057 451 equi
1100 383 1454 438 ornamenta
1483 384 1544 437 et
1569 377 1760 439 libras
1789 378 2026 454 pondo,
2070 386 2140 441 ut
2167 381 2314 441 sali-

355 476 499 521 num
542 462 949 536 patellamque
987 459 1241 521 deorum
1289 476 1479 521 causa
1516 460 1746 522 habere
1783 462 2057 538 possint;
2121 465 2315 525 ceteri

354 551 675 607 senatores
705 544 921 605 libram
944 544 1179 621 argenti
1206 551 1454 625 tantum,
1489 544 1652 608 aeris
1681 545 1899 621 signati
1929 546 2119 623 quina
2145 548 2316 609 milia

353 628 412 688 in
458 628 735 705 singulos
776 633 982 703 patres
1022 628 1288 689 familiae
1327 629 1774 703 relinquamus=
1817 637 2088 693 ceterum
2119 646 2316 698 omne

353 730 567 775 aurum
607 718 921 789 argentum
962 727 1071 773 aes
1112 712 1415 787 signatum
1455 714 1538 773 ad
1577 713 1928 777 triumviros
1965 718 2317 777 mensarios

354 798 659 873 extemplo
692 796 1039 858 deferamus
1069 797 1233 856 nullo
1264 801 1407 857 ante
1431 806 1684 857 senatus
1711 801 1990 860 consulto
2021 802 2200 874 facto,
2245 811 2317 861 ut

355 880 698 941 voluntaria
740 879 985 941 collatio
1026 886 1089 941 et
1128 886 1437 951 certamen
1477 881 1866 943 adiuvandae
1893 884 1980 943 rei
2024 884 2316 959 publicae

353 964 579 1025 excitet
602 962 685 1025 ad
712 964 1139 1025 aemulandum
1166 964 1404 1026 animos
1434 964 1694 1040 primum
1719 966 2026 1041 equestris
2056 968 2317 1042 ordinis,

355 1048 495 1109 dein
517 1048 792 1125 reliquae
821 1048 1040 1125 plebis.
1084 1048 1243 1111 hanc
1262 1064 1448 1109 unam
1463 1048 1632 1111 viam
1652 1051 1838 1111 multa
1863 1052 2016 1112 inter
2035 1066 2153 1113 nos
2183 1052 2314 1113 col-

356 1132 537 1193 locuti
568 1134 857 1196 consules
887 1132 1253 1193 invenimus.
1313 1133 1696 1208 ingredimini
1726 1134 1826 1195 dis
1851 1134 2012 1195 bene
2052 1135 2313 1197 iuvanti—

355 1218 489 1278 bus.
554 1234 657 1279 res
700 1217 950 1293 publica
991 1216 1314 1277 incolumis
1357 1223 1418 1277 et
1442 1218 1718 1293 privatas
1743 1234 1848 1279 res
1877 1219 2062 1281 facile
2099 1220 2314 1279 salvas

352 1308 652 1379 praestat;
697 1302 945 1377 publica
981 1301 1304 1379 prodendo
1348 1308 1454 1362 tua
1492 1303 1862 1379 nequiquam
1903 1307 2174 1364 serves“.
2246 1304 2314 1363 in

353 1388 506 1453 baec
532 1392 698 1447 tanto
728 1386 929 1447 animo
960 1399 1334 1447 consensum
1361 1392 1474 1457 est,
1504 1392 1570 1447 ut
1596 1388 1827 1461 gratiae
1853 1388 2010 1447 ultro
2042 1389 2313 1449 consuli-

352 1472 467 1531 bus
496 1475 840 1546 agerentur.
906 1476 1123 1531 senatu
1151 1468 1295 1529 inde
1323 1470 1517 1531 misso
1548 1486 1662 1545 pro
1691 1486 1764 1533 se
1791 1470 2056 1547 quisque
2093 1486 2314 1533 aurum

354 1561 667 1629 argentum
707 1561 779 1615 et
806 1570 917 1615 aes
957 1554 1019 1614 in
1061 1553 1372 1631 publicum
1413 1554 1734 1617 conferunt
1775 1561 1942 1616 tanto
1983 1556 2316 1617 certamine

353 1638 574 1699 iniecto
590 1683 605 1711 ,
650 1646 717 1699 ut
746 1638 941 1715 prima
978 1640 1135 1699 inter
1163 1637 1396 1713 primos
1425 1638 1675 1700 nomina
1698 1655 1818 1701 sua
1841 1640 2074 1701 vellent·
2105 1638 2166 1700 in
2195 1654 2312 1714 pu·

350 1722 527 1783 blicis
570 1722 793 1783 tabulis
833 1737 1005 1795 esse,
1051 1728 1119 1784 ut
1147 1738 1263 1782 nec
1289 1721 1584 1783 triumviri
1623 1723 1988 1800 accipiundo
2017 1738 2133 1783 nec
2159 1723 2287 1789 scri

350 1807 469 1867 bae
488 1808 820 1867 referundo
844 1806 1215 1867 sufficerent.
1256 1806 1418 1869 hunc
1441 1815 1692 1870 senatus
1721 1823 2094 1870 consensum
2121 1822 2312 1883 eque-

352 1899 481 1952 ster
523 1892 679 1953 ordo
720 1898 819 1951 est
858 1895 1135 1967 secutuS‚
1180 1890 1484 1967 equestris
1527 1891 1760 1953 ordinis
1803 1891 1998 1967 plebs
2063 1891 2148 1953 ita
2173 1890 2315 1954 sine

352 1974 571 2049 edicto,
603 1976 738 2035 sine
768 1975 1137 2036 coercitione
1164 1974 1554 2051 magistratus
1576 1992 1692 2037 nec
1711 1976 1940 2051 remige
1967 1978 2030 2037 in
2059 1977 2314 2052 supple-

350 2066 617 2119 mentum
639 2074 757 2120 nec
778 2058 1087 2135 stipendio
1110 2074 1212 2119 res
1234 2059 1486 2136 publica
1505 2059 1700 2135 eguit3
1730 2059 2086 2136 paratisque
2116 2060 2312 2119 omni-

351 2143 468 2203 bus
498 2144 581 2203 ad
606 2141 851 2203 bellum’
862 2144 1153 2205 consules
1180 2142 1241 2203 in
1270 2144 1622 2220 provincias
1655 2145 1911 2221 profecti
1939 2151 2096 2205 sunt.

518 2226 816 2288 XXXVII.
868 2227 1084 2303 Neque
1124 2227 1292 2289 aliud
1319 2228 1516 2303 magis
1555 2234 1795 2305 tempus
1819 2227 1966 2289 belli
1996 2229 2134 2303 fuit,
2181 2244 2313 2304 qno

352 2311 883 2389 Carthaginienses
896 2312 1282 2388 Romanique
1303 2313 1530 2389 pariter
1547 2312 1734 2373 variis
1751 2312 2000 2374 casibus
2021 2312 2314 2373 immixtis

349 2397 546 2473 magis
575 2396 637 2457 in
664 2396 913 2473 ancipiti
941 2412 1057 2475 spe
1084 2412 1157 2458 ac
1186 2404 1352 2459 metu
1379 2396 1616 2458 fuerint.
1669 2413 1812 2459 nam
1838 2397 2132 2458 Romanis
2159 2396 2315 2458 etin

351 2480 703 2558 provinciiS‚
745 2482 889 2543 hinc
917 2482 979 2543 in
1006 2482 1306 2558 Hispania
1335 2482 1639 2543 adversae
1665 2498 1767 2543 res
1795 2480 1939 2543 hinc
1967 2495 2314 2557 prosperae

350 2566 411 2625 in
442 2565 651 2630 Sicilia
679 2567 906 2627 luctum
934 2574 995 2628 et
1022 2566 1310 2628 laetitiam
1337 2568 1738 2635 miscuerant;
1783 2572 1842 2627 et
1869 2565 1928 2625 in
1958 2566 2129 2626 Italia
2167 2580 2314 2625 cum

348 2650 671 2712 Tarentum
710 2650 1005 2716 amissum
1045 2649 1268 2711 damno
1313 2656 1374 2711 et
1401 2650 1627 2719 dolori,
1670 2656 1798 2710 tum
1825 2666 1940 2711 arx
1967 2665 2102 2710 cum
2133 2663 2314 2725 prae—

354 2734 513 2797 sidio
542 2740 777 2797 retenta
805 2741 1048 2811 praeter
1076 2748 1253 2809 spem
1279 2733 1503 2809 gaudio
1535 2734 1674 2803 suit3
1719 2740 1780 2795 et
1820 2739 2116 2794 terrorem
2144 2732 2314 2793 subi-

352 2826 481 2879 tum
518 2832 935 2896 pavoremque
975 2814 1149 2877 urbis
1189 2818 1424 2879 Romae
1475 2816 1774 2879 obsessae
1813 2824 1875 2878 et
1919 2823 2318 2895 oppugnatae

354 2901 565 2979 Capua
586 2911 729 2977 post
750 2902 885 2963 dies
909 2908 1145 2977 paucos
1168 2908 1350 2977 capta
1377 2901 1437 2961 in
1462 2902 1747 2963 laetitiam
1777 2902 1971 2962 vertit.
2010 2908 2312 2962 transma-

348 2986 522 3045 rinae
546 3000 797 3063 quoque
824 3002 927 3045 res
957 2985 1223 3059 quadam
1250 2986 1390 3046 vice
1421 2992 1743 3061 pensatae:
1774 2984 2088 3062 Philippus
2109 2984 2316 3045 hostis

262 3094 274 3097 -
352 3076 627 3145 tempore
653 3069 819 3130 haud
846 3070 997 3131 satis
1040 3078 1388 3147 opportuno
1421 3070 1648 3145 (actua,
1687 3070 1890 3130 Aetoli
1917 3069 2064 3129 novi
2091 3067 2314 3129 adsciti

352 3153 540 3228 socii,
587 3156 952 3232 Attalusque
979 3155 1171 3215 Asiae
1209 3170 1323 3215 rex
1363 3153 1485 3213 iam
1510 3155 1680 3214 velut
1719 3153 2148 3229 despondente
2187 3152 2314 3212 ror—

352 3246 499 3299 tuna
518 3238 811 3302 Romanis
841 3238 1161 3316 imperium
1190 3238 1460 3299 orientis.
1509 3236 2040 3313 Carthaginienses
2064 3251 2316 3313 quoque

354 3321 601 3397 Capuae
641 3324 907 3387 amissae
944 3323 1268 3383 Tarentum
1311 3329 1557 3398 captum
1595 3321 1969 3397 aequabant,
2029 3329 2090 3382 et
2125 3327 2194 3381 ut
2231 3319 2317 3379 ad

352 3408 597 3469 moenia
624 3407 795 3471 urbis
820 3408 1139 3470 Romanae
1168 3408 1336 3468 nullo
1364 3404 1728 3482 prohibente
1757 3422 1830 3467 se
1858 3406 2222 3481 pervenisse
2251 3402 2315 3463 in

353 3493 548 3567 gloria
590 3491 927 3566 ponebant,
984 3491 1065 3553 ita
1107 3490 1354 3567 pigebat
1405 3488 1551 3550 irriti
1604 3489 1859 3566 incepti,
1919 3489 2320 3565 pudebatque
