2550 3959
270 285 291 305 ⁶
357 202 485 267 296
653 200 1114 263 LIBEltXXiX.
1152 202 1544 265 CAP.16.17.
1587 208 1982 277 [auam]

526 354 686 415 XVI.
730 355 941 415 Altera
980 352 1121 415 item
1152 368 1288 428 res,
1333 368 1531 429 prope
1571 368 1771 430 aeque
1811 356 1994 431 longo
2036 356 2318 432 neglecta

360 440 619 514 silentio,
648 439 845 499 relata
872 455 911 499 a
935 438 1016 498 Μ.
1046 438 1296 499 Valerio
1324 438 1596 499 Laevino
1625 446 1739 513 est,
1773 438 1874 513 qui
1904 440 2158 516 privatis
2191 442 2317 501 col·

360 526 513 585 latas
543 522 841 599 pecunias
886 537 956 584 se
984 536 1059 583 ac
1084 521 1165 582 Μ.
1196 521 1450 584 Claudio
1479 521 1838 583 consulibus
1865 522 2042 584 reddi
2071 524 2318 584 tandem

358 622 623 683 aequum
674 622 819 668 esse
864 606 1033 667 dixit.
1106 622 1219 666 nec
1266 606 1473 666 mirari
1525 621 1896 682 quemquam
1944 605 2201 680 debere,
2255 608 2318 669 in

358 691 605 771 publica
634 692 901 767 obligata
929 690 1053 751 fide
1082 704 1257 750 suam
1289 689 1684 766 praecipuam
1716 705 1922 750 curam
1952 706 2128 752 assez
2173 706 2318 751 nam

358 783 788 852 praeterquam
818 775 985 850 quod
1014 774 1241 849 aliquid
1272 774 1523 849 proprie
1546 774 1626 834 ad
1657 774 1972 834 consulem
1993 776 2129 837 eius
2153 776 2320 851 anni,

360 876 485 935 quo
518 860 777 921 collatae
807 857 1111 933 pecuniae
1139 863 1368 932 essent,
1402 858 1764 932 pertineret,
1794 859 1976 919 etiam
2005 874 2076 920 se
2104 865 2316 921 aucto-

357 958 485 1003 rem
525 942 608 1003 ita
646 942 1005 1003 conferendi
1048 943 1243 1003 ruisse
1284 941 1452 1017 inopi
1481 939 1718 1003 aerario
1749 956 1866 1003 nec
1897 942 2077 1018 plebe
2107 943 2187 1003 ad
2213 944 2317 1004 tri·

358 1026 565 1087 butum
595 1026 959 1088 sufficiente.
1030 1034 1203 1101 grata
1232 1038 1310 1087 ea
1339 1025 1612 1100 patribus
1643 1026 1972 1087 admonitio
2003 1026 2146 1098 inits
2191 1026 2316 1087 ius·

358 1111 574 1187 sisque
612 1111 845 1171 referre
880 1110 1237 1171 consulibus
1271 1110 1707 1184 decreverunt,
1749 1117 1814 1170 ut
1841 1110 2036 1171 tribus
2066 1110 2314 1188 pensio-

356 1194 537 1256 nibus
578 1210 655 1255 ea
696 1194 960 1270 pecunia
988 1195 1363 1255 solveretur=
1419 1193 1674 1269 primam
1719 1201 2107 1269 praesentem
2137 1193 2180 1254 ii
2211 1195 2314 1271 qus·

356 1284 482 1339 tum
508 1285 740 1352 essent,
773 1277 930 1339 duas
964 1276 1118 1339 tertii
1146 1284 1207 1339 et
1236 1275 1432 1353 quinti
1461 1278 1748 1339 consules
1777 1284 2190 1339 numerarent.

527 1361 753 1423 Omnes
782 1360 1010 1423 deinde
1039 1364 1189 1423 alias
1221 1371 1403 1422 curas
1433 1374 1556 1422 una
1586 1362 1941 1437 occupavit,
1983 1369 2320 1439 postquam

356 1446 753 1508 Locrensium
785 1445 1013 1519 cladeS,
1060 1462 1219 1522 quae
1249 1445 1564 1521 ignoratae
1593 1446 1670 1506 ad
1702 1462 1837 1506 eam
1867 1446 2028 1506 diem
2058 1448 2318 1521 merant,

356 1532 691 1605 legatorum
720 1530 987 1591 adventu
1015 1532 1298 1605 vulgatae
1329 1538 1489 1591 sunt.
1531 1535 1791 1591 nectam
1814 1530 2085 1591 Pleminii
2108 1530 2320 1591 scelus

358 1626 540 1690 quam
582 1612 889 1689 Scipionis
940 1612 1002 1673 in
1050 1628 1127 1675 eo
1170 1622 1275 1675 aut
1325 1614 1572 1675 ambitio
1611 1620 1718 1674 aut
1768 1613 2151 1689 neglegentia
2191 1616 2318 1675 iras

354 1697 663 1759 hominum
692 1697 965 1759 irritavit.
1012 1697 1227 1759 decem
1258 1697 1440 1774 legati
1470 1698 1886 1773 Locrensium,
1917 1698 2102 1761 obsiti
2129 1714 2316 1774 squa—

355 1784 484 1844 lore
524 1790 584 1844 et
622 1782 945 1859 sordibuS,
987 1782 1048 1842 in
1090 1782 1335 1844 comitio
1375 1780 1730 1843 sedentibus
1762 1782 2120 1846 consulibus
2149 1784 2315 1843 vela-

354 1872 556 1926 menta
584 1866 983 1944 supplicium,
1016 1880 1221 1927 ramos
1252 1868 1446 1941 oleae,
1477 1873 1541 1927 ut
1569 1862 1818 1927 Graecis
1849 1880 1986 1928 utos
2017 1872 2140 1940 est,
2173 1881 2314 1942 por·

352 1950 641 2025 rigentcS,
673 1955 813 2010 ante
840 1948 1105 2011 tribunal
1136 1964 1273 2010 cum
1307 1948 1495 2009 flebili
1517 1950 1960 2012 vociferatione
1980 1949 2146 2011 humi
2171 1966 2315 2026 pro—

352 2034 714 2094 cubuerunt.
788 2034 1223 2109 quaerentibus
1267 2033 1624 2093 consulibus
1667 2034 2014 2095 Locrenses
2043 2050 2116 2095 se
2143 2035 2313 2095 dixe-

353 2122 493 2177 runt
531 2128 706 2193 esse,
756 2130 833 2176 ea
873 2130 1101 2191 passos
1144 2130 1180 2177 a
1223 2115 1290 2190 Q.
1317 2115 1610 2179 Pleminio
1655 2120 1854 2194 legato
1895 2118 2318 2194 Romanisque

352 2199 674 2276 militibus,
718 2214 878 2276 quae
918 2202 1045 2275 pati
1079 2214 1157 2259 ne
1187 2199 1720 2275 Carthaginienses
1751 2202 1998 2278 quidem
2030 2201 2175 2262 velit
2203 2218 2314 2278 po·

268 2336 273 2341 .
353 2286 535 2360 pulus
566 2285 909 2346 Romanus:
951 2298 1175 2360 rogare
1201 2284 1289 2345 uti
1319 2284 1436 2346 sibi
1467 2291 1674 2361 patres
1695 2285 1963 2347 adeundi
1987 2286 2315 2363 deploran-

352 2368 540 2443 dique
568 2384 897 2430 aerumnas
928 2384 1077 2429 suas
1107 2374 1474 2445 potestatem
1505 2369 1796 2430 iacerent.
1860 2369 2050 2431 XVII.
2099 2377 2318 2431 senatu

348 2452 494 2515 dato
523 2453 822 2515 maximus
862 2460 1007 2514 natu
1036 2468 1115 2512 ex
1142 2453 1249 2513 iis=
1293 2452 1496 2528 „scio‚
1543 2454 1751 2529 quanti
1781 2455 2177 2515 aestimentur
2204 2469 2313 2515 no·

351 2543 515 2599 strae
544 2539 712 2613 apud
740 2554 872 2599 vos.
891 2536 1219 2614 querellae,
1253 2544 1460 2612 patres
1493 2535 1846 2613 conscripti,
1893 2537 2218 2615 plurimum
2249 2538 2312 2597 in

350 2636 425 2682 eo
456 2622 744 2681 momenti
787 2636 961 2696 esse,
1004 2621 1060 2681 si
1103 2620 1302 2695 probe
1339 2620 1579 2696 sciatis,
1621 2628 1684 2682 et
1723 2635 1846 2697 quo
1875 2622 2060 2683 modo
2091 2622 2314 2697 proditi

348 2704 526 2765 Locri
557 2704 876 2764 Hannibali
908 2705 1047 2779 sint,
1077 2710 1140 2764 et
1168 2720 1292 2779 quo
1323 2705 1508 2765 modo
1537 2706 1719 2780 pulso
1749 2704 2105 2766 Hannibalis
2137 2720 2313 2781 prae-

349 2786 509 2848 sidio
562 2786 822 2850 restituti
863 2788 924 2848 in
966 2787 1271 2849 dicionem
1319 2794 1616 2849 vestram:
1673 2789 1903 2865 quippe
1945 2789 1998 2849 si
2041 2795 2100 2849 et
2129 2790 2314 2863 culpa

349 2867 710 2933 defectionis
754 2873 970 2948 procul
998 2886 1036 2931 a
1063 2872 1314 2947 publico
1353 2872 1612 2952 consilio
1644 2873 1832 2948 absit,
1874 2881 1935 2933 et
1961 2873 2221 2935 reditum
2251 2873 2314 2931 in

346 2961 617 3015 vestram
646 2955 947 3018 dicionem
972 2960 1268 3031 appareat
1290 2968 1414 3016 non
1437 2957 1748 3018 voluntate
1768 2959 1972 3019 >solum
1994 2957 2109 3017 sed
2131 2956 2312 3017 etiam

348 3047 470 3112 ope
500 3044 561 3097 et
579 3038 801 3100 virtute
823 3044 1051 3113 nostra,
1084 3041 1283 3115 magis
1306 3039 1702 3115 indignemini
1722 3040 1903 3101 bonis
1927 3056 2000 3100 ac
2027 3040 2314 3101 fidelibus

346 3122 535 3183 sociis
566 3128 687 3183 tam
717 3122 999 3199 indignas
1033 3122 1284 3185 iniurias
1317 3124 1394 3185 ab
1424 3124 1626 3200 legato
1657 3132 1864 3185 vestro
1895 3124 2315 3199 militibusque

346 3206 497 3267 ficri.
564 3206 677 3269 sed
722 3222 838 3283 ego
884 3222 1133 3268 causam
1178 3208 1502 3284 utriusque
1553 3209 1916 3270 defectionis
1964 3216 2211 3271 nostrae
2253 3209 2314 3267 in

346 3290 511 3349 aliud
563 3296 803 3367 tempus
857 3290 1258 3352 differendam
1313 3291 1576 3354 arbitror
1625 3306 1769 3353 esse
1811 3293 2069 3354 duarum
2106 3305 2316 3351 rerum

346 3372 559 3448 gratia,
588 3374 788 3449 unius,
816 3380 887 3435 ut
915 3390 1120 3438 coram
1151 3375 1214 3438 P.
1248 3374 1558 3453 Scipione,
1591 3377 1696 3452 qui
1724 3377 1960 3439 Locros
1989 3373 2222 3448 recepit
2251 3382 2316 3436 et

348 3456 616 3517 omnium
672 3458 853 3519 nobis
902 3468 1070 3520 recte
1119 3474 1572 3536 perperamque
1622 3461 1918 3522 factorum
1969 3467 2065 3522 est
2113 3474 2311 3535 testis,
