2550 3959
508 223 513 232 '
583 242 812 304 LIBER
838 244 1050 304 xxvl.
1096 240 1488 307 cAP.1o.11.
1544 244 1858 326 [mezu]
2079 246 2202 312 113

227 400 521 472 equestre
536 395 834 471 proelium
860 396 1199 457 secundum
1222 396 1352 472 fuit,
1379 398 1786 475 summotique
1798 399 2012 463 hostes
2037 409 2200 464 sunt.

229 490 289 541 et
334 479 483 555 quia
520 478 723 539 multis
755 478 908 539 locis
950 480 1392 555 comprimendi
1429 482 1718 543 tumultus
1763 491 1936 545 erant
1962 486 2067 563 qul
2110 493 2198 547 te

227 578 397 623 mere
439 561 817 634 oriebantur,
863 563 1091 638 placuit
1118 578 1362 637 omnes,
1409 565 1516 641 qui
1547 564 1879 627 dictatores
1907 570 2195 631 consules

225 660 611 708 censoresve
639 646 917 720 ssiissent,
948 660 1087 707 cum
1115 648 1372 723 imperio
1403 662 1563 725 esse,
1596 651 1796 711 donec
1824 653 2192 713 recessisset

225 748 264 793 a
302 731 496 792 muris
537 729 754 790 hostis.
820 736 885 789 et
906 730 1031 791 diei
1060 730 1227 805 quod
1267 730 1568 807 reliquum
1597 734 1708 795 tuit
1738 740 1797 795 et
1825 743 2006 798 nocte
2031 736 2193 797 inse·

224 814 442 892 quenti
469 813 640 876 multi
666 820 894 874 temere
931 814 1179 875 excitati·
1202 817 1494 877 tumultus
1525 825 1666 878 sunt
1705 820 2191 894 compressique.

395 896 499 959 XI.
554 897 809 958 Postero
850 898 955 957 die
993 904 1420 973 transgressus
1461 900 1761 962 Anienem
1789 902 2090 964 Hannibal
2132 904 2193 964 in

224 984 427 1043 aciem
450 994 663 1041 omnes
691 981 907 1057 copias
937 983 1179 1052 eduxit3
1208 997 1326 1042 nec
1344 982 1601 1045 Flaccus
1626 987 2038 1065 consulesque
2063 1003 2192 1048 cer-

219 1074 433 1127 tamen
455 1065 892 1125 detractavere.
931 1065 1243 1126 instructis
1264 1067 1565 1140 utrimque
1587 1069 1952 1131 exercitibus
1974 1070 2034 1131 in
2059 1072 2193 1133 eius

221 1164 479 1227 pugnae
506 1163 736 1223 casum,
768 1148 833 1207 in
861 1165 981 1224 qua
1008 1149 1161 1209 urbs
1172 1150 1369 1211 Roma
1397 1150 1614 1211 victori
1643 1154 1977 1228 praemium
2007 1162 2192 1231 esset,

220 1235 425 1294 imber
464 1233 683 1307 ingens
710 1232 1007 1307 grandine
1034 1233 1261 1295 mixtus
1298 1234 1382 1293 ita
1407 1240 1731 1311 utramque
1765 1238 1959 1297 aciem
1989 1238 2190 1298 turba-

218 1317 336 1391 vit,
379 1321 447 1377 ut
474 1318 577 1376 vix
607 1316 791 1377 armis
820 1317 1071 1377 retentis
1101 1318 1163 1377 in
1192 1322 1398 1378 eastra
1426 1332 1570 1379 sese
1595 1320 1938 1395 receperint
1965 1322 2190 1382 nullius

222 1401 319 1461 rei
358 1400 595 1459 minore
634 1414 816 1475 quam
856 1400 1123 1461 hostium
1162 1407 1348 1462 metu.
1425 1409 1486 1462 et
1525 1410 1778 1479 postero
1821 1405 1921 1465 die
1973 1406 2194 1466 eodem

226 1488 371 1547 loeo
402 1485 570 1544 acies
601 1483 931 1545 instructas
956 1485 1174 1545 eadem
1200 1487 1537 1562 tempestas
1570 1487 1829 1548 diremit.
1895 1488 2001 1549 ubi
2023 1504 2192 1550 rece-

224 1567 470 1646 pissent
491 1567 643 1627 sein
668 1574 887 1642 eastra,
918 1568 1069 1628 mira
1092 1569 1396 1631 serenitas
1422 1586 1560 1631 cum
1582 1572 2013 1647 tranquillitate
2035 1574 2191 1635 orie·

224 1654 427 1713 batur.
481 1651 543 1711 in
570 1652 929 1727 religionem
955 1666 1030 1711 ea
1056 1668 1160 1713 res
1189 1653 1356 1728 apud
1381 1654 1624 1715 Poenos
1655 1672 1841 1715 versa·
1869 1664 1980 1728 est,
2019 1658 2191 1717 audi-

223 1743 417 1811 taque
444 1750 573 1795 vox
598 1734 957 1796 Hannibalis
988 1736 1205 1812 fertur,
1250 1737 1584 1814 potiundae
1614 1738 1730 1799 sibi
1762 1738 1930 1799 urbis
1958 1740 2192 1800 Romae

225 1820 416 1880 modo
446 1825 707 1879 mentem
736 1834 859 1879 non
890 1820 1054 1895 dari,
1098 1820 1286 1880 mado
1317 1821 1638 1883 fortunam.
1711 1822 1983 1882 minuere
2011 1822 2190 1883 etiam

228 1918 408 1981 spem
453 1902 586 1963 eius
628 1908 691 1963 et
731 1903 922 1980 aliae,
966 1918 1159 1980 parva
1197 1918 1574 1980 magnaque,
1624 1920 1756 1966 ress
1813 1920 2035 1982 mag-na
2071 1907 2190 1983 illa,

226 1987 418 2064 quod,
464 2000 601 2047 eum
630 1988 767 2063 ipse
796 1987 873 2047 ad
906 1987 1148 2047 moenia
1174 1986 1352 2049 urbis
1368 1988 1602 2049 Romae
1630 1995 1898 2050 armatus
1929 1991 2189 2064 sederet,

229 2071 461 2133 milites
488 2070 607 2132 sub
638 2070 925 2132 vexillis
908 2088 969 2132 tn
1000 2072 1486 2157 supplementum
1513 2072 1850 2150 Hispaniae
1879 2075 2192 2151 profectos

227 2154 451 2226 audiit,
499 2168 693 2230 parva
719 2161 949 2231 autem,
994 2156 1164 2232 quod
1192 2172 1304 2219 eos
1334 2156 1472 2217 dies
1500 2172 1639 2217 eum
1669 2159 1825 2218 forte
1854 2174 2084 2233 agrum,
2129 2159 2189 2219 in

228 2254 358 2315 quo
388 2240 529 2317 ipse
549 2245 751 2300 cas-tra
772 2239 1039 2314 haberet,
1074 2241 1322 2301 venisse
1343 2240 1493 2299 nihii
1523 2240 1602 2301 ob
1633 2241 1698 2301 id
1720 2242 2028 2303 deminuto
2052 2256 2189 2318 pre-

228 2324 325 2385 tio
349 2322 656 2398 cognitum
684 2338 763 2383 ex
789 2323 1058 2399 quodam
1080 2324 1326 2399 captivo
1355 2330 1469 2383 est.
1515 2324 1580 2385 id
1606 2340 1757 2386 vero
1789 2326 1948 2385 adeo
1971 2340 2190 2401 euper-

228 2406 379 2468 bmn
417 2412 602 2482 atque
640 2406 955 2483 indignum
998 2406 1224 2480 visum,
1268 2408 1402 2467 eius
1445 2407 1592 2480 soli,
1640 2408 1809 2483 quod
1851 2410 1987 2484 ipse
2028 2409 2190 2470 bello

228 2497 480 2565 captum
516 2490 864 2566 possideret
890 2490 1296 2566 haberetque,
1342 2491 1653 2550 inventum
1681 2492 1916 2551 Romae
1958 2497 2192 2566 empto·

230 2589 393 2647 rem,
438 2580 505 2635 ut
532 2576 840 2651 extemplo
872 2582 1098 2635 vocato
1123 2588 1434 2650 praecone
1462 2572 1751 2634 tabernas
1795 2575 2191 2649 argentarias,

230 2672 395 2735 quae
435 2658 596 2718 cirea
624 2659 821 2719 iorum
849 2660 1189 2719 Romanum
1228 2664 1468 2733 essent,
1513 2657 1762 2719 iusserit
1799 2656 2030 2717 venire.
2095 2658 2192 2719 his

227 2748 433 2802 motus
481 2742 562 2802 ad
588 2742 820 2803 Tutiam
861 2740 1012 2803 fluvi
1015 2758 1119 2803 um
1160 2749 1362 2802 castra
1400 2741 1653 2815 rettulit,
1700 2756 1815 2802 sex
1843 2741 2010 2802 milia
2050 2757 2193 2818 pas·

228 2840 412 2886 suum
439 2824 515 2886 ab
547 2826 714 2887 urbe.
778 2826 924 2886 inde
966 2826 1046 2885 ad
1076 2827 1277 2886 lucum
1306 2824 1606 2885 Feroniae
1639 2826 1837 2901 pergit
1877 2824 1995 2901 ire,
2044 2831 2190 2885 tem·

229 2910 403 2985 plum
431 2924 508 2969 ea
548 2916 910 2986 tempestate
951 2909 1239 2970 inclutum
1269 2909 1517 2970 divitiis.
1585 2907 1925 2986 Capenates
1969 2908 2195 2985 aliique

230 2994 485 3054 accolae
512 2993 643 3054 eius
674 3000 862 3054 erant.
908 2992 1205 3069 primitias
1236 2993 1477 3067 frugum
1505 3006 1580 3053 eo
1613 2993 2050 3068 donaquealia
2077 3008 2191 3069 pro

230 3076 417 3153 eopia
444 3083 767 3154 portantes
788 3078 978 3138 multo
1008 3090 1159 3137 auro
1189 3082 1568 3151 argentoque
1595 3077 1657 3137 id
1699 3084 2059 3138 exornatum
2087 3077 2194 3137 ha·

230 3160 478 3222 hebent.
526 3160 603 3222 ils
632 3160 913 3221 omnibus
943 3160 1125 3220 donis
1155 3168 1280 3220 tum
1309 3160 1637 3236 spoliatum
1667 3160 1973 3236 templum.
2033 3160 2194 3219 aeris

230 3244 459 3321 acervi,
492 3260 627 3307 cum
655 3245 881 3305 rudera
904 3242 1123 3303 milites
1152 3243 1448 3318 religione
1475 3244 1705 3305 inducti
1733 3243 2020 3317 iacerent,
2051 3249 2198 3318 post

231 3329 678 3407 profectionem
708 3326 1065 3388 Hannibalis
1104 3327 1309 3401 magni
1348 3326 1598 3388 inventi.
1662 3328 1844 3387 huius
1875 3325 2191 3403 populatio

234 3413 442 3489 templi
482 3414 649 3473 haud
680 3411 867 3473 dubia
906 3410 1064 3472 inter
1104 3410 1440 3484 scriptores
1483 3417 1594 3472 est.
1660 3410 1905 3472 Coelius
1934 3411 2191 3473 Romam

230 3504 478 3558 euntem
507 3496 585 3557 ab
612 3496 795 3557 Ereto
826 3494 1154 3557 divertisse
1178 3506 1253 3555 eo
1284 3492 1685 3556 Hannibalem
1713 3494 1913 3570 tradit,
1957 3494 2193 3572 iterque

319 3597 373 3641 τ.
414 3595 542 3640 uvt
584 3596 735 3641 ritas
769 3578 869 3639 111.
1755 3585 1793 3640 8
