2550 3959
632 210 863 273 LIBER
890 211 1069 271 xxx.
1118 212 1284 272 cAP.
1308 220 1360 275 a.
1385 221 1439 276 9.
1485 216 1558 291 [a.
1586 220 1649 271 c
1675 217 1802 292 203]
2051 214 2186 277 329

228 368 289 421 et
322 360 621 421 Numidae
658 369 721 422 et
759 361 1286 436 Carthaginienses
1329 364 1524 439 pulsi·
1569 380 1709 425 nam
1749 380 1953 451 neque
1980 366 2184 427 Numi·-

226 444 373 517 dae,
403 445 667 505 maxima
695 460 841 520 pars
872 453 1178 522 agresteS,
1207 446 1550 509 Romanum
1577 437 1946 525 equitatum,
1977 460 2185 526 neque

228 527 778 603 Carthaginienses
827 536 887 590 et
914 531 1051 605 ipse
1079 546 1281 592 novus
1309 533 1505 606 miles,
1531 532 1922 594 Masinissam
1950 534 2180 594 recenti

226 628 416 687 super
446 620 653 675 cetera
678 612 933 673 victoria
958 614 1290 675 terribilem
1319 618 1685 683 sustinuere.
1727 618 1956 677 nudata
1974 618 2180 677 utrim-

224 710 346 771 que
388 697 684 761 cornibus
712 696 1071 758 Celtiberum
1111 698 1279 759 acies
1319 701 1550 775 stabat,
1595 702 1764 777 quod
1804 701 2006 761 necin
2039 702 2182 777 fug-a

224 781 393 840 salus
431 782 555 841 ulla
584 780 1021 858 ostendebatur
1058 782 1212 847 locis
1254 782 1511 859 ignotis,
1557 799 1759 860 neque
1788 800 1936 861 spes
1963 785 2184 845 veniae

222 862 303 923 ab
333 862 623 939 Scipione
652 872 800 939 erat,
846 881 1029 941 quem
1058 866 1216 925 bene
1245 868 1524 928 meritum
1553 869 1630 928 de
1665 884 1736 929 se
1769 875 1829 929 et
1855 877 2038 944 gente
2066 885 2182 930 sua

224 950 655 1009 mercennariis
708 950 893 1009 armis
942 950 1003 1008 in
1056 950 1326 1009 Africam
1379 958 1795 1027 oppugnatum
1847 954 2179 1013 venissent.

222 1030 401 1105 igitur
440 1033 827 1093 circumfusis
876 1032 1149 1108 undique
1186 1032 1470 1094 hostibus
1511 1031 1612 1093 alii
1654 1050 1847 1109 super
1885 1037 2040 1097 alios
2081 1050 2180 1095 ca·

224 1113 441 1175 dentes
482 1116 785 1176 obstinate
820 1118 1263 1185 moriebantur3
1311 1118 1721 1193 omnibusque
1749 1119 1818 1176 in
1839 1134 1952 1179 eos
1980 1120 2186 1179 versis

224 1197 595 1277 aliquantum
624 1200 704 1258 ad
730 1201 932 1273 sugam
954 1200 1253 1274 temporis
1273 1200 1530 1277 Syphax
1555 1209 1616 1262 et
1633 1201 1980 1263 Hasdrubal
2005 1218 2179 1277 prae-

225 1290 537 1355 ceperunt.
602 1283 887 1357 fatigatos
936 1284 1128 1344 caede
1172 1284 1396 1345 diutius
1439 1300 1622 1359 quam
1665 1299 1873 1360 pugna
1917 1286 2184 1346 victores

224 1379 347 1425 nox
380 1366 714 1441 oppressit.

392 1450 491 1509 IX.
534 1449 789 1512 Postero
832 1451 932 1511 die
960 1450 1171 1526 Scipio
1196 1452 1471 1512 Laelium
1496 1450 2013 1527 Masinissamque
2044 1466 2185 1511 cum
2243 1460 2252 1469 ¹

226 1532 386 1593 omni
414 1535 693 1594 Romano
734 1542 796 1595 et
822 1534 1137 1595 Numidico
1168 1536 1444 1611 equitatu
1471 1535 1903 1611 expeditisque
1931 1532 2185 1595 militum

225 1616 305 1675 ad
349 1618 818 1691 persequendos
858 1617 1209 1714 Syphacem
1258 1626 1444 1716 atque
1485 1619 1934 1679 Hasdrubalem
1974 1617 2181 1678 mittin

225 1698 361 1773 ipse
392 1714 529 1759 cum
558 1702 783 1761 robore
818 1701 1124 1762 exercitus
1152 1703 1338 1763 urbes
1371 1703 1562 1777 circa,
1607 1717 1764 1777 quae
1795 1716 2010 1763 omnes
2041 1702 2182 1761 Car·

225 1782 695 1879 thaginiensium
746 1784 1005 1844 dicionis
1056 1793 1259 1858 erant,
1319 1785 1536 1861 partim
1587 1800 1702 1861 spe
1752 1776 1986 1860 partim
2019 1789 2186 1845 metu

226 1867 444 1941 partim
484 1868 543 1927 vi
586 1866 823 1945 subigit
898 1867 1244 1943 carthagini
1286 1876 1416 1929 erat
1443 1868 1689 1943 quidem
1719 1868 1935 1943 ingens
1965 1875 2186 1942 terror,

224 1957 288 2009 et
314 1950 836 2013 circumferentem
866 1966 1032 2011 arma
1056 1952 1407 2027 Scipionem
1439 1951 1720 2014 omnibus
1749 1950 2018 2013 finitimis
2041 1962 2183 2027 rap·

224 2034 330 2093 tim
373 2036 727 2109 perdomitis
764 2035 963 2109 ipsam
994 2036 1414 2111 Carthaginem
1454 2043 1710 2111 repente
1743 2036 2188 2111 adgressurum

226 2118 576 2177 credebant.
617 2120 824 2194 itaque
854 2126 913 2179 ct
941 2120 1091 2179 muri
1120 2121 1552 2181 reficiebantur
1577 2119 2188 2196 propugnaculisque
2239 2132 2244 2137 ·

225 2201 645 2275 armabantur,
689 2210 749 2262 et
778 2218 891 2275 pro
922 2218 993 2261 se
1024 2205 1318 2278 quisque,
1351 2217 1510 2278 quae
1539 2204 1809 2264 diutinae
1839 2202 2188 2264 obsidionis

224 2284 579 2343 tolerandae
608 2292 765 2357 sunt,
796 2299 875 2343 ex
904 2286 1069 2359 agris
1104 2287 1404 2346 convehit.
1443 2302 1585 2345 rara
1611 2286 1838 2347 mentio
1870 2293 1967 2347 est
1988 2285 2186 2361 pecie,

225 2367 601 2439 frequentior
641 2369 976 2441 legatorum
1018 2370 1098 2427 ad
1124 2369 1522 2429 Hannibalem
1565 2369 2006 2429 arcessendum
2051 2368 2186 2427 mit-

227 2449 564 2524 tendorum,
594 2466 742 2525 pars
773 2450 1037 2511 maxima
1066 2452 1346 2525 classem,
1381 2467 1542 2527 quae
1569 2452 1650 2512 ad
1679 2460 2056 2513 commeatus
2079 2466 2186 2510 ex-

228 2530 549 2607 cipiendos
592 2540 809 2608 parata
850 2541 1010 2608 erat,
1061 2536 1297 2595 mittere
1343 2535 1554 2596 iubent
1591 2534 1674 2595 ad
1713 2534 2190 2609 opprimendum

227 2616 551 2694 stationem
599 2617 847 2677 navium
886 2618 967 2679 ad
1008 2618 1243 2679 Uticam
1287 2619 1532 2679 incaute
1574 2625 1885 2693 agentem
1927 2617 2188 2678 forsitan

224 2700 407 2760 etiam
435 2702 676 2762 navalia
704 2708 940 2775 castra,
982 2702 1195 2763 relicta
1222 2718 1362 2762 eum
1391 2703 1511 2761 levi
1543 2702 1884 2777 praesidio,
1927 2716 2186 2777 oppres-

226 2798 429 2845 suros.
476 2784 535 2843 in
567 2784 687 2845 hoc
718 2785 1038 2845 consilium
1068 2786 1332 2846 maxime
1360 2785 1683 2854 inclinant3
1715 2787 1954 2859 legatos
1986 2793 2190 2844 tamen

227 2868 306 2927 ad
336 2868 737 2930 Hannibalem
778 2868 1105 2929 mittendos
1145 2875 1432 2929 censentz
1480 2870 1712 2944 quippe
1741 2868 1928 2929 classi
1958 2875 2027 2928 ut
2054 2866 2184 2926 reli.-

228 2951 475 3012 cissime
520 2957 809 3027 gerantur
835 2968 967 3025 res,
1014 2960 1191 3027 parte
1219 2954 1426 3029 aliqua
1451 2953 1642 3013 levari
1669 2950 1883 3013 Uticae
1913 2947 2184 3011 obsidio-

227 3050 383 3103 nem,
416 3036 835 3113 Carthaginem
862 3036 1063 3112 ipsam
1093 3037 1197 3112 qui
1226 3044 1480 3111 tueatur,
1524 3050 1725 3111 neque
1755 3037 2191 3111 imperatorem

228 3116 410 3176 alium
456 3137 639 3193 quam
678 3121 1113 3194 Hannibalem,
1164 3136 1370 3194 neque
1411 3120 1747 3181 exereitum
1766 3120 1948 3180 alium
1991 3132 2178 3193 quam

227 3200 582 3263 Hannibalis
625 3220 976 3280 superesse.
1049 3204 1352 3265 deductae
1379 3220 1528 3279 ergo
1559 3209 1810 3281 postero
1843 3202 1942 3262 die
1969 3214 2189 3274 naveS,

228 3282 407 3342 simul
432 3294 490 3345 et
516 3288 697 3361 legati
719 3289 779 3348 in
806 3288 1033 3349 Italiam
1058 3290 1334 3363 profecti.
1379 3288 1722 3363 raptimque
1747 3286 1952 3347 omnia
1973 3284 2184 3346 stimu-

226 3368 391 3427 lante
435 3369 677 3429 lot-tuna
724 3374 1100 3447 agebantur3
1166 3378 1230 3431 et
1268 3372 1330 3431 in
1376 3388 1500 3447 quo
1542 3372 1805 3447 quisque
1847 3374 2188 3443 cessasset,

224 3451 405 3527 prodi
436 3453 511 3513 ab
542 3468 613 3513 se
640 3456 897 3516 salutem
926 3455 1195 3517 omnium
1224 3456 1486 3515 rebatur.
