2550 3959
638 231 867 293 LIBER
895 230 1107 291 XXIV.
1149 230 1430 293 CARQ.
1476 238 1549 305 [a.
1574 236 1639 291 C.
1662 238 1787 307 214]
1892 266 1897 271 ·
2104 234 2193 297 23

229 404 348 467 que
387 388 453 449 in
485 384 899 447 Achradinam
928 384 1008 443 ad
1039 384 1268 445 curiam
1298 383 1600 445 convenit.
1670 384 1753 445 ibi
1783 400 1897 460 pro
1928 385 2190 449 Concor·

230 472 370 534 diae
412 487 552 543 ara,
598 484 760 547 quae
799 469 860 529 in
891 484 966 529 eo
999 468 1115 527 sita
1143 469 1281 529 loco
1312 475 1469 539 erat,
1512 482 1590 527 ex
1622 468 1999 543 principibus
2029 487 2195 533 unus

229 554 478 617 nomme
525 552 878 629 Polyaenus
926 550 1272 613 contionem
1316 558 1379 612 et
1417 550 1669 611 liberam
1717 558 1779 613 et
1814 554 2198 615 moderatam

229 638 462 699 habuit.
513 636 909 699 servitudinis
937 634 1435 710 indignitatisque
1463 633 1743 697 homines
1768 642 2059 711 expertos
2084 638 2189 698 ad·

229 738 453 782 versus
484 726 694 781 notum
721 718 945 781 malum
975 718 1240 779 irritatos
1263 732 1442 778 essee
1476 718 1791 780 discordia
1813 719 2006 780 civilis
2033 737 2189 796 quas

229 806 520 881 importet
561 804 770 865 clades
787 849 804 877 ,
847 803 1106 863 audisse
1138 802 1334 877 magis
1379 818 1419 861 a
1450 802 1727 877 patribus
1756 802 2189 881 Syracusanos

231 886 618 965 qnam'ipsos
640 886 894 947 vidisse.
938 900 1108 947 arma
1131 886 1301 961 quod
1323 884 1581 961 impigre
1604 887 1893 963 ceperint,
1918 888 2187 963 laudare,

227 973 426 1049 mag-is
471 970 884 1045 laudaturmn,
923 971 978 1031 si
1007 986 1130 1029 non
1169 976 1413 1031 utantur
1440 969 1558 1029 nisi
1586 970 1795 1030 ultima
1822 972 2191 1033 necessitate

228 1054 450 1117 coacti.
492 1056 553 1115 in
583 1054 934 1130 piaesentia
961 1054 1197 1127 legatos
1227 1054 1305 1113 ad
1332 1053 1851 1115 Andranodorum
1879 1054 2028 1115 mitti
2059 1057 2185 1131 pia-

227 1154 405 1213 cet-e,
453 1139 558 1215 qui
595 1138 974 1211 denuntient,
1018 1145 1088 1196 ut
1123 1138 1183 1197 in
1231 1142 1535 1212 potestate
1576 1143 1827 1198 senatus
1870 1154 1943 1199 ae
1972 1139 2185 1215 popuii

229 1223 328 1299 sit,
359 1230 574 1299 postas
603 1222 850 1281 Insulae
879 1221 1128 1296 aperiat,
1161 1220 1381 1280 reddat
1406 1220 1799 1295 praesidium.
1858 1222 1911 1282 si
1941 1226 2185 1283 tutelam

228 1306 414 1369 alieni
443 1306 616 1381 regni
650 1322 830 1365 suum
856 1320 1108 1379 regnum
1137 1304 1283 1363 velit
1304 1303 1523 1379 facere,
1555 1305 1813 1365 eundem
1838 1321 1908 1365 se
1932 1320 2189 1366 censere

226 1392 424 1451 multo
453 1388 658 1450 acrius
687 1388 768 1448 ab
793 1389 1244 1449 Andranodoro
1276 1404 1461 1463 quam
1488 1388 1565 1448 ab
1587 1388 1962 1467 Hieronymo
1992 1390 2183 1465 repeti

228 1474 588 1535 libertatem.
663 1471 740 1531 ab
780 1471 902 1531 hac⁴
941 1472 1224 1533 contione
1264 1472 1444 1547 legati
1485 1472 1657 1533 missi
1700 1481 1858 1533 sunt.
1932 1480 2183 1535 senatus

227 1557 376 1619 inde
423 1556 638 1617 haberi
687 1562 946 1631 coeptus
991 1562 1116 1629 est,
1171 1556 1341 1630 quod
1390 1556 1545 1616 sieut
1585 1564 1879 1632 regnante
1920 1558 2187 1618 Hierone

229 1646 544 1702 manserat
576 1639 887 1715 pubiicum
917 1639 1270 1713 consilium,-
1312 1640 1397 1699 ita
1425 1648 1570 1715 post
1596 1646 1851 1701 mortem
1882 1642 2013 1701 eius
2044 1648 2185 1701 ante

227 1740 370 1784 eam
421 1723 583 1784 diem
631 1724 795 1783 nulla
837 1724 915 1783 de
953 1739 1022 1781 re
1067 1738 1266 1798 neque
1310 1723 1633 1784 convocati
1674 1740 1877 1796 neque
1922 1724 2184 1785 consulti

229 1810 492 1869 rueram.
543 1812 611 1867 ut
640 1812 883 1867 ventum
913 1807 993 1866 ad
1019 1806 1534 1867 Andranodorum
1566 1812 1677 1878 est,
1709 1806 1909 1881 ipsum
1940 1808 2185 1882 quidem

228 1892 523 1953 movebat
551 1896 612 1950 et
639 1891 862 1951 civium
891 1904 1239 1951 consens-us
1267 1896 1330 1951 et
1357 1906 1493 1951 eum
1524 1890 1679 1950 aliae
1710 1898 2049 1965 occupatae
2080 1908 2181 1951 ur-

225 1975 330 2036 bis
358 1982 568 2051 partes
598 1980 722 2035 tum
752 1990 901 2049 pars
926 1974 1176 2035 Insuiae
1202 1976 1370 2035 velut
1394 1973 1797 2035 munitissima
1824 1975 2067 2049 prodita
2096 1982 2181 2035 at-

229 2074 359 2135 que
408 2058 685 2118 aiienata.
755 2058 870 2118 sed
915 2064 1237 2119 evocatum
1286 2074 1425 2119 eum
1474 2059 1551 2119 ab
1600 2057 1815 2133 legatis
1862 2059 2180 2119 Demarato

228 2158 421 2214 uxer,
467 2141 591 2201 filia
615 2139 931 2215 Hieronis,
975 2140 1185 2203 inflata
1227 2140 1427 2202 adhuc
1467 2141 1654 2217 regiis
1695 2142 1909 2202 animis
1952 2159 2025 2203 ac
2052 2158 2181 2202 mu-

226 2226 409 2287 liebri
441 2225 689 2299 spiritu,
733 2226 1022 2285 admonet
1049 2240 1241 2299 saepe
1267 2230 1601 2301 usurpatae
1628 2226 1909 2303 Dionysii
1938 2225 2183 2303 tyranni

233 2307 442 2384 vecie,
487 2324 610 2383 qua
650 2309 915 2383 pedibus
955 2314 1210 2369 tractum
1252 2324 1377 2368 non
1413 2309 1779 2370 insidentem
1808 2322 1969 2385 equo
2000 2308 2177 2369 relin-

233 2408 432 2469 quere
477 2392 861 2470 tyrannidem
905 2390 1124 2453 dixerit
1161 2392 1406 2453 debere.
1472 2392 1649 2452 facile
1689 2408 1835 2452 esse
1875 2400 2181 2453 momento

233 2490 366 2551 quo
403 2474 547 2551 quis
585 2476 734 2535 velit
771 2476 992 2535 cedere
1020 2476 1427 2551 possessione
1451 2488 1709 2549 magnae
1738 2475 2048 2544 fortunae3
2094 2477 2180 2533 fa-

231 2574 386 2619 eere·
411 2566 474 2617 et
501 2572 726 2633 parare
753 2574 886 2617 eam
923 2559 1170 2619 difficile
1199 2564 1383 2633 atque
1409 2558 1666 2618 arduum
1694 2572 1856 2618 esse.
1922 2557 2181 2634 spatium

229 2649 508 2703 sumeret
546 2644 625 2703 ad
657 2642 1128 2704 consultandum
1165 2642 1242 2701 ab
1284 2642 1497 2717 legatis
1516 2663 1533 2697 ε
1575 2656 1649 2701 eo
1678 2645 1951 2703 uteretur
1978 2641 2057 2702 ad
2087 2656 2183 2701 ar-

231 2726 582 2786 cessendos
604 2742 682 2786 ex
695 2726 1010 2787 Leontinis
1027 2725 1266 2797 milites,
1286 2727 1509 2800 quibus
1534 2724 1586 2785 si
1610 2727 1931 2800 pecuniam
1950 2724 2181 2801 regiam

232 2809 546 2884 poliicitus
575 2817 760 2883 esset,
793 2810 995 2869 omnia
1021 2810 1081 2869 in
1111 2815 1413 2885 potestate
1444 2810 1577 2871 eius
1608 2811 1825 2873 sutura.
1869 2808 2023 2869 haec
2052 2826 2184 2874 mu·

229 2892 452 2954 liebria
489 2892 746 2953 consilia
773 2894 1260 2955 Andranodorns
1292 2909 1495 2969 neque
1521 2899 1649 2955 tota
1678 2900 2038 2969 aspernatus
2068 2900 2185 2969 est,

231 2992 450 3053 neque
481 2979 788 3051 extemplo
831 2976 1096 3052 accepit,
1149 2977 1429 3038 tutiorem
1471 2978 1549 3037 ad
1589 2993 1744 3053 opes
1786 2978 2183 3039 adfectandas

227 3066 404 3119 ratus
436 3074 579 3119 esse
601 3061 778 3135 viarm
807 3060 944 3120 siin
971 3062 1321 3136 praesentia
1342 3062 1597 3135 tempori
1620 3061 1933 3122 cessisset.
1979 3061 2185 3135 itaque

229 3143 476 3218 legatos
512 3144 860 3204 renuntiare
899 3144 1080 3205 iussit
1107 3146 1369 3205 tutorum
1400 3160 1470 3204 se
1498 3144 1558 3204 in
1588 3152 1841 3205 senatus
1872 3159 1944 3203 ac
1972 3144 2183 3218 populi

237 3230 564 3301 potestate.
623 3234 877 3303 postero
903 3228 1005 3288 die
1033 3228 1172 3288 luce
1194 3227 1393 3302 prima
1420 3229 1741 3302 patefactis
1770 3226 2013 3286 Insulae
2042 3240 2183 3301 por-

191 3342 196 3349 ·
233 3311 314 3371 tis
357 3310 420 3369 in
461 3311 663 3371 forum
689 3310 1082 3371 Achradinae
1119 3310 1305 3371 venit.
1363 3310 1445 3371 ibi
1486 3310 1546 3369 in
1590 3324 1757 3370 aram
1788 3308 2187 3384 Concordiae,

227 3408 313 3452 ex
345 3408 470 3469 qua
498 3394 699 3468 pridie
725 3393 1075 3473 Polyaenus
1106 3394 1493 3458 contionatus
1522 3399 1681 3469 erat,
1712 3392 2019 3466 escendit,
2052 3406 2187 3453 ora·

228 3475 588 3553 tionemque
619 3492 752 3538 eam
783 3494 964 3539 orsus
993 3486 1116 3551 est,
1169 3496 1291 3555 qna
1322 3478 1577 3554 primum
1610 3476 2007 3538 cunctationis
2037 3488 2197 3536 suae
