<?xml version="1.0" encoding="UTF-8"?>
<!DOCTYPE html PUBLIC "-//W3C//DTD XHTML 1.0 Transitional//EN"
    "http://www.w3.org/TR/xhtml1/DTD/xhtml1-transitional.dtd">
<html xmlns="http://www.w3.org/1999/xhtml" xml:lang="en" lang="en">
 <head>
  <title>
</title>
<meta http-equiv="Content-Type" content="text/html;charset=utf-8" />
  <meta name='ocr-system' content='tesseract 3.04.00' />
  <meta name='ocr-capabilities' content='ocr_page ocr_carea ocr_par ocr_line ocrx_word'/>
</head>
<body>
  <div class='ocr_page' id='page_1' title='image "./aburbeconditali13livygoog_0362.png"; bbox 0 0 2550 3959; ppageno 0'>
   <div class='ocr_carea' id='block_1_1' title="bbox 596 222 2176 299">
    <p class='ocr_par' dir='ltr' id='par_1_1' title="bbox 596 222 2176 299">
     <span class='ocr_line' id='line_1_1' title="bbox 596 222 2176 299; baseline 0.002 -17"><span class='ocrx_word' id='word_1_1' title='bbox 596 226 823 285; x_wconf 72' lang='lat' dir='ltr'><strong>UBER</strong></span> <span class='ocrx_word' id='word_1_2' title='bbox 850 225 1030 285; x_wconf 85' lang='lat' dir='ltr'><strong>XXX.</strong></span> <span class='ocrx_word' id='word_1_3' title='bbox 1078 224 1245 285; x_wconf 83' lang='lat' dir='ltr'>CAP.</span> <span class='ocrx_word' id='word_1_4' title='bbox 1276 231 1473 287; x_wconf 77' lang='lat'>13.14.</span> <span class='ocrx_word' id='word_1_5' title='bbox 1519 230 1592 299; x_wconf 68' lang='lat' dir='ltr'>[a.</span> <span class='ocrx_word' id='word_1_6' title='bbox 1618 230 1682 293; x_wconf 82' lang='lat' dir='ltr'>c.</span> <span class='ocrx_word' id='word_1_7' title='bbox 1707 229 1834 298; x_wconf 80' lang='lat'><strong>203]</strong></span> <span class='ocrx_word' id='word_1_8' title='bbox 2043 222 2176 287; x_wconf 81' lang='lat'>335</span> 
     </span>
    </p>
   </div>
   <div class='ocr_carea' id='block_1_2' title="bbox 204 375 2184 3387">
    <p class='ocr_par' dir='ltr' id='par_1_2' title="bbox 204 375 2184 3387">
     <span class='ocr_line' id='line_1_2' title="bbox 222 375 2181 451; baseline -0.002 -12"><span class='ocrx_word' id='word_1_9' title='bbox 222 386 348 439; x_wconf 75' lang='lat' dir='ltr'>tum</span> <span class='ocrx_word' id='word_1_10' title='bbox 402 376 747 436; x_wconf 79' lang='lat' dir='ltr'>recordatio</span> <span class='ocrx_word' id='word_1_11' title='bbox 804 375 1053 451; x_wconf 86' lang='lat' dir='ltr'>hospitii</span> <span class='ocrx_word' id='word_1_12' title='bbox 1122 376 1500 451; x_wconf 80' lang='lat' dir='ltr'>dextraeque</span> <span class='ocrx_word' id='word_1_13' title='bbox 1557 377 1738 438; x_wconf 85' lang='lat' dir='ltr'>datae</span> <span class='ocrx_word' id='word_1_14' title='bbox 1795 383 1857 437; x_wconf 90' lang='lat' dir='ltr'>et</span> <span class='ocrx_word' id='word_1_15' title='bbox 1911 375 2181 437; x_wconf 83' lang='lat' dir='ltr'>foederis</span> 
     </span>
     <span class='ocr_line' id='line_1_3' title="bbox 221 458 2181 537; baseline -0.001 -17"><span class='ocrx_word' id='word_1_16' title='bbox 221 460 467 537; x_wconf 88' lang='lat' dir='ltr'>publice</span> <span class='ocrx_word' id='word_1_17' title='bbox 508 475 581 520; x_wconf 87' lang='lat' dir='ltr'>ac</span> <span class='ocrx_word' id='word_1_18' title='bbox 614 459 891 534; x_wconf 86' lang='lat' dir='ltr'>privatim</span> <span class='ocrx_word' id='word_1_19' title='bbox 934 459 1136 521; x_wconf 87' lang='lat' dir='ltr'>iuncti.</span> <span class='ocrx_word' id='word_1_20' title='bbox 1209 460 1427 519; x_wconf 90' lang='lat' dir='ltr'>eadem</span> <span class='ocrx_word' id='word_1_21' title='bbox 1466 460 1619 521; x_wconf 88' lang='lat' dir='ltr'>haec</span> <span class='ocrx_word' id='word_1_22' title='bbox 1660 468 1722 520; x_wconf 89' lang='lat' dir='ltr'>et</span> <span class='ocrx_word' id='word_1_23' title='bbox 1751 458 2022 537; x_wconf 80' lang='lat' dir='ltr'>Syphaci</span> <span class='ocrx_word' id='word_1_24' title='bbox 2051 459 2181 519; x_wconf 90' lang='lat' dir='ltr'>ani·</span> 
     </span>
     <span class='ocr_line' id='line_1_4' title="bbox 221 542 2182 621; baseline -0.001 -16"><span class='ocrx_word' id='word_1_25' title='bbox 221 560 385 605; x_wconf 89' lang='lat' dir='ltr'>mum</span> <span class='ocrx_word' id='word_1_26' title='bbox 414 543 714 604; x_wconf 87' lang='lat' dir='ltr'>dederunt</span> <span class='ocrx_word' id='word_1_27' title='bbox 740 543 801 603; x_wconf 90' lang='lat' dir='ltr'>in</span> <span class='ocrx_word' id='word_1_28' title='bbox 834 542 1227 621; x_wconf 82' lang='lat' dir='ltr'>adloquendo</span> <span class='ocrx_word' id='word_1_29' title='bbox 1255 544 1569 610; x_wconf 87' lang='lat' dir='ltr'>victorem.</span> <span class='ocrx_word' id='word_1_30' title='bbox 1633 560 1774 603; x_wconf 87' lang='lat' dir='ltr'>nam</span> <span class='ocrx_word' id='word_1_31' title='bbox 1803 560 1938 605; x_wconf 87' lang='lat' dir='ltr'>cum</span> <span class='ocrx_word' id='word_1_32' title='bbox 1971 543 2182 619; x_wconf 80' lang='lat' dir='ltr'>Scipio</span> 
     </span>
     <span class='ocr_line' id='line_1_5' title="bbox 222 626 2184 704; baseline -0.001 -16"><span class='ocrx_word' id='word_1_33' title='bbox 222 628 370 703; x_wconf 87' lang='lat' dir='ltr'>quid</span> <span class='ocrx_word' id='word_1_34' title='bbox 410 627 528 687; x_wconf 90' lang='lat' dir='ltr'>sibi</span> <span class='ocrx_word' id='word_1_35' title='bbox 570 626 870 688; x_wconf 83' lang='lat' dir='ltr'>voluisset</span> <span class='ocrx_word' id='word_1_36' title='bbox 910 634 1265 704; x_wconf 88' lang='lat' dir='ltr'>quaereret,</span> <span class='ocrx_word' id='word_1_37' title='bbox 1308 628 1410 703; x_wconf 89' lang='lat' dir='ltr'>qui</span> <span class='ocrx_word' id='word_1_38' title='bbox 1442 644 1566 689; x_wconf 90' lang='lat' dir='ltr'>non</span> <span class='ocrx_word' id='word_1_39' title='bbox 1597 628 1951 689; x_wconf 87' lang='lat' dir='ltr'>societatem</span> <span class='ocrx_word' id='word_1_40' title='bbox 1983 629 2184 689; x_wconf 87' lang='lat' dir='ltr'>solum</span> 
     </span>
     <span class='ocr_line' id='line_1_6' title="bbox 220 711 2184 793; baseline -0.002 -21"><span class='ocrx_word' id='word_1_41' title='bbox 220 712 540 773; x_wconf 76' lang='lat' dir='ltr'>abnuisset</span> <span class='ocrx_word' id='word_1_42' title='bbox 566 712 933 785; x_wconf 80' lang='lat' dir='ltr'>Romanam,</span> <span class='ocrx_word' id='word_1_43' title='bbox 976 712 1089 771; x_wconf 90' lang='lat' dir='ltr'>sed</span> <span class='ocrx_word' id='word_1_44' title='bbox 1121 712 1277 772; x_wconf 87' lang='lat' dir='ltr'>ultro</span> <span class='ocrx_word' id='word_1_45' title='bbox 1307 711 1534 793; x_wconf 88' lang='lat' dir='ltr'>bellum</span> <span class='ocrx_word' id='word_1_46' title='bbox 1562 712 1884 785; x_wconf 88' lang='lat' dir='ltr'>intulisset,</span> <span class='ocrx_word' id='word_1_47' title='bbox 1925 718 2052 771; x_wconf 90' lang='lat' dir='ltr'>tum</span> <span class='ocrx_word' id='word_1_48' title='bbox 2081 712 2184 771; x_wconf 89' lang='lat' dir='ltr'>ille</span> 
     </span>
     <span class='ocr_line' id='line_1_7' title="bbox 221 795 2181 871; baseline -0.001 -16"><span class='ocrx_word' id='word_1_49' title='bbox 221 810 523 871; x_wconf 81' lang='lat' dir='ltr'>peccasse</span> <span class='ocrx_word' id='word_1_50' title='bbox 552 796 798 871; x_wconf 89' lang='lat' dir='ltr'>quidem</span> <span class='ocrx_word' id='word_1_51' title='bbox 828 810 973 856; x_wconf 90' lang='lat' dir='ltr'>sese</span> <span class='ocrx_word' id='word_1_52' title='bbox 1002 803 1185 870; x_wconf 87' lang='lat' dir='ltr'>atque</span> <span class='ocrx_word' id='word_1_53' title='bbox 1212 795 1522 856; x_wconf 84' lang='lat' dir='ltr'>insanisse</span> <span class='ocrx_word' id='word_1_54' title='bbox 1549 796 1868 869; x_wconf 74' lang='lat' dir='ltr'>fatebatur,</span> <span class='ocrx_word' id='word_1_55' title='bbox 1910 796 2026 855; x_wconf 91' lang='lat' dir='ltr'>sed</span> <span class='ocrx_word' id='word_1_56' title='bbox 2053 810 2181 855; x_wconf 85' lang='lat' dir='ltr'>noa</span> 
     </span>
     <span class='ocr_line' id='line_1_8' title="bbox 218 880 2182 954; baseline 0 -15"><span class='ocrx_word' id='word_1_57' title='bbox 218 886 349 941; x_wconf 82' lang='lat' dir='ltr'>tum</span> <span class='ocrx_word' id='word_1_58' title='bbox 390 880 629 939; x_wconf 88' lang='lat' dir='ltr'>demum</span> <span class='ocrx_word' id='word_1_59' title='bbox 676 896 814 941; x_wconf 91' lang='lat' dir='ltr'>cum</span> <span class='ocrx_word' id='word_1_60' title='bbox 854 895 1025 939; x_wconf 88' lang='lat' dir='ltr'>arma</span> <span class='ocrx_word' id='word_1_61' title='bbox 1054 880 1354 939; x_wconf 89' lang='lat' dir='ltr'>adversus</span> <span class='ocrx_word' id='word_1_62' title='bbox 1385 880 1680 954; x_wconf 85' lang='lat' dir='ltr'>populum</span> <span class='ocrx_word' id='word_1_63' title='bbox 1708 881 2051 941; x_wconf 89' lang='lat' dir='ltr'>Romanum</span> <span class='ocrx_word' id='word_1_64' title='bbox 2081 894 2182 939; x_wconf 88' lang='lat' dir='ltr'>ce-</span> 
     </span>
     <span class='ocr_line' id='line_1_9' title="bbox 220 961 2183 1039; baseline 0 -16"><span class='ocrx_word' id='word_1_65' title='bbox 220 962 449 1039; x_wconf 77' lang='lat' dir='ltr'>pisset3</span> <span class='ocrx_word' id='word_1_66' title='bbox 500 965 727 1025; x_wconf 86' lang='lat' dir='ltr'>exitum</span> <span class='ocrx_word' id='word_1_67' title='bbox 770 962 868 1024; x_wconf 87' lang='lat' dir='ltr'>sui</span> <span class='ocrx_word' id='word_1_68' title='bbox 909 962 1134 1023; x_wconf 88' lang='lat' dir='ltr'>furoris</span> <span class='ocrx_word' id='word_1_69' title='bbox 1176 961 1401 1035; x_wconf 87' lang='lat' dir='ltr'>fuisse,</span> <span class='ocrx_word' id='word_1_70' title='bbox 1444 978 1570 1022; x_wconf 92' lang='lat' dir='ltr'>non</span> <span class='ocrx_word' id='word_1_71' title='bbox 1612 962 2004 1038; x_wconf 85' lang='lat' dir='ltr'>principium=</span> <span class='ocrx_word' id='word_1_72' title='bbox 2055 968 2183 1023; x_wconf 86' lang='lat' dir='ltr'>tum</span> 
     </span>
     <span class='ocr_line' id='line_1_10' title="bbox 220 1046 2181 1122; baseline -0.001 -14"><span class='ocrx_word' id='word_1_73' title='bbox 220 1063 292 1108; x_wconf 91' lang='lat' dir='ltr'>se</span> <span class='ocrx_word' id='word_1_74' title='bbox 313 1047 638 1121; x_wconf 78' lang='lat' dir='ltr'>insanisse,</span> <span class='ocrx_word' id='word_1_75' title='bbox 658 1056 780 1108; x_wconf 87' lang='lat' dir='ltr'>tum</span> <span class='ocrx_word' id='word_1_76' title='bbox 803 1047 1071 1121; x_wconf 87' lang='lat' dir='ltr'>hospitia</span> <span class='ocrx_word' id='word_1_77' title='bbox 1092 1046 1332 1121; x_wconf 87' lang='lat' dir='ltr'>privata</span> <span class='ocrx_word' id='word_1_78' title='bbox 1354 1052 1414 1105; x_wconf 90' lang='lat' dir='ltr'>et</span> <span class='ocrx_word' id='word_1_79' title='bbox 1436 1046 1683 1122; x_wconf 88' lang='lat' dir='ltr'>publica</span> <span class='ocrx_word' id='word_1_80' title='bbox 1704 1047 1956 1108; x_wconf 86' lang='lat' dir='ltr'>foedera</span> <span class='ocrx_word' id='word_1_81' title='bbox 1979 1046 2181 1107; x_wconf 87' lang='lat' dir='ltr'>omnia</span> 
     </span>
     <span class='ocr_line' id='line_1_11' title="bbox 220 1129 2181 1205; baseline 0 -14"><span class='ocrx_word' id='word_1_82' title='bbox 220 1146 300 1191; x_wconf 85' lang='lat' dir='ltr'>ex</span> <span class='ocrx_word' id='word_1_83' title='bbox 342 1132 544 1191; x_wconf 85' lang='lat' dir='ltr'>animo</span> <span class='ocrx_word' id='word_1_84' title='bbox 586 1131 877 1204; x_wconf 86' lang='lat' dir='ltr'>eiecisse,</span> <span class='ocrx_word' id='word_1_85' title='bbox 920 1146 1059 1192; x_wconf 89' lang='lat' dir='ltr'>cum</span> <span class='ocrx_word' id='word_1_86' title='bbox 1090 1129 1652 1205; x_wconf 81' lang='lat' dir='ltr'>carthaginiensem</span> <span class='ocrx_word' id='word_1_87' title='bbox 1693 1136 2029 1191; x_wconf 86' lang='lat' dir='ltr'>matronam</span> <span class='ocrx_word' id='word_1_88' title='bbox 2073 1130 2181 1191; x_wconf 82' lang='lat' dir='ltr'>do-</span> 
     </span>
     <span class='ocr_line' id='line_1_12' title="bbox 221 1212 2179 1290; baseline -0.001 -16"><span class='ocrx_word' id='word_1_89' title='bbox 221 1229 387 1274; x_wconf 88' lang='lat' dir='ltr'>mum</span> <span class='ocrx_word' id='word_1_90' title='bbox 428 1214 753 1289; x_wconf 85' lang='lat' dir='ltr'>acceperit.</span> <span class='ocrx_word' id='word_1_91' title='bbox 824 1214 944 1274; x_wconf 89' lang='lat' dir='ltr'>illis</span> <span class='ocrx_word' id='word_1_92' title='bbox 985 1212 1361 1290; x_wconf 85' lang='lat' dir='ltr'>nuptialibus</span> <span class='ocrx_word' id='word_1_93' title='bbox 1399 1214 1639 1275; x_wconf 76' lang='lat' dir='ltr'>facibus</span> <span class='ocrx_word' id='word_1_94' title='bbox 1687 1214 1920 1289; x_wconf 83' lang='lat' dir='ltr'>regiam</span> <span class='ocrx_word' id='word_1_95' title='bbox 1947 1213 2179 1273; x_wconf 78' lang='lat' dir='ltr'>confla-</span> 
     </span>
     <span class='ocr_line' id='line_1_13' title="bbox 220 1296 2182 1395; baseline -0.001 -36"><span class='ocrx_word' id='word_1_96' title='bbox 220 1313 440 1395; x_wconf 79' lang='lat' dir='ltr'>grasse</span> <span class='ocrx_word' id='word_1_97' title='bbox 452 1312 643 1371; x_wconf 88' lang='lat' dir='ltr'>suam,</span> <span class='ocrx_word' id='word_1_98' title='bbox 662 1297 825 1357; x_wconf 86' lang='lat' dir='ltr'>illam</span> <span class='ocrx_word' id='word_1_99' title='bbox 848 1298 1065 1359; x_wconf 85' lang='lat' dir='ltr'>furiam</span> <span class='ocrx_word' id='word_1_100' title='bbox 1086 1304 1447 1374; x_wconf 89' lang='lat' dir='ltr'>pestemque</span> <span class='ocrx_word' id='word_1_101' title='bbox 1461 1297 1745 1359; x_wconf 89' lang='lat' dir='ltr'>omnibus</span> <span class='ocrx_word' id='word_1_102' title='bbox 1761 1296 2182 1357; x_wconf 85' lang='lat' dir='ltr'>delenimentis</span> 
     </span>
     <span class='ocr_line' id='line_1_14' title="bbox 220 1382 2184 1465; baseline -0.001 -24"><span class='ocrx_word' id='word_1_103' title='bbox 220 1382 487 1443; x_wconf 89' lang='lat' dir='ltr'>animum</span> <span class='ocrx_word' id='word_1_104' title='bbox 514 1398 695 1465; x_wconf 90' lang='lat' dir='ltr'>suum</span> <span class='ocrx_word' id='word_1_105' title='bbox 722 1383 1023 1443; x_wconf 88' lang='lat' dir='ltr'>avertisse</span> <span class='ocrx_word' id='word_1_106' title='bbox 1052 1389 1235 1457; x_wconf 90' lang='lat' dir='ltr'>atque</span> <span class='ocrx_word' id='word_1_107' title='bbox 1263 1382 1600 1457; x_wconf 85' lang='lat' dir='ltr'>alienasse,</span> <span class='ocrx_word' id='word_1_108' title='bbox 1642 1398 1760 1443; x_wconf 88' lang='lat' dir='ltr'>nec</span> <span class='ocrx_word' id='word_1_109' title='bbox 1787 1382 2184 1456; x_wconf 89' lang='lat' dir='ltr'>conquiesse,</span> 
     </span>
     <span class='ocr_line' id='line_1_15' title="bbox 222 1459 2181 1542; baseline -0.001 -15"><span class='ocrx_word' id='word_1_110' title='bbox 222 1468 419 1527; x_wconf 76' lang='lat' dir='ltr'>donec</span> <span class='ocrx_word' id='word_1_111' title='bbox 458 1459 597 1542; x_wconf 82' lang='lat' dir='ltr'>ipsa</span> <span class='ocrx_word' id='word_1_112' title='bbox 624 1466 903 1527; x_wconf 87' lang='lat' dir='ltr'>manibus</span> <span class='ocrx_word' id='word_1_113' title='bbox 942 1467 1073 1527; x_wconf 90' lang='lat' dir='ltr'>suis</span> <span class='ocrx_word' id='word_1_114' title='bbox 1118 1465 1351 1526; x_wconf 87' lang='lat' dir='ltr'>nefaria</span> <span class='ocrx_word' id='word_1_115' title='bbox 1391 1465 1508 1527; x_wconf 89' lang='lat' dir='ltr'>sibi</span> <span class='ocrx_word' id='word_1_116' title='bbox 1543 1482 1712 1526; x_wconf 88' lang='lat' dir='ltr'>arma</span> <span class='ocrx_word' id='word_1_117' title='bbox 1740 1465 2040 1525; x_wconf 87' lang='lat' dir='ltr'>adversus</span> <span class='ocrx_word' id='word_1_118' title='bbox 2072 1464 2181 1525; x_wconf 87' lang='lat' dir='ltr'>ho·</span> 
     </span>
     <span class='ocr_line' id='line_1_16' title="bbox 221 1549 2181 1626; baseline -0.001 -16"><span class='ocrx_word' id='word_1_119' title='bbox 221 1551 441 1626; x_wconf 89' lang='lat' dir='ltr'>spitem</span> <span class='ocrx_word' id='word_1_120' title='bbox 471 1559 659 1625; x_wconf 90' lang='lat' dir='ltr'>atque</span> <span class='ocrx_word' id='word_1_121' title='bbox 689 1550 951 1611; x_wconf 89' lang='lat' dir='ltr'>amicum</span> <span class='ocrx_word' id='word_1_122' title='bbox 979 1550 1314 1611; x_wconf 87' lang='lat' dir='ltr'>induceret.</span> <span class='ocrx_word' id='word_1_123' title='bbox 1360 1549 1597 1626; x_wconf 89' lang='lat' dir='ltr'>perdito</span> <span class='ocrx_word' id='word_1_124' title='bbox 1626 1556 1829 1611; x_wconf 89' lang='lat' dir='ltr'>tamen</span> <span class='ocrx_word' id='word_1_125' title='bbox 1861 1555 2043 1625; x_wconf 88' lang='lat' dir='ltr'>atque</span> <span class='ocrx_word' id='word_1_126' title='bbox 2071 1550 2181 1609; x_wconf 88' lang='lat' dir='ltr'>ad-</span> 
     </span>
     <span class='ocr_line' id='line_1_17' title="bbox 221 1633 2181 1709; baseline -0.002 -15"><span class='ocrx_word' id='word_1_127' title='bbox 221 1634 387 1694; x_wconf 85' lang='lat' dir='ltr'>flicto</span> <span class='ocrx_word' id='word_1_128' title='bbox 427 1633 545 1693; x_wconf 88' lang='lat' dir='ltr'>sibi</span> <span class='ocrx_word' id='word_1_129' title='bbox 586 1633 705 1695; x_wconf 92' lang='lat' dir='ltr'>hoc</span> <span class='ocrx_word' id='word_1_130' title='bbox 745 1633 806 1693; x_wconf 90' lang='lat' dir='ltr'>in</span> <span class='ocrx_word' id='word_1_131' title='bbox 850 1634 1114 1695; x_wconf 87' lang='lat' dir='ltr'>miseriis</span> <span class='ocrx_word' id='word_1_132' title='bbox 1156 1633 1360 1695; x_wconf 85' lang='lat' dir='ltr'>solatii</span> <span class='ocrx_word' id='word_1_133' title='bbox 1401 1650 1576 1708; x_wconf 90' lang='lat' dir='ltr'>esse,</span> <span class='ocrx_word' id='word_1_134' title='bbox 1623 1633 1838 1709; x_wconf 89' lang='lat' dir='ltr'>quod</span> <span class='ocrx_word' id='word_1_135' title='bbox 1820 1650 1884 1693; x_wconf 88' lang='lat' dir='ltr'>1n</span> <span class='ocrx_word' id='word_1_136' title='bbox 1914 1633 2181 1694; x_wconf 89' lang='lat' dir='ltr'>omnium</span> 
     </span>
     <span class='ocr_line' id='line_1_18' title="bbox 222 1716 2180 1793; baseline -0.001 -16"><span class='ocrx_word' id='word_1_137' title='bbox 222 1718 533 1779; x_wconf 91' lang='lat' dir='ltr'>hominum</span> <span class='ocrx_word' id='word_1_138' title='bbox 581 1716 980 1778; x_wconf 89' lang='lat' dir='ltr'>inimicissimi</span> <span class='ocrx_word' id='word_1_139' title='bbox 1030 1717 1149 1777; x_wconf 88' lang='lat' dir='ltr'>sibi</span> <span class='ocrx_word' id='word_1_140' title='bbox 1198 1718 1447 1777; x_wconf 89' lang='lat' dir='ltr'>domum</span> <span class='ocrx_word' id='word_1_141' title='bbox 1490 1733 1564 1777; x_wconf 95' lang='lat' dir='ltr'>ac</span> <span class='ocrx_word' id='word_1_142' title='bbox 1614 1724 1874 1793; x_wconf 88' lang='lat' dir='ltr'>penates</span> <span class='ocrx_word' id='word_1_143' title='bbox 1921 1716 2180 1777; x_wconf 89' lang='lat' dir='ltr'>eandem</span> 
     </span>
     <span class='ocr_line' id='line_1_19' title="bbox 222 1800 2180 1877; baseline -0.001 -16"><span class='ocrx_word' id='word_1_144' title='bbox 222 1812 457 1876; x_wconf 83' lang='lat' dir='ltr'>pestem</span> <span class='ocrx_word' id='word_1_145' title='bbox 498 1816 573 1861; x_wconf 89' lang='lat' dir='ltr'>ac</span> <span class='ocrx_word' id='word_1_146' title='bbox 615 1801 833 1862; x_wconf 90' lang='lat' dir='ltr'>furiam</span> <span class='ocrx_word' id='word_1_147' title='bbox 871 1802 1170 1863; x_wconf 87' lang='lat' dir='ltr'>transisse</span> <span class='ocrx_word' id='word_1_148' title='bbox 1197 1800 1422 1861; x_wconf 84' lang='lat' dir='ltr'>videat.</span> <span class='ocrx_word' id='word_1_149' title='bbox 1494 1815 1698 1877; x_wconf 92' lang='lat' dir='ltr'>neque</span> <span class='ocrx_word' id='word_1_150' title='bbox 1726 1800 2180 1876; x_wconf 88' lang='lat' dir='ltr'>prudentiorem</span> 
     </span>
     <span class='ocr_line' id='line_1_20' title="bbox 222 1884 2183 1963; baseline -0.002 -16"><span class='ocrx_word' id='word_1_151' title='bbox 222 1901 425 1961; x_wconf 89' lang='lat' dir='ltr'>neque</span> <span class='ocrx_word' id='word_1_152' title='bbox 469 1887 947 1947; x_wconf 87' lang='lat' dir='ltr'>constantiorem</span> <span class='ocrx_word' id='word_1_153' title='bbox 986 1885 1382 1945; x_wconf 87' lang='lat' dir='ltr'>Masinissam</span> <span class='ocrx_word' id='word_1_154' title='bbox 1423 1900 1607 1961; x_wconf 87' lang='lat' dir='ltr'>quam</span> <span class='ocrx_word' id='word_1_155' title='bbox 1636 1884 1987 1963; x_wconf 82' lang='lat' dir='ltr'>Syphacem</span> <span class='ocrx_word' id='word_1_156' title='bbox 2019 1899 2183 1959; x_wconf 90' lang='lat' dir='ltr'>esse,</span> 
     </span>
     <span class='ocr_line' id='line_1_21' title="bbox 219 1968 2180 2044; baseline -0.001 -14"><span class='ocrx_word' id='word_1_157' title='bbox 219 1970 403 2030; x_wconf 87' lang='lat' dir='ltr'>etiam</span> <span class='ocrx_word' id='word_1_158' title='bbox 443 1970 692 2031; x_wconf 87' lang='lat' dir='ltr'>iuventa</span> <span class='ocrx_word' id='word_1_159' title='bbox 732 1969 1159 2032; x_wconf 85' lang='lat' dir='ltr'>incautiorem=</span> <span class='ocrx_word' id='word_1_160' title='bbox 1204 1976 1370 2029; x_wconf 90' lang='lat' dir='ltr'>certe</span> <span class='ocrx_word' id='word_1_161' title='bbox 1411 1969 1654 2031; x_wconf 90' lang='lat' dir='ltr'>stultius</span> <span class='ocrx_word' id='word_1_162' title='bbox 1681 1968 1850 2029; x_wconf 88' lang='lat' dir='ltr'>illum</span> <span class='ocrx_word' id='word_1_163' title='bbox 1876 1975 2064 2044; x_wconf 89' lang='lat' dir='ltr'>atque</span> <span class='ocrx_word' id='word_1_164' title='bbox 2091 1968 2180 2028; x_wconf 92' lang='lat' dir='ltr'>in·</span> 
     </span>
     <span class='ocr_line' id='line_1_22' title="bbox 219 2052 2179 2131; baseline -0.001 -17"><span class='ocrx_word' id='word_1_165' title='bbox 219 2055 658 2129; x_wconf 84' lang='lat' dir='ltr'>temperantius</span> <span class='ocrx_word' id='word_1_166' title='bbox 702 2069 838 2115; x_wconf 90' lang='lat' dir='ltr'>eam</span> <span class='ocrx_word' id='word_1_167' title='bbox 868 2071 1049 2131; x_wconf 90' lang='lat' dir='ltr'>quam</span> <span class='ocrx_word' id='word_1_168' title='bbox 1081 2070 1151 2116; x_wconf 91' lang='lat' dir='ltr'>se</span> <span class='ocrx_word' id='word_1_169' title='bbox 1180 2053 1457 2115; x_wconf 87' lang='lat' dir='ltr'>duxisse.</span> <span class='ocrx_word' id='word_1_170' title='bbox 1525 2053 1686 2115; x_wconf 83' lang='lat' dir='ltr'>xlv.</span> <span class='ocrx_word' id='word_1_171' title='bbox 1731 2052 1887 2113; x_wconf 89' lang='lat' dir='ltr'>haec</span> <span class='ocrx_word' id='word_1_172' title='bbox 1916 2069 2039 2113; x_wconf 90' lang='lat' dir='ltr'>non</span> <span class='ocrx_word' id='word_1_173' title='bbox 2069 2053 2179 2113; x_wconf 92' lang='lat' dir='ltr'>ho·</span> 
     </span>
     <span class='ocr_line' id='line_1_23' title="bbox 221 2137 2182 2213; baseline -0.001 -15"><span class='ocrx_word' id='word_1_174' title='bbox 221 2137 343 2198; x_wconf 87' lang='lat' dir='ltr'>stili</span> <span class='ocrx_word' id='word_1_175' title='bbox 383 2139 567 2200; x_wconf 90' lang='lat' dir='ltr'>modo</span> <span class='ocrx_word' id='word_1_176' title='bbox 598 2139 741 2199; x_wconf 90' lang='lat' dir='ltr'>odio</span> <span class='ocrx_word' id='word_1_177' title='bbox 774 2140 888 2199; x_wconf 91' lang='lat' dir='ltr'>sed</span> <span class='ocrx_word' id='word_1_178' title='bbox 918 2138 1145 2200; x_wconf 88' lang='lat' dir='ltr'>amoris</span> <span class='ocrx_word' id='word_1_179' title='bbox 1187 2138 1370 2199; x_wconf 88' lang='lat' dir='ltr'>etiam</span> <span class='ocrx_word' id='word_1_180' title='bbox 1400 2137 1691 2212; x_wconf 78' lang='lat' dir='ltr'>stimuliS,</span> <span class='ocrx_word' id='word_1_181' title='bbox 1721 2144 1983 2199; x_wconf 88' lang='lat' dir='ltr'>amatam</span> <span class='ocrx_word' id='word_1_182' title='bbox 2013 2137 2182 2213; x_wconf 89' lang='lat' dir='ltr'>apud</span> 
     </span>
     <span class='ocr_line' id='line_1_24' title="bbox 218 2221 2178 2294; baseline 0 -15"><span class='ocrx_word' id='word_1_183' title='bbox 218 2223 523 2282; x_wconf 88' lang='lat' dir='ltr'>aemulum</span> <span class='ocrx_word' id='word_1_184' title='bbox 564 2236 853 2294; x_wconf 87' lang='lat' dir='ltr'>cernens,</span> <span class='ocrx_word' id='word_1_185' title='bbox 899 2238 1038 2283; x_wconf 87' lang='lat' dir='ltr'>cum</span> <span class='ocrx_word' id='word_1_186' title='bbox 1068 2222 1358 2293; x_wconf 89' lang='lat' dir='ltr'>dixisset,</span> <span class='ocrx_word' id='word_1_187' title='bbox 1387 2237 1514 2282; x_wconf 89' lang='lat' dir='ltr'>non</span> <span class='ocrx_word' id='word_1_188' title='bbox 1543 2222 1840 2282; x_wconf 89' lang='lat' dir='ltr'>mediocri</span> <span class='ocrx_word' id='word_1_189' title='bbox 1869 2237 2017 2282; x_wconf 90' lang='lat' dir='ltr'>cura</span> <span class='ocrx_word' id='word_1_190' title='bbox 2049 2221 2178 2280; x_wconf 90' lang='lat' dir='ltr'>Sci-</span> 
     </span>
     <span class='ocr_line' id='line_1_25' title="bbox 218 2304 2182 2380; baseline 0 -17"><span class='ocrx_word' id='word_1_191' title='bbox 218 2304 423 2379; x_wconf 90' lang='lat' dir='ltr'>pionis</span> <span class='ocrx_word' id='word_1_192' title='bbox 450 2304 714 2364; x_wconf 88' lang='lat' dir='ltr'>animum</span> <span class='ocrx_word' id='word_1_193' title='bbox 745 2304 999 2380; x_wconf 87' lang='lat' dir='ltr'>pepulit.</span> <span class='ocrx_word' id='word_1_194' title='bbox 1055 2312 1117 2364; x_wconf 90' lang='lat' dir='ltr'>et</span> <span class='ocrx_word' id='word_1_195' title='bbox 1142 2304 1328 2363; x_wconf 83' lang='lat' dir='ltr'>fidem</span> <span class='ocrx_word' id='word_1_196' title='bbox 1357 2304 1711 2365; x_wconf 89' lang='lat' dir='ltr'>criminibus</span> <span class='ocrx_word' id='word_1_197' title='bbox 1740 2309 1954 2380; x_wconf 88' lang='lat' dir='ltr'>raptae</span> <span class='ocrx_word' id='word_1_198' title='bbox 1985 2320 2182 2379; x_wconf 89' lang='lat' dir='ltr'>prope</span> 
     </span>
     <span class='ocr_line' id='line_1_26' title="bbox 218 2387 2178 2464; baseline 0 -17"><span class='ocrx_word' id='word_1_199' title='bbox 218 2387 375 2447; x_wconf 88' lang='lat' dir='ltr'>inter</span> <span class='ocrx_word' id='word_1_200' title='bbox 400 2404 572 2447; x_wconf 88' lang='lat' dir='ltr'>arma</span> <span class='ocrx_word' id='word_1_201' title='bbox 598 2388 847 2462; x_wconf 87' lang='lat' dir='ltr'>nuptiae</span> <span class='ocrx_word' id='word_1_202' title='bbox 874 2403 1077 2464; x_wconf 87' lang='lat' dir='ltr'>neque</span> <span class='ocrx_word' id='word_1_203' title='bbox 1106 2388 1388 2448; x_wconf 84' lang='lat' dir='ltr'>consulto</span> <span class='ocrx_word' id='word_1_204' title='bbox 1411 2402 1616 2463; x_wconf 90' lang='lat' dir='ltr'>neque</span> <span class='ocrx_word' id='word_1_205' title='bbox 1643 2395 2004 2463; x_wconf 84' lang='lat' dir='ltr'>exspectato</span> <span class='ocrx_word' id='word_1_206' title='bbox 2031 2389 2178 2447; x_wconf 88' lang='lat' dir='ltr'>Lae-</span> 
     </span>
     <span class='ocr_line' id='line_1_27' title="bbox 218 2471 2182 2547; baseline 0 -16"><span class='ocrx_word' id='word_1_207' title='bbox 218 2472 300 2532; x_wconf 78' lang='lat' dir='ltr'>lio</span> <span class='ocrx_word' id='word_1_208' title='bbox 354 2472 683 2545; x_wconf 86' lang='lat' dir='ltr'>faciebant,</span> <span class='ocrx_word' id='word_1_209' title='bbox 732 2479 999 2546; x_wconf 54' lang='lat' dir='ltr'>tamque,</span> <span class='ocrx_word' id='word_1_210' title='bbox 1031 2486 1338 2547; x_wconf 85' lang='lat' dir='ltr'>praeceps</span> <span class='ocrx_word' id='word_1_211' title='bbox 1391 2471 1731 2545; x_wconf 83' lang='lat' dir='ltr'>festinatio,</span> <span class='ocrx_word' id='word_1_212' title='bbox 1787 2478 1854 2532; x_wconf 87' lang='lat' dir='ltr'>ut</span> <span class='ocrx_word' id='word_1_213' title='bbox 1905 2488 2026 2547; x_wconf 90' lang='lat' dir='ltr'>quo</span> <span class='ocrx_word' id='word_1_214' title='bbox 2081 2472 2182 2531; x_wconf 90' lang='lat' dir='ltr'>die</span> 
     </span>
     <span class='ocr_line' id='line_1_28' title="bbox 218 2554 2179 2630; baseline 0.001 -16"><span class='ocrx_word' id='word_1_215' title='bbox 218 2563 459 2629; x_wconf 85' lang='lat' dir='ltr'>captam</span> <span class='ocrx_word' id='word_1_216' title='bbox 488 2555 727 2615; x_wconf 80' lang='lat' dir='ltr'>hostem</span> <span class='ocrx_word' id='word_1_217' title='bbox 752 2556 1029 2630; x_wconf 90' lang='lat' dir='ltr'>vidisset,</span> <span class='ocrx_word' id='word_1_218' title='bbox 1060 2554 1279 2616; x_wconf 88' lang='lat' dir='ltr'>codem</span> <span class='ocrx_word' id='word_1_219' title='bbox 1310 2554 1693 2617; x_wconf 88' lang='lat' dir='ltr'>matrimonio</span> <span class='ocrx_word' id='word_1_220' title='bbox 1724 2556 1989 2615; x_wconf 86' lang='lat' dir='ltr'>iunctam</span> <span class='ocrx_word' id='word_1_221' title='bbox 2021 2556 2179 2615; x_wconf 88' lang='lat' dir='ltr'>acci-</span> 
     </span>
     <span class='ocr_line' id='line_1_29' title="bbox 215 2638 2177 2715; baseline -0.001 -17"><span class='ocrx_word' id='word_1_222' title='bbox 215 2646 390 2715; x_wconf 89' lang='lat' dir='ltr'>peret</span> <span class='ocrx_word' id='word_1_223' title='bbox 418 2646 477 2698; x_wconf 91' lang='lat' dir='ltr'>et</span> <span class='ocrx_word' id='word_1_224' title='bbox 504 2639 582 2698; x_wconf 91' lang='lat' dir='ltr'>ad</span> <span class='ocrx_word' id='word_1_225' title='bbox 614 2646 869 2715; x_wconf 88' lang='lat' dir='ltr'>penates</span> <span class='ocrx_word' id='word_1_226' title='bbox 899 2639 1097 2700; x_wconf 88' lang='lat' dir='ltr'>hostis</span> <span class='ocrx_word' id='word_1_227' title='bbox 1128 2638 1224 2701; x_wconf 90' lang='lat' dir='ltr'>sui</span> <span class='ocrx_word' id='word_1_228' title='bbox 1252 2639 1528 2715; x_wconf 88' lang='lat' dir='ltr'>nuptiale</span> <span class='ocrx_word' id='word_1_229' title='bbox 1557 2655 1802 2701; x_wconf 89' lang='lat' dir='ltr'>sacrum</span> <span class='ocrx_word' id='word_1_230' title='bbox 1828 2638 2177 2700; x_wconf 86' lang='lat' dir='ltr'>conficeret.</span> 
     </span>
     <span class='ocr_line' id='line_1_30' title="bbox 216 2722 2178 2799; baseline -0.001 -16"><span class='ocrx_word' id='word_1_231' title='bbox 216 2739 291 2783; x_wconf 93' lang='lat' dir='ltr'>eo</span> <span class='ocrx_word' id='word_1_232' title='bbox 335 2723 615 2783; x_wconf 85' lang='lat' dir='ltr'>foediora</span> <span class='ocrx_word' id='word_1_233' title='bbox 661 2722 816 2783; x_wconf 91' lang='lat' dir='ltr'>haec</span> <span class='ocrx_word' id='word_1_234' title='bbox 866 2723 1227 2783; x_wconf 80' lang='lat' dir='ltr'>videbantur</span> <span class='ocrx_word' id='word_1_235' title='bbox 1279 2722 1584 2799; x_wconf 88' lang='lat' dir='ltr'>Scipioni,</span> <span class='ocrx_word' id='word_1_236' title='bbox 1639 2725 1810 2798; x_wconf 90' lang='lat' dir='ltr'>quod</span> <span class='ocrx_word' id='word_1_237' title='bbox 1860 2722 2064 2798; x_wconf 86' lang='lat' dir='ltr'>ipsum</span> <span class='ocrx_word' id='word_1_238' title='bbox 2115 2723 2178 2783; x_wconf 89' lang='lat' dir='ltr'>in</span> 
     </span>
     <span class='ocr_line' id='line_1_31' title="bbox 204 2806 2180 2884; baseline -0.001 -17"><span class='ocrx_word' id='word_1_239' title='bbox 204 2807 514 2882; x_wconf 75' lang='lat' dir='ltr'>‘Hispania</span> <span class='ocrx_word' id='word_1_240' title='bbox 542 2806 821 2867; x_wconf 90' lang='lat' dir='ltr'>iuvenem</span> <span class='ocrx_word' id='word_1_241' title='bbox 852 2807 1078 2868; x_wconf 88' lang='lat' dir='ltr'>nullius</span> <span class='ocrx_word' id='word_1_242' title='bbox 1111 2809 1308 2868; x_wconf 89' lang='lat' dir='ltr'>forma</span> <span class='ocrx_word' id='word_1_243' title='bbox 1337 2808 1659 2883; x_wconf 88' lang='lat' dir='ltr'>pepulerat</span> <span class='ocrx_word' id='word_1_244' title='bbox 1685 2807 1984 2884; x_wconf 87' lang='lat' dir='ltr'>captivae.</span> <span class='ocrx_word' id='word_1_245' title='bbox 2024 2806 2180 2866; x_wconf 89' lang='lat' dir='ltr'>haee</span> 
     </span>
     <span class='ocr_line' id='line_1_32' title="bbox 214 2890 2174 2973; baseline -0.001 -22"><span class='ocrx_word' id='word_1_246' title='bbox 214 2906 425 2952; x_wconf 87' lang='lat' dir='ltr'>secum</span> <span class='ocrx_word' id='word_1_247' title='bbox 481 2892 773 2953; x_wconf 87' lang='lat' dir='ltr'>volutanti</span> <span class='ocrx_word' id='word_1_248' title='bbox 827 2890 1069 2952; x_wconf 88' lang='lat' dir='ltr'>Laelius</span> <span class='ocrx_word' id='word_1_249' title='bbox 1126 2906 1200 2952; x_wconf 91' lang='lat' dir='ltr'>ac</span> <span class='ocrx_word' id='word_1_250' title='bbox 1254 2891 1588 2973; x_wconf 88' lang='lat' dir='ltr'>Masinissa</span> <span class='ocrx_word' id='word_1_251' title='bbox 1649 2896 2174 2967; x_wconf 77' lang='lat' dir='ltr'>supervenerunt3</span> 
     </span>
     <span class='ocr_line' id='line_1_33' title="bbox 216 2972 2178 3052; baseline -0.001 -17"><span class='ocrx_word' id='word_1_252' title='bbox 216 2991 377 3049; x_wconf 89' lang='lat' dir='ltr'>quos</span> <span class='ocrx_word' id='word_1_253' title='bbox 429 2990 565 3036; x_wconf 88' lang='lat' dir='ltr'>cum</span> <span class='ocrx_word' id='word_1_254' title='bbox 606 2975 833 3052; x_wconf 89' lang='lat' dir='ltr'>pariter</span> <span class='ocrx_word' id='word_1_255' title='bbox 882 2972 1061 3035; x_wconf 88' lang='lat' dir='ltr'>ambo</span> <span class='ocrx_word' id='word_1_256' title='bbox 1105 2981 1165 3035; x_wconf 86' lang='lat' dir='ltr'>ct</span> <span class='ocrx_word' id='word_1_257' title='bbox 1205 2975 1472 3051; x_wconf 81' lang='lat' dir='ltr'>benigno</span> <span class='ocrx_word' id='word_1_258' title='bbox 1511 2976 1682 3036; x_wconf 84' lang='lat' dir='ltr'>vultu</span> <span class='ocrx_word' id='word_1_259' title='bbox 1724 2975 2078 3050; x_wconf 86' lang='lat' dir='ltr'>excepisset</span> <span class='ocrx_word' id='word_1_260' title='bbox 2118 2979 2178 3033; x_wconf 89' lang='lat' dir='ltr'>et</span> 
     </span>
     <span class='ocr_line' id='line_1_34' title="bbox 215 3058 2176 3135; baseline 0.001 -19"><span class='ocrx_word' id='word_1_261' title='bbox 215 3058 481 3131; x_wconf 76' lang='lat' dir='ltr'>egregiis</span> <span class='ocrx_word' id='word_1_262' title='bbox 522 3059 807 3121; x_wconf 88' lang='lat' dir='ltr'>laudibus</span> <span class='ocrx_word' id='word_1_263' title='bbox 850 3058 1152 3133; x_wconf 80' lang='lat' dir='ltr'>frequenti</span> <span class='ocrx_word' id='word_1_264' title='bbox 1193 3058 1505 3135; x_wconf 84' lang='lat' dir='ltr'>praetorio</span> <span class='ocrx_word' id='word_1_265' title='bbox 1535 3059 1942 3132; x_wconf 88' lang='lat' dir='ltr'>celebrasset,</span> <span class='ocrx_word' id='word_1_266' title='bbox 1985 3058 2176 3118; x_wconf 91' lang='lat' dir='ltr'>abdu-</span> 
     </span>
     <span class='ocr_line' id='line_1_35' title="bbox 216 3142 2178 3218; baseline 0 -17"><span class='ocrx_word' id='word_1_267' title='bbox 216 3150 377 3201; x_wconf 85' lang='lat' dir='ltr'>ctum</span> <span class='ocrx_word' id='word_1_268' title='bbox 414 3142 475 3201; x_wconf 87' lang='lat' dir='ltr'>in</span> <span class='ocrx_word' id='word_1_269' title='bbox 520 3152 823 3205; x_wconf 85' lang='lat' dir='ltr'>secretum</span> <span class='ocrx_word' id='word_1_270' title='bbox 849 3142 1243 3203; x_wconf 86' lang='lat' dir='ltr'>Masinissam</span> <span class='ocrx_word' id='word_1_271' title='bbox 1288 3143 1379 3203; x_wconf 86' lang='lat' dir='ltr'>sic</span> <span class='ocrx_word' id='word_1_272' title='bbox 1419 3142 1800 3218; x_wconf 71' lang='lat' dir='ltr'>adloquitun</span> <span class='ocrx_word' id='word_1_273' title='bbox 1841 3142 2090 3218; x_wconf 85' lang='lat' dir='ltr'>„aliqua</span> <span class='ocrx_word' id='word_1_274' title='bbox 2117 3146 2178 3201; x_wconf 88' lang='lat' dir='ltr'>te</span> 
     </span>
     <span class='ocr_line' id='line_1_36' title="bbox 214 3222 2175 3302; baseline 0 -19"><span class='ocrx_word' id='word_1_275' title='bbox 214 3222 517 3300; x_wconf 86' lang='lat' dir='ltr'>existimo,</span> <span class='ocrx_word' id='word_1_276' title='bbox 545 3225 893 3301; x_wconf 85' lang='lat' dir='ltr'>Masinissa,</span> <span class='ocrx_word' id='word_1_277' title='bbox 923 3227 1255 3287; x_wconf 85' lang='lat' dir='ltr'>intuentem</span> <span class='ocrx_word' id='word_1_278' title='bbox 1285 3226 1346 3285; x_wconf 87' lang='lat' dir='ltr'>in</span> <span class='ocrx_word' id='word_1_279' title='bbox 1378 3242 1477 3286; x_wconf 90' lang='lat' dir='ltr'>me</span> <span class='ocrx_word' id='word_1_280' title='bbox 1506 3227 1674 3288; x_wconf 88' lang='lat' dir='ltr'>bona</span> <span class='ocrx_word' id='word_1_281' title='bbox 1701 3232 1763 3287; x_wconf 89' lang='lat' dir='ltr'>et</span> <span class='ocrx_word' id='word_1_282' title='bbox 1788 3225 2090 3302; x_wconf 89' lang='lat' dir='ltr'>principio</span> <span class='ocrx_word' id='word_1_283' title='bbox 2115 3226 2175 3284; x_wconf 88' lang='lat' dir='ltr'>in</span> 
     </span>
     <span class='ocr_line' id='line_1_37' title="bbox 211 3307 2179 3387; baseline 0.001 -20"><span class='ocrx_word' id='word_1_284' title='bbox 211 3307 515 3383; x_wconf 88' lang='lat' dir='ltr'>Hispania</span> <span class='ocrx_word' id='word_1_285' title='bbox 566 3311 647 3370; x_wconf 88' lang='lat' dir='ltr'>ad</span> <span class='ocrx_word' id='word_1_286' title='bbox 694 3312 1062 3387; x_wconf 79' lang='lat' dir='ltr'>iungendam</span> <span class='ocrx_word' id='word_1_287' title='bbox 1125 3324 1366 3371; x_wconf 82' lang='lat' dir='ltr'>mecum</span> <span class='ocrx_word' id='word_1_288' title='bbox 1414 3308 1739 3370; x_wconf 87' lang='lat' dir='ltr'>amicitiam</span> <span class='ocrx_word' id='word_1_289' title='bbox 1787 3309 2067 3382; x_wconf 88' lang='lat' dir='ltr'>venisse,</span> <span class='ocrx_word' id='word_1_290' title='bbox 2117 3317 2179 3369; x_wconf 88' lang='lat' dir='ltr'>et</span> 
     </span>
    </p>
   </div>
   <div class='ocr_carea' id='block_1_3' title="bbox 90 3392 2177 3471">
    <p class='ocr_par' dir='ltr' id='par_1_3' title="bbox 90 3392 2177 3471">
     <span class='ocr_line' id='line_1_38' title="bbox 90 3392 2177 3471; baseline 0.002 -24"><span class='ocrx_word' id='word_1_291' title='bbox 90 3438 108 3447; x_wconf 86' lang='lat'>-</span> <span class='ocrx_word' id='word_1_292' title='bbox 212 3400 435 3467; x_wconf 83' lang='lat' dir='ltr'>postea</span> <span class='ocrx_word' id='word_1_293' title='bbox 473 3392 534 3452; x_wconf 91' lang='lat' dir='ltr'>in</span> <span class='ocrx_word' id='word_1_294' title='bbox 563 3393 772 3455; x_wconf 88' lang='lat' dir='ltr'>Africa</span> <span class='ocrx_word' id='word_1_295' title='bbox 818 3402 878 3455; x_wconf 89' lang='lat' dir='ltr'>te</span> <span class='ocrx_word' id='word_1_296' title='bbox 907 3395 1110 3471; x_wconf 88' lang='lat' dir='ltr'>ipsum</span> <span class='ocrx_word' id='word_1_297' title='bbox 1151 3410 1429 3471; x_wconf 87' lang='lat' dir='ltr'>spesque</span> <span class='ocrx_word' id='word_1_298' title='bbox 1471 3408 1688 3455; x_wconf 88' lang='lat' dir='ltr'>omnes</span> <span class='ocrx_word' id='word_1_299' title='bbox 1727 3398 1866 3454; x_wconf 88' lang='lat' dir='ltr'>tuas</span> <span class='ocrx_word' id='word_1_300' title='bbox 1900 3392 1960 3452; x_wconf 94' lang='lat' dir='ltr'>in</span> <span class='ocrx_word' id='word_1_301' title='bbox 1992 3393 2177 3453; x_wconf 86' lang='lat' dir='ltr'>fidem</span> 
     </span>
    </p>
   </div>
   <div class='ocr_carea' id='block_1_4' title="bbox 209 3476 2177 3555">
    <p class='ocr_par' dir='ltr' id='par_1_4' title="bbox 209 3476 2177 3555">
     <span class='ocr_line' id='line_1_39' title="bbox 209 3476 2177 3555; baseline -0.001 -19"><span class='ocrx_word' id='word_1_302' title='bbox 209 3492 409 3537; x_wconf 88' lang='lat' dir='ltr'>meam</span> <span class='ocrx_word' id='word_1_303' title='bbox 452 3476 856 3539; x_wconf 90' lang='lat' dir='ltr'>commisisse.</span> <span class='ocrx_word' id='word_1_304' title='bbox 930 3478 1099 3555; x_wconf 86' lang='lat' dir='ltr'>atqui</span> <span class='ocrx_word' id='word_1_305' title='bbox 1140 3481 1309 3540; x_wconf 88' lang='lat' dir='ltr'>nulla</span> <span class='ocrx_word' id='word_1_306' title='bbox 1336 3494 1544 3539; x_wconf 89' lang='lat' dir='ltr'>earum</span> <span class='ocrx_word' id='word_1_307' title='bbox 1572 3478 1767 3541; x_wconf 84' lang='lat' dir='ltr'>virtus</span> <span class='ocrx_word' id='word_1_308' title='bbox 1797 3484 1892 3538; x_wconf 90' lang='lat' dir='ltr'>est</span> <span class='ocrx_word' id='word_1_309' title='bbox 1920 3484 2177 3553; x_wconf 81' lang='lat' dir='ltr'>propter</span> 
     </span>
    </p>
   </div>
  </div>
 </body>
</html>
