2550 3959
298 171 427 236 184
578 173 807 234 LIBER
836 172 1077 231 XXVll.
1124 171 1290 230 CAP.
1325 179 1407 233 18.
1441 177 1526 230 19.
1571 177 1642 243 [a.
1667 174 1735 226 U.
1767 193 1814 226 c.
1840 173 1964 240 543]

296 332 364 387 ut
392 325 507 388 sub
539 324 723 386 ictum'
763 332 1089 398 venerunt,
1136 325 1393 384 telorum
1424 324 1618 398 primo
1665 323 1862 384 omnis
1893 323 2136 398 generis
2166 325 2270 384 vis

296 410 513 486 ingens
554 407 755 470 effusa
797 408 855 466 in
902 423 1011 468 eos
1054 415 1179 477 est3
1231 407 1353 483 ipsi
1395 416 1606 467 contra
1647 423 1830 480 saxa,
1883 423 2043 483 quae
2083 407 2272 468 locus

298 501 485 554 strata
508 493 759 568 passim,
786 491 990 554 omnia
1013 492 1201 550 ferme
1222 491 1495 566 missilia,
1523 491 2112 567 praebeningerere,
2140 507 2268 551 non

298 573 759 644 militessolum
789 575 901 634 sed
943 575 1123 634 etiam
1153 575 1330 634 turba
1361 576 1642 634 calonum
1679 574 1952 634 immixta
1993 575 2270 635 armatiS.

300 668 569 722 ceterum
600 674 969 735 quamquam
1012 674 1312 718 ascensus
1346 658 1612 718 difficilis
1645 665 1792 734 erat,
1837 665 1896 718 et
1925 674 2122 734 prope
2153 659 2264 718 ob·

297 744 629 805 ruebantur
656 742 793 802 telis
824 743 1149 818 saxisque,
1194 742 1603 802 adsuetudine
1645 749 1844 802 tamen
1887 741 2272 802 succedendi

297 843 507 888 muros
538 833 598 886 et
624 825 958 901 pertinacia
1000 826 1182 884 animi
1214 826 1530 886 subierunt
1558 825 1752 901 primi.
1822 825 1925 900 qui
1955 827 2134 886 simul
2163 841 2265 886 cc·

299 927 445 988 pere
474 908 704 986 aliquid
734 909 917 983 aequi
947 911 1083 982 loci,
1128 909 1233 969 ubi
1262 911 1439 970 firmo
1475 909 1879 970 consisterent
1905 911 2130 986 gradu,
2175 912 2262 969 le-

298 1010 433 1054 vem
457 1001 516 1054 et
538 1000 1033 1054 concursatorem
1057 993 1296 1054 hostem
1329 1001 1510 1068 atque
1539 993 1858 1054 intervallo
1889 999 2094 1068 tutum,
2126 1009 2270 1054 cum

298 1079 513 1154 procul
544 1076 877 1138 missilibus
913 1093 1121 1152 pugna
1162 1076 1455 1152 eluditur,
1501 1077 1846 1138 instabilem
1889 1076 2152 1138 eundem
2182 1079 2265 1140 ad

298 1163 635 1223 comminus
680 1161 1099 1222 conserendas
1131 1177 1380 1234 manus,
1426 1163 1792 1237 expulerunt
1819 1163 1988 1236 loco,
2036 1170 2268 1222 etcum

298 1247 489 1306 caede
519 1262 741 1322 magna
770 1245 831 1304 in
862 1246 1055 1304 aciem
1085 1245 1301 1306 altiore
1331 1251 1782 1321 superstantem
1811 1247 2038 1306 tumulo
2070 1247 2236 1320 impe

296 1335 459 1406 gere.
512 1330 656 1390 inde
686 1329 895 1406 Scipio
927 1329 1114 1388 iussis
1145 1330 1448 1390 adversus
1477 1330 1742 1390 mediam
1772 1329 2038 1390 evadere
2068 1328 2270 1390 aciem

294 1414 630 1475 victoribus
674 1419 911 1474 ceteras
944 1413 1157 1489 copias
1190 1430 1328 1474 cum
1353 1413 1562 1474 Laelio
1609 1413 1850 1486 dividit,
1897 1419 2080 1487 atque
2124 1429 2260 1476 eum

294 1504 467 1574 parte
499 1498 715 1558 dextra
741 1497 952 1557 tumuli
996 1496 1344 1568 circumire,
1393 1496 1592 1557 donec
1619 1493 1917 1558 mollioris
1961 1513 2269 1557 ascensus

295 1582 455 1640 viam
496 1581 822 1654 inveniret,
868 1578 1060 1642 iubet:
1106 1581 1243 1656 ipse
1285 1579 1361 1640 ab
1390 1581 1570 1641 laeva
1599 1581 1913 1642 circumitu
1941 1580 2107 1641 haud
2137 1597 2259 1640 ma-

293 1679 416 1740 gno
454 1665 515 1724 in
558 1671 946 1725 transversos
990 1665 1202 1725 hostes
1246 1664 1516 1724 incurrit.
1601 1665 1746 1725 inde
1785 1666 1981 1738 primo
2025 1663 2268 1723 turbata

294 1748 460 1808 acies
492 1755 603 1820 est,
637 1747 779 1808 dum
808 1748 889 1806 ad
920 1749 1466 1806 circumsonantem
1497 1746 1770 1821 undique
1802 1746 2129 1806 clamorem
2152 1743 2264 1804 sse-

295 1837 459 1891 ctere
488 1847 720 1892 cornua
750 1837 810 1891 et
845 1829 1166 1891 obvertere
1198 1830 1445 1889 ordines
1476 1829 1709 1889 volunt.
1767 1828 1886 1889 hoc
1922 1830 2174 1890 tumultu
2207 1836 2268 1889 et

293 1915 535 1976 Laelius
580 1913 794 1986 subiit;
840 1921 900 1974 et
931 1914 1073 1974 dum
1104 1914 1326 1988 pedem
1353 1913 1651 1986 referunt,
1696 1927 1775 1972 nc
1817 1911 1894 1972 ab
1927 1919 2096 1987 tergo
2129 1913 2266 1972 vul-

293 2006 665 2073 nerarentur,
695 1999 901 2058 laxata
922 1997 1117 2072 prima
1146 1997 1314 2056 acies
1346 1997 1647 2072 locusque
1676 1995 1757 2056 ad
1787 1997 2173 2058 evadendum
2205 2003 2269 2058 et

293 2081 511 2142 mediis
555 2081 734 2142 datus
778 2088 901 2154 est,
951 2081 1055 2155 qui
1100 2096 1209 2156 per
1249 2087 1369 2140 tam
1412 2080 1688 2155 iniquum
1717 2081 1919 2142 locum
1960 2079 2269 2142 stantibus

294 2166 543 2240 integris
590 2165 905 2226 ordinibus
952 2165 1418 2240 elephantisque
1461 2171 1602 2225 ante
1632 2163 1807 2240 signa
1835 2163 2052 2225 locatis
2088 2181 2266 2225 num-

296 2267 476 2324 quam
509 2248 875 2310 evasisscnt.
943 2265 1080 2308 cum
1114 2249 1189 2308 ab
1222 2249 1387 2308 omni
1418 2256 1592 2325 parte
1623 2247 1848 2309 caedes
1880 2249 2086 2322 fieret,
2131 2247 2266 2309 Sci-

294 2335 417 2409 pio,
465 2333 569 2408 qui
601 2333 780 2393 laevo
814 2349 1005 2393 cornu
1035 2333 1093 2392 in
1128 2329 1866 2406 dextrum'incucurrerat‚
1909 2332 2172 2392 maxime
2203 2332 2268 2392 in

292 2417 457 2478 nuda
499 2419 688 2477 latera
729 2417 997 2478 hostium
1038 2415 1370 2492 pugnabat.
1439 2424 1500 2478 et
1527 2417 1648 2476 iam
1677 2432 1755 2476 ne
1785 2417 1969 2492 fugae
2012 2417 2268 2492 quidem

294 2502 545 2578 patebat
572 2502 763 2564 locus.
812 2508 873 2562 et
900 2499 1197 2562 stationes
1228 2501 1528 2576 utrimque
1548 2502 1864 2561 Romanae
1893 2501 2109 2560 dextra
2139 2501 2263 2560 lae-

293 2601 496 2660 vaque
541 2585 892 2645 insederant
933 2585 1097 2659 viaS,
1144 2591 1203 2644 et
1232 2592 1410 2660 porta
1453 2593 1791 2648 castrorum
1821 2584 1997 2645 ducis
2043 2585 2266 2661 princi-

292 2685 559 2744 pumque
590 2670 734 2744 fuga
764 2671 973 2728 clausa
1014 2675 1173 2741 erat,
1218 2668 1428 2728 addita
1459 2667 1864 2745 trepidatione
1907 2669 2263 2744 elephanto·

291 2769 452 2828 rum,
500 2768 660 2828 quos
706 2753 946 2813 territos
988 2767 1189 2826 aeque
1233 2759 1416 2826 atque
1443 2752 1658 2815 hostes
1698 2753 2008 2814 timebant.
2077 2769 2265 2814 caesa

290 2836 471 2912 igitur
500 2837 579 2896 ad
610 2843 748 2898 octo
779 2837 944 2896 milia
973 2833 1304 2896 hominum.

412 2917 418 2920 ’
458 2919 612 2979 ΧΙΧ.
678 2920 1057 2994 Hasdrubal,
1100 2921 1219 2980 iam
1261 2929 1587 2995 antequam
1619 2921 1962 2993 dimicaret,
2006 2919 2266 2995 pecunia

290 3011 466 3079 rapta
487 3004 954 3080 elephantisque
978 3004 1356 3081 praemissis,
1392 3021 1573 3081 quam
1595 3005 1894 3082 plurimos
1919 3009 2161 3079 poterat
2183 3003 2266 3064 de

293 3088 435 3164 fuga
464 3087 783 3164 excipiens
816 3097 1059 3163 practer
1084 3089 1314 3163 Tagum
1345 3087 1573 3150 flumen
1611 3088 1689 3150 ad
1719 3087 2102 3164 Pyrenaeum
2132 3093 2264 3148 ten-

289 3171 395 3232 dit.
476 3171 685 3248 Scipio
730 3171 947 3233 castris
988 3172 1255 3234 hostium
1301 3172 1558 3248 potitus,
1607 3189 1744 3232 cum
1787 3177 2029 3246 praeter
2069 3171 2264 3232 libera

288 3256 495 3331 capita
537 3271 779 3316 omnem
810 3256 1103 3331 praedam
1142 3256 1433 3318 militibus
1465 3255 1912 3329 concessisset,
1957 3255 2017 3316 in
2049 3271 2262 3317 recen-

288 3339 501 3400 sendis
547 3340 807 3416 captivis
853 3340 1066 3401 decem
1107 3339 1273 3400 milia
1315 3340 1588 3415 peditum
1619 3339 1740 3400 duo
1782 3339 1946 3399 milia
1989 3338 2261 3414 equitum

288 3421 537 3482 invenit.
604 3439 679 3483 ex
712 3424 787 3483 iis
817 3425 1129 3497 Hispanos
1162 3423 1297 3483 sine
1331 3423 1522 3498 pretio
1563 3439 1774 3483 omnes
1807 3423 2054 3484 domum
2083 3423 2260 3482 ‹limi-
