2550 3959
3 447 13 629 —v-n——n
4 408 6 433 —-

439 218 669 278 LIBER
696 216 904 277 XXIX.
950 217 1118 277 CAP.
1148 228 1199 279 1.
1244 225 1320 291 [a.
1348 225 1418 277 U.
1449 242 1498 277 ο.
1527 227 1649 291 54⁷.
1680 243 1728 281 a.
1755 226 1818 286 c,
1841 226 1969 294 205]
2057 218 2183 283 279

327 371 483 424 milia.
542 372 671 420 inter
707 384 943 421 censores
979 371 1049 421 M.
1084 372 1290 423 Livium
1321 382 1372 423 et
1403 372 1670 425 Claudium
1701 374 1952 427 Neronem
1987 379 2185 428 notabi-

328 440 395 489 lis
433 438 687 491 discordia
716 438 845 489 fuit:
893 455 1014 491 nam
1050 448 1100 489 et
1134 438 1376 492 Claudius
1409 442 1557 493 Livio
1604 444 1830 509 collegae
1874 460 2060 508 equum
2095 447 2186 497 ad-

332 510 483 568 emit,
522 509 659 571 quod
691 523 723 557 a
755 506 946 575 populo
980 508 1249 561 damnatus
1284 518 1527 574 actusque
1561 513 1615 562 in
1651 512 1886 563 exsilium
1923 514 2104 575 fuerat,
2137 524 2186 565 et

324 578 504 629 Livius
526 575 753 642 Claudio,
791 577 928 640 quod
955 576 1141 629 falsum
1175 578 1229 627 in
1262 594 1320 629 se
1351 581 1698 631 testimonium
1724 581 1938 633 dixisset
1973 590 2022 632 et
2047 584 2185 647 quod

330 662 431 697 non
478 646 612 697 bona
640 646 743 697 fide
788 661 963 696 secum
997 648 1051 695 in
1085 648 1322 712 gratiam*
1337 648 1577 701 redisset.
1639 650 1779 701 idem
1814 664 1990 701 omnes
2021 652 2184 702 tribus

328 723 472 765 extra
486 727 641 765 unam
670 715 891 765 uerat-ias
921 713 1143 779 reliquit,
1181 715 1320 779 quod
1347 723 1398 765 et
1425 718 1746 770 innocentem
1763 733 1822 770 se
1849 720 2184 771 condemnas-

328 792 442 833 sent
478 792 527 833 et
552 792 731 849 postea
766 782 1027 833 consulem
1058 798 1416 847 censoremque
1453 786 1710 839 fecissent.

394 888 439 945 I.
482 886 693 962 Scipio
718 896 1052 963 postquam
1076 888 1137 947 in
1160 886 1430 948 Siciliam
1456 888 1638 961 venit,
1668 888 2048 952 voluntarios
2078 891 2186 949 mi-

225 970 360 1031 .ites
404 970 707 1031 ordinavit
747 968 1246 1048 centuriavitque.
1323 986 1404 1030 ex
1441 970 1518 1031 iis
1561 978 1869 1034 trecentos
1911 973 2186 1050 iuvenes,

224 1052 517 1116 florentes
548 1062 744 1115 aetate
772 1063 834 1115 et
860 1054 1081 1115 virium
1106 1056 1366 1129 robore,
1412 1054 1676 1115 inermes
1706 1056 1871 1117 circa
1899 1072 1971 1117 se
1999 1057 2184 1117 habe-

222 1138 354 1214 bat,
392 1138 777 1214 ignorantes,
822 1154 1003 1216 quern
1044 1140 1127 1199 ad
1167 1156 1346 1201 usum
1388 1154 1590 1215 neque
1629 1140 1946 1200 centuriati
1986 1157 2187 1217 neque

222 1222 436 1283 armati
477 1229 890 1283 servarentur.
952 1231 1080 1285 tum
1120 1239 1201 1283 ex
1240 1223 1428 1284 totius
1459 1222 1702 1283 Siciliae
1743 1224 2048 1285 iuniorum
2076 1242 2185 1287 nu·
2261 1274 2280 1291 .

221 1322 391 1367 mero
433 1308 745 1383 principes
786 1322 1012 1382 genere
1040 1315 1101 1367 et
1141 1308 1382 1367 fortuna
1413 1314 1720 1369 trecentos
1762 1308 2030 1385 equites,
2080 1309 2185 1383 qui

222 1407 435 1451 secum
462 1391 525 1450 in
551 1391 823 1452 Africam
849 1392 1189 1465 traicerent,
1218 1390 1382 1466 legit,
1413 1392 1700 1466 diemque
1726 1391 1821 1464 iis,
1857 1408 1978 1467 qua
2006 1393 2184 1467 equis

222 1474 533 1550 armisque
573 1474 851 1535 instructi
891 1483 1077 1549 atque
1106 1475 1302 1536 ornati
1342 1476 1664 1550 adessent,
1707 1476 1914 1536 edixit.
1979 1477 2185 1551 gravis

225 1575 303 1618 ea
329 1558 541 1619 militia
569 1559 785 1634 procul
813 1558 997 1619 domo
1030 1559 1493 1634 terramarique
1522 1559 1743 1619 multos
1783 1560 2030 1620 labores
2059 1576 2184 1619 ma-

220 1658 345 1718 gna
381 1643 654 1719 pericula
695 1642 975 1704 adlatura
1000 1643 1356 1712 videbatur;
1395 1658 1597 1718 neque
1636 1643 1812 1718 ipsos
1853 1644 2039 1703 modo
2070 1644 2186 1704 sed

224 1732 509 1805 parentes
552 1734 975 1803 cognatosque
1016 1742 1229 1789 eorum
1268 1740 1348 1785 ea
1388 1741 1536 1787 cura
1577 1726 1857 1799 angebat.
1917 1726 2019 1786 ubi
2051 1727 2184 1787 dies

223 1827 382 1886 quae
407 1810 570 1871 dicta
598 1818 728 1871 erat
749 1810 1016 1881 advenit,
1050 1827 1219 1871 arma
1246 1818 1572 1885 equosque
1601 1809 2014 1871 ostenderunt.
2058 1819 2186 1872 tum

223 1894 435 1970 Scipio
475 1894 805 1955 renuntiari
848 1894 964 1955 sibi
1002 1894 1179 1966 dixit,
1230 1894 1534 1968 quosdam
1576 1893 1811 1967 equites
1842 1892 2185 1955 Siculorum

222 1985 529 2053 tamquam
561 1994 812 2054 gravem
841 1986 901 2040 et
940 1978 1155 2039 duram
1182 1976 1435 2037 horrere
1477 1992 1614 2037 eam
1640 1976 1930 2039 militiam.
1995 1979 2050 2038 si
2081 1980 2183 2055 qui

224 2065 305 2125 ita
333 2062 581 2122 animati
609 2068 850 2138 essent,
892 2062 1073 2123 malle
1100 2077 1215 2122 eos
1244 2062 1368 2121 iam
1396 2068 1522 2121 tum
1551 2061 1756 2135 fateri,
1803 2077 1987 2138 quam
2014 2069 2183 2138 post-

222 2146 406 2207 modo
448 2153 773 2222 querentes
806 2162 1030 2222 segnes
1061 2153 1244 2221 atque
1272 2144 1514 2206 inutiles
1545 2145 1764 2207 milites
1791 2145 1880 2205 rei
1901 2145 2185 2221 publicae

222 2246 384 2291 esse.
464 2237 896 2306 expromerent
936 2229 1086 2305 quid
1128 2228 1448 2299 sentirent3
1507 2244 1647 2290 cum
1688 2229 1854 2289 bona
1899 2230 2074 2289 venia
2114 2246 2186 2291 se

223 2314 586 2375 auditurum.
650 2313 756 2374 ubi
797 2329 876 2374 ex
912 2314 989 2375 iis
1018 2328 1179 2373 unus
1223 2328 1416 2373 ausus
1446 2316 1542 2371 est
1570 2311 1776 2372 dicere
1805 2327 1876 2373 se
1905 2328 2182 2388 prorsus,

224 2399 278 2458 si
308 2398 427 2458 sibi
455 2405 651 2460 utrum
680 2397 825 2458 velit
852 2397 1109 2458 liberum
1137 2403 1335 2471 esset,
1379 2396 1543 2456 nolle
1571 2395 1854 2455 militaret
1901 2401 2026 2457 tum
2054 2395 2184 2457 Sci-

222 2483 327 2559 pio
358 2483 413 2543 ei
440 2481 775 2559 „quoniam
801 2481 997 2558 igitur,
1027 2480 1416 2555 adolescenS,
1449 2479 1601 2555 quid
1624 2478 1884 2541 sentires
1913 2494 2038 2541 non
2059 2480 2184 2540 dis·

223 2566 540 2641 simulasti,
568 2565 863 2627 vicarium
890 2564 997 2626 tibi
1028 2564 1372 2641 expediam,
1414 2564 1514 2625 cui
1541 2570 1608 2624 tu
1640 2579 1808 2623 arma
1837 2578 2187 2643 equumque

222 2658 283 2711 et
324 2658 529 2711 cetera
569 2649 969 2711 instrumenta
1009 2649 1253 2709 militiae
1297 2648 1534 2723 tradaS,
1579 2652 1641 2707 et
1679 2654 1880 2708 tecum
1906 2645 2047 2708 hinc
2079 2664 2184 2708 ex-

223 2736 449 2810 templo
492 2735 741 2796 domurn
780 2734 1007 2808 dueaS,
1050 2748 1378 2805 exerceas,
1421 2731 1770 2793 docendum
1800 2745 1978 2792 cures
2022 2747 2183 2807 equo

224 2818 596 2895 armisque“.
632 2819 790 2880 laeto
822 2817 1248 2879 condicionem
1279 2814 1600 2892 accipienti
1626 2831 1815 2877 unum
1845 2831 1925 2875 ex
1951 2822 2185 2876 trecen·

223 2903 319 2976 tis,
351 2918 509 2978 quos
538 2902 803 2963 inermes
830 2900 1111 2975 habebat,
1144 2900 1343 2962 tradit.
1403 2898 1507 2960 ubi
1528 2898 1649 2960 hoc
1677 2898 1865 2961 modo
1895 2906 2184 2959 exaucto-

223 2993 419 3046 ratum
448 2987 712 3061 equitem
742 3001 879 3046 cum
908 2987 1103 3059 gratia
1130 2984 1517 3060 imperatoris
1548 2983 1734 3046 ceteri
1759 2981 2072 3059 viderunt,
2115 3000 2187 3045 se

226 3068 489 3143 quisque
531 3085 829 3132 excusare
858 3076 920 3130 et
946 3069 1241 3131 vicarIum
1282 3068 1584 3143 accipere.
1647 3068 1732 3129 ita
1773 3066 2060 3129 trecentis
2090 3066 2184 3129 Si-

224 3151 378 3212 culis
428 3152 687 3213 Romani
740 3154 978 3229 equites
1042 3150 1350 3215 substituti
1399 3152 1534 3213 sine
1580 3151 1830 3228 publica
1887 3151 2185 3226 impensa.

172 3290 183 3301 .
224 3235 645 3296 docendorum
686 3254 893 3299 curam
934 3236 1121 3298 Siculi
1163 3235 1533 3310 habuerunt,
1588 3235 1734 3310 quia
1773 3235 2037 3295 edictum
2077 3234 2187 3295 im·

222 3319 527 3395 peratoris
569 3327 727 3395 erat,
745 3338 754 3347 ·
772 3322 974 3397 ipsum
1014 3320 1433 3393 militaturum,
1481 3318 1586 3395 qui
1626 3318 1711 3379 ita
1749 3336 1873 3380 non
1917 3317 2186 3379 fecisset.

223 3402 535 3479 egregiam
566 3402 724 3463 hanc
765 3405 923 3465 alam
962 3404 1231 3481 equitum
1273 3402 1557 3465 evasisse
1583 3403 1814 3477 ferunt,
1859 3400 2188 3478 multisque

223 3486 477 3563 proeliis
505 3502 634 3546 rem
669 3487 974 3563 publicam
1018 3486 1352 3549 adiuvisse.
1417 3485 1724 3563 Legiones
1761 3486 1903 3547 inde
1931 3502 2070 3548 cum
2097 3485 2186 3544 in-
