2550 3959
356 174 440 239 56
671 174 904 237 LIBER
928 175 1114 236 XXV.
1163 175 1327 235 CAP.
1358 182 1411 233 4.
1434 182 1487 235 5.
1512 183 1565 237 6.
1610 176 1684 253 [a.
1708 179 1759 231 U
1784 196 1831 232 ο.
1854 176 1981 253 540]

355 335 708 427 coeperunt.
768 328 964 404 primo
995 344 1118 389 non
1151 327 1397 401 dantes,
1430 325 1653 386 deinde
1681 325 1861 386 etiam
1890 340 2001 387 eos
2034 325 2139 401 qui
2167 326 2319 387 dare

353 418 612 488 possent
650 413 710 473 in
753 426 1061 472 carcerem
1105 411 1481 480 coiciebant,
1524 408 1697 470 cuius
1738 410 1828 469 rei
1858 409 2197 486 periculum
2224 409 2315 470 vi-

354 502 551 558 tantes
585 495 908 572 plerique
891 512 954 555 m
984 494 1267 555 exsilium
1296 494 1591 555 abierunt

518 580 595 639 V.
638 581 818 641 Hunc
846 580 1016 639 fraus
1044 578 1537 655 publicanorum,
1570 576 1794 637 deinde
1820 577 2099 638 fraudem
2128 576 2317 639 auda·

355 666 449 725 cia
476 672 808 740 protegens
839 663 1068 725 exitum
1097 662 1326 725 habuit.
1372 660 1617 723 comitia
1645 660 1791 721 inde
1818 660 2095 736 pontifici
2124 662 2316 721 maxi-

351 764 449 809 mo
495 748 762 809 creando
805 754 951 808 sunt
989 746 1214 807 habita.
1280 762 1355 807 ea
1394 744 1639 807 comitia
1677 760 1877 807 novus
1919 744 2199 821 pontifex
2234 744 2317 804 M.

353 832 670 893 Cornelius
702 830 1008 907 Cethegus
1047 830 1274 891 habuit.
1331 836 1459 891 tres
1499 828 1728 903 ingenti
1771 829 2099 890 certamine
2127 828 2315 904 peti-e-

352 923 506 987 runt,
539 914 608 989 Q.
637 914 888 976 Fulvius
917 914 1178 975 Flaccus
1209 916 1456 988 consul,
1492 912 1599 989 qui
1626 919 1686 973 et
1714 920 1855 974 ante
1882 912 1980 974 bis
2011 914 2233 973 consul
2258 918 2321 972 et

351 1014 575 1059 censor
617 1000 841 1072 fuerat,
885 1006 946 1059 et
983 999 1049 1058 T.
1076 998 1341 1059 Manlius
1368 999 1715 1073 Torquatus
1730 1044 1746 1072 ,
1790 1004 1850 1057 et
1888 997 2029 1072 ipse
2069 995 2317 1057 duobus

351 1082 774 1145 consulatibus
816 1090 878 1143 et
917 1098 1182 1143 censura
1222 1081 1511 1157 insignis,
1556 1088 1617 1141 et
1641 1082 1707 1141 P.
1735 1079 2005 1141 Licinius
2036 1080 2317 1155 CrassuS,

352 1166 458 1243 qui
487 1174 548 1228 et
575 1166 944 1228 aedilitatem
965 1168 1238 1228 curulem
1261 1165 1559 1243 petiturus
1583 1171 1731 1225 erat.
1778 1164 1882 1224 hie
1910 1180 2095 1225 senes
2124 1163 2316 1223 hono-

349 1257 646 1327 ratosque
686 1251 924 1311 iuvenis
968 1250 1031 1311 in
1073 1266 1148 1311 eo
1181 1250 1509 1310 certamine
1548 1248 1711 1309 vicit.
1786 1253 1930 1309 ante·
1966 1248 2130 1309 hun-c
2158 1246 2320 1308 intra

351 1342 592 1397 centum
633 1351 830 1395 annos
873 1340 935 1394 et
957 1334 1172 1409 viginti
1212 1348 1393 1394 nemo
1438 1339 1682 1409 praeter
1720 1331 1786 1391 P.
1826 1330 2174 1393 Cornelium
2204 1330 2317 1391 Ca-

350 1418 583 1479 lussam
626 1418 902 1493 pontifex
929 1417 1234 1477 maximus
1264 1424 1507 1478 creatus
1536 1416 1759 1491 fuerat,
1806 1415 1911 1491 qui
1940 1417 2094 1477 sella
2122 1413 2319 1476 curuss

348 1517 475 1562 non
505 1500 790 1563 sedisset.

520 1585 829 1659 Consules
852 1583 1138 1645 dilectum
1165 1599 1307 1644 cum
1336 1600 1525 1659 aegre
1552 1583 1943 1657 conficerent,
1990 1583 2158 1659 quod
2186 1582 2311 1644 ino—

349 1669 454 1746 pia
480 1668 784 1730 iuniorum
816 1684 939 1729 non
969 1667 1148 1727 facile
1175 1668 1234 1727 in
1263 1674 1609 1743 utrumque,
1638 1672 1709 1727 ut
1734 1674 1795 1728 et
1820 1682 2029 1728 novae
2043 1666 2321 1728 urbanae

347 1752 624 1827 legiones
655 1759 716 1814 et
743 1753 1238 1828 supplementum
1263 1752 1574 1813 veteribus
1605 1749 2004 1824 scriberetur,
2047 1751 2317 1811 sufficie-

346 1836 478 1911 bat,
525 1842 777 1898 senatus
821 1836 1122 1896 absistere
1165 1850 1274 1897 eos
1320 1836 1575 1910 incepto¹
1610 1834 1829 1909 vetuit,
1875 1841 1937 1895 et
1966 1834 2319 1895 triumviros

347 1919 526 1982 binos
558 1920 753 1981 creari
776 1919 972 1993 iussit,
1003 1919 1229 1980 alteros
1255 1920 1362 1995 qui
1386 1919 1552 1994 citra,
1584 1919 1807 1979 alteros
1834 1918 1938 1995 qui
1959 1920 2119 1979 ultra
2143 1918 2320 1994 quin-

349 2004 771 2079 quagesimum
818 2002 1086 2078 lapidem
1134 2002 1198 2061 in
1247 2003 1427 2077 pagis
1476 2004 1757 2078 forisque
1794 2008 1856 2063 et
1895 2002 2319 2064 conciliabulis

347 2102 589 2148 omnem
621 2087 866 2163 copiam
894 2086 1299 2159 ingenuorum
1328 2086 1723 2162 inspicerent,
1760 2092 1825 2147 et
1852 2084 1906 2147 si
1936 2085 2043 2163 qui
2068 2085 2319 2153 roboris

346 2170 496 2231 satis
527 2172 606 2231 ad
637 2170 894 2231 ferenda
922 2185 1092 2229 arma
1117 2168 1348 2230 habere
1374 2171 1744 2243 vide-rentur,
1778 2169 2015 2231 etiamsi
2044 2170 2321 2232 nondum

347 2254 590 2315 militari
631 2260 832 2316 aetate
861 2259 1101 2327 essent,
1143 2254 1365 2314 milites
1398 2256 1685 2315 facerent.
1744 2253 1968 2315 tribuni
1997 2253 2227 2329 plebis,
2262 2253 2319 2313 si

344 2338 416 2397 iis
447 2338 774 2412 videretur,
806 2338 888 2397 ad
920 2338 1216 2413 populum
1243 2338 1487 2413 ferrent,
1515 2344 1599 2415 ut,
1626 2338 1733 2412 qui
1754 2338 2027 2399 minores
2050 2342 2321 2417 septem·-

345 2421 558 2481 decem
600 2422 776 2482 annis
819 2427 1204 2481 sacramento
1237 2421 1570 2496 dixissent,
1613 2421 1691 2483 iis
1720 2422 1981 2498 perinde
2009 2421 2321 2497 stipendia

349 2504 784 2580 procederent,
837 2520 912 2566 ac
955 2505 1008 2566 si
1051 2506 1510 2582 septemdecem
1563 2522 1864 2568 annorum
1906 2512 2010 2567 aut
2048 2505 2319 2567 maiores

340 2590 560 2649 milites
618 2590 760 2650 facti
819 2596 1047 2651 essent.
1133 2604 1212 2648 ex
1266 2590 1391 2649 hoc
1451 2594 1703 2649 senatus
1776 2592 2057 2651 consulto
2122 2589 2314 2649 creati

341 2672 636 2733 triumviri
674 2672 799 2732 bini
843 2672 1359 2748 conquisitionem
1388 2672 1793 2748 ingenuorum
1838 2689 1951 2749 per
1990 2688 2179 2749 agros
2205 2672 2317 2733 ha-

340 2756 620 2816 buerunt.

507 2840 744 2899 Eodem
785 2844 1068 2914 tempore
1095 2854 1175 2899 ex
1207 2839 1416 2900 Sicilia
1442 2840 1683 2901 litterae
1709 2840 1902 2901 Marci
1931 2842 2207 2902 Marcelli
2236 2842 2325 2903 de

340 2921 664 2997 postulatis
696 2922 978 2996 militum,
1025 2924 1130 2997 qui
1163 2938 1301 2984 cum
1329 2923 1393 2982 P.
1424 2924 1683 2985 Lentulo
1713 2925 2077 2997 militabant,
2121 2924 2184 2985 in
2215 2940 2319 2985 se-

339 3012 486 3065 natu
525 3004 818 3065 recitatae
845 3013 1006 3067 sunt.
1083 3007 1422 3067 Cannensis
1451 3007 1751 3083 reliquiae
1779 3008 1973 3069 cladis
2001 3007 2103 3069 hie
2132 3024 2314 3069 exer-

340 3090 496 3150 citus
528 3094 675 3162 erat,
707 3091 1015 3164 relegatus
1044 3091 1108 3151 in
1141 3090 1439 3165 Siciliam,
1472 3092 1633 3153 sicut
1660 3098 1802 3153 ante
1832 3092 2061 3152 dictum
2091 3099 2203 3166 est,
2236 3107 2325 3153 ne

339 3180 478 3233 ante
518 3172 730 3233 Punici
771 3174 914 3233 belli
954 3173 1140 3235 finem
1179 3176 1241 3235 in
1284 3174 1514 3236 Italiam
1555 3182 2033 3251 reportarentur.
2099 3177 2206 3236 VI.
2252 3176 2323 3235 hi

337 3257 647 3332 permissu
693 3258 932 3318 Lentuli
979 3258 1283 3335 primores
1336 3258 1606 3334 equitum
1659 3259 2207 3336 centurionumque
2258 3264 2323 3321 et

335 3339 562 3401 robora
604 3356 683 3401 ex
726 3341 1073 3415 legionibus
1115 3343 1389 3419 peditum
1425 3344 1666 3419 legatos
1709 3342 1771 3403 in
1813 3342 2072 3403 hiberna
2110 3341 2192 3403 ad
2229 3342 2319 3403 M.

335 3424 687 3485 Marcellum
749 3424 1068 3498 miserunt,
1129 3442 1164 3486 e
1215 3426 1441 3503 quibus
1491 3442 1653 3487 unus
1706 3432 2011 3502 potestate
2064 3426 2320 3488 dicendi
