<?xml version="1.0" encoding="UTF-8"?>
<!DOCTYPE html PUBLIC "-//W3C//DTD XHTML 1.0 Transitional//EN"
    "http://www.w3.org/TR/xhtml1/DTD/xhtml1-transitional.dtd">
<html xmlns="http://www.w3.org/1999/xhtml" xml:lang="en" lang="en">
 <head>
  <title>
</title>
<meta http-equiv="Content-Type" content="text/html;charset=utf-8" />
  <meta name='ocr-system' content='tesseract 3.04.00' />
  <meta name='ocr-capabilities' content='ocr_page ocr_carea ocr_par ocr_line ocrx_word'/>
</head>
<body>
  <div class='ocr_page' id='page_1' title='image "./aburbeconditali13livygoog_0082.png"; bbox 0 0 2550 3959; ppageno 0'>
   <div class='ocr_carea' id='block_1_1' title="bbox 625 164 2193 245">
    <p class='ocr_par' dir='ltr' id='par_1_1' title="bbox 625 164 2193 245">
     <span class='ocr_line' id='line_1_1' title="bbox 625 164 2193 245; baseline 0.008 -22"><span class='ocrx_word' id='word_1_1' title='bbox 625 164 856 226; x_wconf 77' lang='lat' dir='ltr'>LIBER</span> <span class='ocrx_word' id='word_1_2' title='bbox 883 164 1070 227; x_wconf 77' lang='lat' dir='ltr'><strong>XXV.</strong></span> <span class='ocrx_word' id='word_1_3' title='bbox 1117 164 1283 225; x_wconf 84' lang='lat' dir='ltr'><strong>CAP.</strong></span> <span class='ocrx_word' id='word_1_4' title='bbox 1312 173 1366 227; x_wconf 79' lang='lat'><strong>3.</strong></span> <span class='ocrx_word' id='word_1_5' title='bbox 1388 174 1441 228; x_wconf 85' lang='lat'><strong>4.</strong></span> <span class='ocrx_word' id='word_1_6' title='bbox 1488 168 1560 245; x_wconf 71' lang='lat' dir='ltr'><strong>[a.</strong></span> <span class='ocrx_word' id='word_1_7' title='bbox 1585 174 1651 228; x_wconf 85' lang='lat' dir='ltr'><strong>e.</strong></span> <span class='ocrx_word' id='word_1_8' title='bbox 1682 174 1811 242; x_wconf 72' lang='lat'><em>212]</em></span> <span class='ocrx_word' id='word_1_9' title='bbox 2108 169 2193 235; x_wconf 77' lang='lat'><strong>55</strong></span> 
     </span>
    </p>
   </div>
   <div class='ocr_carea' id='block_1_2' title="bbox 209 314 2195 3493">
    <p class='ocr_par' dir='ltr' id='par_1_2' title="bbox 209 314 2195 3493">
     <span class='ocr_line' id='line_1_2' title="bbox 223 314 2191 396; baseline 0.001 -17"><span class='ocrx_word' id='word_1_10' title='bbox 223 314 542 395; x_wconf 86' lang='lat' dir='ltr'><strong>publicani</strong></span> <span class='ocrx_word' id='word_1_11' title='bbox 570 314 804 376; x_wconf 80' lang='lat' dir='ltr'><strong>Cascae</strong></span> <span class='ocrx_word' id='word_1_12' title='bbox 833 314 1091 389; x_wconf 86' lang='lat' dir='ltr'><strong>instare,</strong></span> <span class='ocrx_word' id='word_1_13' title='bbox 1134 321 1202 375; x_wconf 85' lang='lat' dir='ltr'><strong>ut</strong></span> <span class='ocrx_word' id='word_1_14' title='bbox 1230 314 1487 375; x_wconf 88' lang='lat' dir='ltr'><strong>concilio</strong></span> <span class='ocrx_word' id='word_1_15' title='bbox 1530 316 1691 376; x_wconf 88' lang='lat' dir='ltr'><strong>diem</strong></span> <span class='ocrx_word' id='word_1_16' title='bbox 1719 318 2040 379; x_wconf 80' lang='lat' dir='ltr'><strong>eximeret=</strong></span> <span class='ocrx_word' id='word_1_17' title='bbox 2079 335 2191 396; x_wconf 87' lang='lat' dir='ltr'><strong>po·</strong></span> 
     </span>
     <span class='ocr_line' id='line_1_3' title="bbox 224 398 2195 481; baseline 0.002 -20"><span class='ocrx_word' id='word_1_18' title='bbox 224 401 410 478; x_wconf 85' lang='lat' dir='ltr'><strong>pulus</strong></span> <span class='ocrx_word' id='word_1_19' title='bbox 439 400 814 467; x_wconf 81' lang='lat' dir='ltr'><strong>reclamare3</strong></span> <span class='ocrx_word' id='word_1_20' title='bbox 845 405 906 459; x_wconf 88' lang='lat' dir='ltr'><strong>et</strong></span> <span class='ocrx_word' id='word_1_21' title='bbox 933 399 1092 460; x_wconf 86' lang='lat' dir='ltr'><strong>forte</strong></span> <span class='ocrx_word' id='word_1_22' title='bbox 1119 398 1181 458; x_wconf 91' lang='lat' dir='ltr'><strong>in</strong></span> <span class='ocrx_word' id='word_1_23' title='bbox 1215 414 1411 459; x_wconf 88' lang='lat' dir='ltr'><strong>cornu</strong></span> <span class='ocrx_word' id='word_1_24' title='bbox 1436 398 1670 475; x_wconf 89' lang='lat' dir='ltr'><strong>primus</strong></span> <span class='ocrx_word' id='word_1_25' title='bbox 1696 400 1955 463; x_wconf 88' lang='lat' dir='ltr'><strong>sedebat</strong></span> <span class='ocrx_word' id='word_1_26' title='bbox 1976 403 2195 481; x_wconf 83' lang='lat' dir='ltr'><strong>Casca,</strong></span> 
     </span>
     <span class='ocr_line' id='line_1_4' title="bbox 221 482 2188 557; baseline 0.002 -12"><span class='ocrx_word' id='word_1_27' title='bbox 221 486 322 545; x_wconf 88' lang='lat' dir='ltr'><strong>cui</strong></span> <span class='ocrx_word' id='word_1_28' title='bbox 367 483 550 544; x_wconf 89' lang='lat' dir='ltr'><strong>simul</strong></span> <span class='ocrx_word' id='word_1_29' title='bbox 593 488 797 543; x_wconf 86' lang='lat' dir='ltr'><strong>metus</strong></span> <span class='ocrx_word' id='word_1_30' title='bbox 826 482 1156 557; x_wconf 89' lang='lat' dir='ltr'><strong>pudorque</strong></span> <span class='ocrx_word' id='word_1_31' title='bbox 1184 483 1451 545; x_wconf 82' lang='lat' dir='ltr'><strong>animum</strong></span> <span class='ocrx_word' id='word_1_32' title='bbox 1477 484 1785 545; x_wconf 88' lang='lat' dir='ltr'><strong>versabat.</strong></span> <span class='ocrx_word' id='word_1_33' title='bbox 1855 501 1994 546; x_wconf 89' lang='lat' dir='ltr'><strong>cum</strong></span> <span class='ocrx_word' id='word_1_34' title='bbox 2021 485 2084 546; x_wconf 87' lang='lat' dir='ltr'><strong>in</strong></span> <span class='ocrx_word' id='word_1_35' title='bbox 2113 503 2188 549; x_wconf 92' lang='lat' dir='ltr'><strong>eo</strong></span> 
     </span>
     <span class='ocr_line' id='line_1_5' title="bbox 225 565 2190 645; baseline 0.001 -15"><span class='ocrx_word' id='word_1_36' title='bbox 225 584 448 645; x_wconf 89' lang='lat' dir='ltr'><strong>parum</strong></span> <span class='ocrx_word' id='word_1_37' title='bbox 474 565 772 642; x_wconf 88' lang='lat' dir='ltr'><strong>praesidii</strong></span> <span class='ocrx_word' id='word_1_38' title='bbox 800 572 998 638; x_wconf 89' lang='lat' dir='ltr'><strong>esset,</strong></span> <span class='ocrx_word' id='word_1_39' title='bbox 1033 566 1371 627; x_wconf 79' lang='lat' dir='ltr'>turbandae</span> <span class='ocrx_word' id='word_1_40' title='bbox 1397 567 1488 626; x_wconf 89' lang='lat' dir='ltr'><strong>rei</strong></span> <span class='ocrx_word' id='word_1_41' title='bbox 1518 582 1709 629; x_wconf 90' lang='lat' dir='ltr'><strong>causa</strong></span> <span class='ocrx_word' id='word_1_42' title='bbox 1738 568 2047 644; x_wconf 90' lang='lat' dir='ltr'><strong>publicani</strong></span> <span class='ocrx_word' id='word_1_43' title='bbox 2076 587 2190 645; x_wconf 88' lang='lat' dir='ltr'><strong>per</strong></span> 
     </span>
     <span class='ocr_line' id='line_1_6' title="bbox 224 650 2187 729; baseline 0.001 -16"><span class='ocrx_word' id='word_1_44' title='bbox 224 668 491 713; x_wconf 85' lang='lat' dir='ltr'><strong>vacuum</strong></span> <span class='ocrx_word' id='word_1_45' title='bbox 531 651 594 709; x_wconf 90' lang='lat' dir='ltr'><strong>in</strong></span> <span class='ocrx_word' id='word_1_46' title='bbox 635 656 940 711; x_wconf 86' lang='lat' dir='ltr'><strong>summoto</strong></span> <span class='ocrx_word' id='word_1_47' title='bbox 979 650 1185 711; x_wconf 87' lang='lat' dir='ltr'><strong>locum</strong></span> <span class='ocrx_word' id='word_1_48' title='bbox 1227 666 1425 711; x_wconf 89' lang='lat' dir='ltr'><strong>cuneo</strong></span> <span class='ocrx_word' id='word_1_49' title='bbox 1455 650 1832 727; x_wconf 89' lang='lat' dir='ltr'><strong>irruperunt,</strong></span> <span class='ocrx_word' id='word_1_50' title='bbox 1876 652 2187 729; x_wconf 85' lang='lat' dir='ltr'><strong>iurgantes</strong></span> 
     </span>
     <span class='ocr_line' id='line_1_7' title="bbox 225 733 2190 812; baseline 0.001 -15"><span class='ocrx_word' id='word_1_51' title='bbox 225 736 405 797; x_wconf 87' lang='lat' dir='ltr'><strong>simul</strong></span> <span class='ocrx_word' id='word_1_52' title='bbox 459 750 598 795; x_wconf 88' lang='lat' dir='ltr'><strong>cum</strong></span> <span class='ocrx_word' id='word_1_53' title='bbox 637 734 874 809; x_wconf 90' lang='lat' dir='ltr'><strong>populo</strong></span> <span class='ocrx_word' id='word_1_54' title='bbox 915 733 1318 810; x_wconf 80' lang='lat' dir='ltr'><strong>tribunisque.</strong></span> <span class='ocrx_word' id='word_1_55' title='bbox 1390 750 1505 795; x_wconf 91' lang='lat' dir='ltr'><strong>nec</strong></span> <span class='ocrx_word' id='word_1_56' title='bbox 1544 737 1763 812; x_wconf 89' lang='lat' dir='ltr'><strong>procul</strong></span> <span class='ocrx_word' id='word_1_57' title='bbox 1803 736 2190 799; x_wconf 77' lang='lat' dir='ltr'>dimicatione</span> 
     </span>
     <span class='ocr_line' id='line_1_8' title="bbox 221 816 2186 895; baseline 0.001 -14"><span class='ocrx_word' id='word_1_58' title='bbox 221 836 324 881; x_wconf 86' lang='lat' dir='ltr'><strong>res</strong></span> <span class='ocrx_word' id='word_1_59' title='bbox 355 824 508 893; x_wconf 88' lang='lat' dir='ltr'><strong>erat,</strong></span> <span class='ocrx_word' id='word_1_60' title='bbox 541 834 678 879; x_wconf 89' lang='lat' dir='ltr'><strong>cum</strong></span> <span class='ocrx_word' id='word_1_61' title='bbox 704 816 957 879; x_wconf 90' lang='lat' dir='ltr'><strong>Fulvius</strong></span> <span class='ocrx_word' id='word_1_62' title='bbox 987 820 1205 879; x_wconf 91' lang='lat' dir='ltr'><strong>consul</strong></span> <span class='ocrx_word' id='word_1_63' title='bbox 1233 818 1491 880; x_wconf 89' lang='lat' dir='ltr'><strong>tribunis</strong></span> <span class='ocrx_word' id='word_1_64' title='bbox 1521 836 1767 895; x_wconf 89' lang='lat' dir='ltr'><strong>„nonne</strong></span> <span class='ocrx_word' id='word_1_65' title='bbox 1796 820 2057 883; x_wconf 88' lang='lat' dir='ltr'><strong>videtis“</strong></span> <span class='ocrx_word' id='word_1_66' title='bbox 2099 821 2186 883; x_wconf 92' lang='lat' dir='ltr'><strong>in-</strong></span> 
     </span>
     <span class='ocr_line' id='line_1_9' title="bbox 226 901 2187 979; baseline 0.001 -14"><span class='ocrx_word' id='word_1_67' title='bbox 226 904 358 979; x_wconf 88' lang='lat' dir='ltr'><strong>quit</strong></span> <span class='ocrx_word' id='word_1_68' title='bbox 404 918 562 977; x_wconf 77' lang='lat' dir='ltr'><strong>„vos</strong></span> <span class='ocrx_word' id='word_1_69' title='bbox 603 901 666 961; x_wconf 90' lang='lat' dir='ltr'><strong>in</strong></span> <span class='ocrx_word' id='word_1_70' title='bbox 718 902 996 963; x_wconf 85' lang='lat' dir='ltr'>ordinem</span> <span class='ocrx_word' id='word_1_71' title='bbox 1047 910 1299 964; x_wconf 88' lang='lat' dir='ltr'><strong>coactos</strong></span> <span class='ocrx_word' id='word_1_72' title='bbox 1346 918 1490 963; x_wconf 91' lang='lat' dir='ltr'><strong>esse</strong></span> <span class='ocrx_word' id='word_1_73' title='bbox 1539 911 1600 964; x_wconf 89' lang='lat' dir='ltr'><strong>et</strong></span> <span class='ocrx_word' id='word_1_74' title='bbox 1644 920 1777 965; x_wconf 90' lang='lat' dir='ltr'><strong>rem</strong></span> <span class='ocrx_word' id='word_1_75' title='bbox 1817 905 1899 965; x_wconf 88' lang='lat' dir='ltr'><strong>ad</strong></span> <span class='ocrx_word' id='word_1_76' title='bbox 1938 904 2187 967; x_wconf 83' lang='lat' dir='ltr'><strong>seditio-</strong></span> 
     </span>
     <span class='ocr_line' id='line_1_10' title="bbox 221 985 2189 1062; baseline 0.001 -15"><span class='ocrx_word' id='word_1_77' title='bbox 221 1004 364 1049; x_wconf 89' lang='lat' dir='ltr'><strong>nem</strong></span> <span class='ocrx_word' id='word_1_78' title='bbox 413 992 729 1061; x_wconf 86' lang='lat' dir='ltr'><strong>spectare,</strong></span> <span class='ocrx_word' id='word_1_79' title='bbox 782 986 844 1047; x_wconf 91' lang='lat' dir='ltr'><strong>ni</strong></span> <span class='ocrx_word' id='word_1_80' title='bbox 892 1000 1162 1062; x_wconf 82' lang='lat' dir='ltr'>propere</span> <span class='ocrx_word' id='word_1_81' title='bbox 1203 985 1497 1047; x_wconf 86' lang='lat' dir='ltr'><strong>dimittitis</strong></span> <span class='ocrx_word' id='word_1_82' title='bbox 1539 986 1738 1062; x_wconf 91' lang='lat' dir='ltr'><strong>plebis</strong></span> <span class='ocrx_word' id='word_1_83' title='bbox 1779 988 2189 1051; x_wconf 70' lang='lat' dir='ltr'><strong>concilium“8</strong></span> 
     </span>
     <span class='ocr_line' id='line_1_11' title="bbox 221 1069 2191 1145; baseline 0.002 -14"><span class='ocrx_word' id='word_1_84' title='bbox 221 1072 325 1131; x_wconf 76' lang='lat' dir='ltr'><strong>[V.</strong></span> <span class='ocrx_word' id='word_1_85' title='bbox 371 1070 556 1145; x_wconf 81' lang='lat' dir='ltr'><strong>plebe</strong></span> <span class='ocrx_word' id='word_1_86' title='bbox 596 1069 854 1131; x_wconf 88' lang='lat' dir='ltr'><strong>dimissa</strong></span> <span class='ocrx_word' id='word_1_87' title='bbox 895 1077 1145 1132; x_wconf 89' lang='lat' dir='ltr'><strong>senatus</strong></span> <span class='ocrx_word' id='word_1_88' title='bbox 1175 1074 1461 1145; x_wconf 88' lang='lat' dir='ltr'><strong>vocatur,</strong></span> <span class='ocrx_word' id='word_1_89' title='bbox 1502 1077 1563 1130; x_wconf 87' lang='lat' dir='ltr'><strong>et</strong></span> <span class='ocrx_word' id='word_1_90' title='bbox 1602 1074 1891 1134; x_wconf 88' lang='lat' dir='ltr'><strong>consules</strong></span> <span class='ocrx_word' id='word_1_91' title='bbox 1918 1074 2191 1135; x_wconf 83' lang='lat' dir='ltr'><strong>referunt</strong></span> 
     </span>
     <span class='ocr_line' id='line_1_12' title="bbox 222 1152 2186 1231; baseline 0 -16"><span class='ocrx_word' id='word_1_92' title='bbox 222 1156 300 1215; x_wconf 90' lang='lat' dir='ltr'><strong>de</strong></span> <span class='ocrx_word' id='word_1_93' title='bbox 333 1154 594 1218; x_wconf 87' lang='lat' dir='ltr'><strong>concilio</strong></span> <span class='ocrx_word' id='word_1_94' title='bbox 619 1153 818 1228; x_wconf 90' lang='lat' dir='ltr'><strong>plebis</strong></span> <span class='ocrx_word' id='word_1_95' title='bbox 848 1152 1086 1215; x_wconf 85' lang='lat' dir='ltr'><strong>turbato</strong></span> <span class='ocrx_word' id='word_1_96' title='bbox 1117 1153 1178 1213; x_wconf 91' lang='lat' dir='ltr'><strong>vi</strong></span> <span class='ocrx_word' id='word_1_97' title='bbox 1205 1161 1391 1229; x_wconf 86' lang='lat' dir='ltr'><strong>atque</strong></span> <span class='ocrx_word' id='word_1_98' title='bbox 1412 1154 1671 1226; x_wconf 77' lang='lat' dir='ltr'><strong>audacia</strong></span> <span class='ocrx_word' id='word_1_99' title='bbox 1690 1156 2186 1231; x_wconf 71' lang='lat' dir='ltr'><strong>publicanorumz</strong></span> 
     </span>
     <span class='ocr_line' id='line_1_13' title="bbox 219 1236 2189 1312; baseline 0.001 -13"><span class='ocrx_word' id='word_1_100' title='bbox 219 1238 299 1299; x_wconf 84' lang='lat' dir='ltr'><strong>M.</strong></span> <span class='ocrx_word' id='word_1_101' title='bbox 329 1237 582 1299; x_wconf 82' lang='lat' dir='ltr'><strong>Furium</strong></span> <span class='ocrx_word' id='word_1_102' title='bbox 613 1236 942 1312; x_wconf 88' lang='lat' dir='ltr'><strong>Camillum,</strong></span> <span class='ocrx_word' id='word_1_103' title='bbox 974 1240 1150 1299; x_wconf 86' lang='lat' dir='ltr'><strong>cuius</strong></span> <span class='ocrx_word' id='word_1_104' title='bbox 1181 1237 1465 1298; x_wconf 85' lang='lat' dir='ltr'><strong>exsilium</strong></span> <span class='ocrx_word' id='word_1_105' title='bbox 1494 1239 1672 1298; x_wconf 87' lang='lat' dir='ltr'><strong>ruina</strong></span> <span class='ocrx_word' id='word_1_106' title='bbox 1698 1238 1869 1299; x_wconf 88' lang='lat' dir='ltr'><strong>urbis</strong></span> <span class='ocrx_word' id='word_1_107' title='bbox 1900 1248 2189 1302; x_wconf 89' lang='lat' dir='ltr'><strong>secutura</strong></span> 
     </span>
     <span class='ocr_line' id='line_1_14' title="bbox 221 1320 2187 1399; baseline 0.002 -18"><span class='ocrx_word' id='word_1_108' title='bbox 221 1322 424 1395; x_wconf 80' lang='lat' dir='ltr'><strong>fuerit,</strong></span> <span class='ocrx_word' id='word_1_109' title='bbox 457 1320 734 1383; x_wconf 87' lang='lat' dir='ltr'><strong>damnari</strong></span> <span class='ocrx_word' id='word_1_110' title='bbox 763 1336 834 1382; x_wconf 91' lang='lat' dir='ltr'><strong>se</strong></span> <span class='ocrx_word' id='word_1_111' title='bbox 862 1321 939 1383; x_wconf 87' lang='lat' dir='ltr'><strong>ab</strong></span> <span class='ocrx_word' id='word_1_112' title='bbox 969 1321 1140 1383; x_wconf 88' lang='lat' dir='ltr'><strong>iratis</strong></span> <span class='ocrx_word' id='word_1_113' title='bbox 1171 1320 1410 1383; x_wconf 88' lang='lat' dir='ltr'><strong>civibus</strong></span> <span class='ocrx_word' id='word_1_114' title='bbox 1438 1336 1695 1399; x_wconf 85' lang='lat' dir='ltr'><strong>passum</strong></span> <span class='ocrx_word' id='word_1_115' title='bbox 1726 1338 1902 1393; x_wconf 76' lang='lat' dir='ltr'><strong>esse3</strong></span> <span class='ocrx_word' id='word_1_116' title='bbox 1942 1323 2187 1384; x_wconf 89' lang='lat' dir='ltr'><strong>decem·</strong></span> 
     </span>
     <span class='ocr_line' id='line_1_15' title="bbox 219 1405 2185 1481; baseline 0.001 -14"><span class='ocrx_word' id='word_1_117' title='bbox 219 1405 391 1467; x_wconf 82' lang='lat' dir='ltr'><strong>viros</strong></span> <span class='ocrx_word' id='word_1_118' title='bbox 436 1411 577 1467; x_wconf 84' lang='lat' dir='ltr'><strong>ante</strong></span> <span class='ocrx_word' id='word_1_119' title='bbox 617 1420 786 1481; x_wconf 87' lang='lat' dir='ltr'><strong>eum,</strong></span> <span class='ocrx_word' id='word_1_120' title='bbox 832 1420 1096 1480; x_wconf 87' lang='lat' dir='ltr'><strong>quorum</strong></span> <span class='ocrx_word' id='word_1_121' title='bbox 1132 1405 1374 1479; x_wconf 89' lang='lat' dir='ltr'><strong>legibus</strong></span> <span class='ocrx_word' id='word_1_122' title='bbox 1409 1408 1491 1467; x_wconf 84' lang='lat' dir='ltr'><strong>ad</strong></span> <span class='ocrx_word' id='word_1_123' title='bbox 1519 1421 1654 1467; x_wconf 88' lang='lat' dir='ltr'><strong>eam</strong></span> <span class='ocrx_word' id='word_1_124' title='bbox 1684 1406 1847 1467; x_wconf 89' lang='lat' dir='ltr'><strong>diem</strong></span> <span class='ocrx_word' id='word_1_125' title='bbox 1874 1406 2185 1477; x_wconf 84' lang='lat' dir='ltr'><strong>viverent;</strong></span> 
     </span>
     <span class='ocr_line' id='line_1_16' title="bbox 220 1488 2187 1567; baseline 0.002 -18"><span class='ocrx_word' id='word_1_126' title='bbox 220 1492 450 1551; x_wconf 87' lang='lat' dir='ltr'><strong>multos</strong></span> <span class='ocrx_word' id='word_1_127' title='bbox 493 1495 718 1565; x_wconf 87' lang='lat' dir='ltr'><strong>postea</strong></span> <span class='ocrx_word' id='word_1_128' title='bbox 755 1490 1072 1564; x_wconf 85' lang='lat' dir='ltr'><strong>principes</strong></span> <span class='ocrx_word' id='word_1_129' title='bbox 1116 1488 1377 1551; x_wconf 88' lang='lat' dir='ltr'><strong>civitatis</strong></span> <span class='ocrx_word' id='word_1_130' title='bbox 1418 1489 1709 1551; x_wconf 89' lang='lat' dir='ltr'><strong>iudicium</strong></span> <span class='ocrx_word' id='word_1_131' title='bbox 1750 1489 1829 1551; x_wconf 90' lang='lat' dir='ltr'><strong>de</strong></span> <span class='ocrx_word' id='word_1_132' title='bbox 1868 1506 1941 1551; x_wconf 91' lang='lat' dir='ltr'><strong>se</strong></span> <span class='ocrx_word' id='word_1_133' title='bbox 1970 1492 2187 1567; x_wconf 88' lang='lat' dir='ltr'><strong>populi</strong></span> 
     </span>
     <span class='ocr_line' id='line_1_17' title="bbox 209 1572 2187 1650; baseline 0.004 -21"><span class='ocrx_word' id='word_1_134' title='bbox 209 1590 486 1650; x_wconf 82' lang='lat' dir='ltr'><strong>.passos=</strong></span> <span class='ocrx_word' id='word_1_135' title='bbox 539 1572 919 1635; x_wconf 89' lang='lat' dir='ltr'><strong>Postumium</strong></span> <span class='ocrx_word' id='word_1_136' title='bbox 958 1572 1339 1649; x_wconf 76' lang='lat' dir='ltr'><strong>Pyrgensem</strong></span> <span class='ocrx_word' id='word_1_137' title='bbox 1388 1573 1746 1649; x_wconf 81' lang='lat' dir='ltr'><strong>suffragium</strong></span> <span class='ocrx_word' id='word_1_138' title='bbox 1788 1576 2023 1650; x_wconf 88' lang='lat' dir='ltr'><strong>populo</strong></span> <span class='ocrx_word' id='word_1_139' title='bbox 2063 1576 2187 1638; x_wconf 85' lang='lat' dir='ltr'><strong>Ro·</strong></span> 
     </span>
     <span class='ocr_line' id='line_1_18' title="bbox 219 1656 2185 1732; baseline 0 -14"><span class='ocrx_word' id='word_1_140' title='bbox 219 1674 404 1719; x_wconf 87' lang='lat' dir='ltr'><strong>mano</strong></span> <span class='ocrx_word' id='word_1_141' title='bbox 437 1656 799 1732; x_wconf 81' lang='lat' dir='ltr'><strong>extorsisse,</strong></span> <span class='ocrx_word' id='word_1_142' title='bbox 831 1657 1156 1719; x_wconf 89' lang='lat' dir='ltr'><strong>concilium</strong></span> <span class='ocrx_word' id='word_1_143' title='bbox 1183 1656 1385 1732; x_wconf 89' lang='lat' dir='ltr'><strong>plebis</strong></span> <span class='ocrx_word' id='word_1_144' title='bbox 1416 1657 1775 1731; x_wconf 79' lang='lat' dir='ltr'><strong>sustulisse,</strong></span> <span class='ocrx_word' id='word_1_145' title='bbox 1816 1658 2095 1722; x_wconf 88' lang='lat' dir='ltr'><strong>tribunos</strong></span> <span class='ocrx_word' id='word_1_146' title='bbox 2125 1658 2185 1718; x_wconf 87' lang='lat' dir='ltr'><strong>in</strong></span> 
     </span>
     <span class='ocr_line' id='line_1_19' title="bbox 220 1741 2184 1817; baseline -0.001 -15"><span class='ocrx_word' id='word_1_147' title='bbox 220 1742 503 1803; x_wconf 85' lang='lat' dir='ltr'><strong>ordinem</strong></span> <span class='ocrx_word' id='word_1_148' title='bbox 543 1742 856 1817; x_wconf 79' lang='lat' dir='ltr'><strong>coegisse,</strong></span> <span class='ocrx_word' id='word_1_149' title='bbox 901 1749 1114 1801; x_wconf 89' lang='lat' dir='ltr'><strong>contra</strong></span> <span class='ocrx_word' id='word_1_150' title='bbox 1152 1741 1449 1815; x_wconf 90' lang='lat' dir='ltr'><strong>populum</strong></span> <span class='ocrx_word' id='word_1_151' title='bbox 1491 1742 1833 1801; x_wconf 88' lang='lat' dir='ltr'><strong>Romanum</strong></span> <span class='ocrx_word' id='word_1_152' title='bbox 1874 1741 2069 1802; x_wconf 83' lang='lat' dir='ltr'><strong>aciem</strong></span> <span class='ocrx_word' id='word_1_153' title='bbox 2097 1741 2184 1801; x_wconf 80' lang='lat' dir='ltr'><strong>in-</strong></span> 
     </span>
     <span class='ocr_line' id='line_1_20' title="bbox 219 1823 2181 1900; baseline -0.001 -13"><span class='ocrx_word' id='word_1_154' title='bbox 219 1825 551 1899; x_wconf 80' lang='lat' dir='ltr'><strong>struxisse,</strong></span> <span class='ocrx_word' id='word_1_155' title='bbox 578 1826 784 1885; x_wconf 87' lang='lat' dir='ltr'><strong>locum</strong></span> <span class='ocrx_word' id='word_1_156' title='bbox 813 1839 1191 1900; x_wconf 83' lang='lat' dir='ltr'><strong>occupasse,</strong></span> <span class='ocrx_word' id='word_1_157' title='bbox 1223 1831 1291 1885; x_wconf 90' lang='lat' dir='ltr'><strong>ut</strong></span> <span class='ocrx_word' id='word_1_158' title='bbox 1316 1823 1597 1885; x_wconf 90' lang='lat' dir='ltr'><strong>tribunos</strong></span> <span class='ocrx_word' id='word_1_159' title='bbox 1626 1841 1665 1885; x_wconf 86' lang='lat' dir='ltr'><strong>a</strong></span> <span class='ocrx_word' id='word_1_160' title='bbox 1690 1823 1873 1899; x_wconf 88' lang='lat' dir='ltr'><strong>plebe</strong></span> <span class='ocrx_word' id='word_1_161' title='bbox 1900 1823 2181 1886; x_wconf 89' lang='lat' dir='ltr'><strong>interclu-</strong></span> 
     </span>
     <span class='ocr_line' id='line_1_21' title="bbox 220 1907 2186 1986; baseline -0.002 -15"><span class='ocrx_word' id='word_1_162' title='bbox 220 1911 416 1986; x_wconf 87' lang='lat' dir='ltr'><strong>deret,</strong></span> <span class='ocrx_word' id='word_1_163' title='bbox 457 1908 653 1971; x_wconf 89' lang='lat' dir='ltr'><strong>tribus</strong></span> <span class='ocrx_word' id='word_1_164' title='bbox 683 1909 744 1969; x_wconf 91' lang='lat' dir='ltr'><strong>in</strong></span> <span class='ocrx_word' id='word_1_165' title='bbox 773 1907 1135 1983; x_wconf 81' lang='lat' dir='ltr'><strong>suffragium</strong></span> <span class='ocrx_word' id='word_1_166' title='bbox 1162 1908 1375 1969; x_wconf 87' lang='lat' dir='ltr'><strong>vocari</strong></span> <span class='ocrx_word' id='word_1_167' title='bbox 1401 1907 1771 1983; x_wconf 87' lang='lat' dir='ltr'><strong>prohiberet.</strong></span> <span class='ocrx_word' id='word_1_168' title='bbox 1845 1908 1992 1969; x_wconf 88' lang='lat' dir='ltr'><strong>nihil</strong></span> <span class='ocrx_word' id='word_1_169' title='bbox 2018 1908 2186 1969; x_wconf 84' lang='lat' dir='ltr'><strong>aliud</strong></span> 
     </span>
     <span class='ocr_line' id='line_1_22' title="bbox 219 1990 2184 2067; baseline -0.002 -12"><span class='ocrx_word' id='word_1_170' title='bbox 219 2011 256 2054; x_wconf 84' lang='lat' dir='ltr'><strong>a</strong></span> <span class='ocrx_word' id='word_1_171' title='bbox 285 1992 483 2055; x_wconf 89' lang='lat' dir='ltr'><strong>caede</strong></span> <span class='ocrx_word' id='word_1_172' title='bbox 522 2008 596 2053; x_wconf 88' lang='lat' dir='ltr'><strong>ac</strong></span> <span class='ocrx_word' id='word_1_173' title='bbox 637 1992 1026 2053; x_wconf 85' lang='lat' dir='ltr'><strong>dimicatione</strong></span> <span class='ocrx_word' id='word_1_174' title='bbox 1067 1992 1447 2053; x_wconf 82' lang='lat' dir='ltr'><strong>continuisse</strong></span> <span class='ocrx_word' id='word_1_175' title='bbox 1483 1991 1763 2053; x_wconf 90' lang='lat' dir='ltr'><strong>homines</strong></span> <span class='ocrx_word' id='word_1_176' title='bbox 1806 1990 1925 2053; x_wconf 91' lang='lat' dir='ltr'><strong>nisi</strong></span> <span class='ocrx_word' id='word_1_177' title='bbox 1952 1992 2184 2067; x_wconf 88' lang='lat' dir='ltr'><strong>patien-</strong></span> 
     </span>
     <span class='ocr_line' id='line_1_23' title="bbox 217 2076 2185 2152; baseline -0.001 -15"><span class='ocrx_word' id='word_1_178' title='bbox 217 2080 366 2137; x_wconf 86' lang='lat' dir='ltr'><strong>tiam</strong></span> <span class='ocrx_word' id='word_1_179' title='bbox 407 2076 902 2152; x_wconf 77' lang='lat' dir='ltr'><strong>magistratuum,</strong></span> <span class='ocrx_word' id='word_1_180' title='bbox 947 2077 1118 2151; x_wconf 87' lang='lat' dir='ltr'><strong>quod</strong></span> <span class='ocrx_word' id='word_1_181' title='bbox 1159 2076 1460 2137; x_wconf 87' lang='lat' dir='ltr'><strong>cesserint</strong></span> <span class='ocrx_word' id='word_1_182' title='bbox 1497 2076 1560 2135; x_wconf 87' lang='lat' dir='ltr'><strong>in</strong></span> <span class='ocrx_word' id='word_1_183' title='bbox 1598 2076 1951 2152; x_wconf 87' lang='lat' dir='ltr'><strong>praesentia</strong></span> <span class='ocrx_word' id='word_1_184' title='bbox 1992 2076 2185 2137; x_wconf 77' lang='lat' dir='ltr'><strong>furori</strong></span> 
     </span>
     <span class='ocr_line' id='line_1_24' title="bbox 221 2160 2185 2237; baseline -0.002 -12"><span class='ocrx_word' id='word_1_185' title='bbox 221 2169 410 2237; x_wconf 69' lang='lat' dir='ltr'><strong>atque</strong></span> <span class='ocrx_word' id='word_1_186' title='bbox 449 2161 748 2222; x_wconf 88' lang='lat' dir='ltr'><strong>audaciae</strong></span> <span class='ocrx_word' id='word_1_187' title='bbox 788 2176 1158 2236; x_wconf 88' lang='lat' dir='ltr'><strong>paucorum,</strong></span> <span class='ocrx_word' id='word_1_188' title='bbox 1198 2160 1486 2236; x_wconf 89' lang='lat' dir='ltr'><strong>vincique</strong></span> <span class='ocrx_word' id='word_1_189' title='bbox 1527 2176 1599 2221; x_wconf 91' lang='lat' dir='ltr'><strong>se</strong></span> <span class='ocrx_word' id='word_1_190' title='bbox 1626 2176 1701 2219; x_wconf 89' lang='lat' dir='ltr'><strong>ac</strong></span> <span class='ocrx_word' id='word_1_191' title='bbox 1734 2161 2035 2235; x_wconf 89' lang='lat' dir='ltr'><strong>populum</strong></span> <span class='ocrx_word' id='word_1_192' title='bbox 2060 2160 2185 2221; x_wconf 91' lang='lat' dir='ltr'><strong>Ro-</strong></span> 
     </span>
     <span class='ocr_line' id='line_1_25' title="bbox 219 2243 2183 2320; baseline -0.001 -15"><span class='ocrx_word' id='word_1_193' title='bbox 219 2261 469 2305; x_wconf 85' lang='lat' dir='ltr'><strong>manum</strong></span> <span class='ocrx_word' id='word_1_194' title='bbox 511 2245 682 2320; x_wconf 88' lang='lat' dir='ltr'><strong>passi</strong></span> <span class='ocrx_word' id='word_1_195' title='bbox 721 2245 872 2319; x_wconf 91' lang='lat' dir='ltr'><strong>sint,</strong></span> <span class='ocrx_word' id='word_1_196' title='bbox 917 2253 980 2305; x_wconf 88' lang='lat' dir='ltr'><strong>et</strong></span> <span class='ocrx_word' id='word_1_197' title='bbox 1018 2244 1289 2320; x_wconf 91' lang='lat' dir='ltr'><strong>comitia,</strong></span> <span class='ocrx_word' id='word_1_198' title='bbox 1336 2258 1495 2318; x_wconf 89' lang='lat' dir='ltr'><strong>quae</strong></span> <span class='ocrx_word' id='word_1_199' title='bbox 1521 2258 1667 2303; x_wconf 92' lang='lat' dir='ltr'><strong>reus</strong></span> <span class='ocrx_word' id='word_1_200' title='bbox 1697 2243 1759 2303; x_wconf 89' lang='lat' dir='ltr'><strong>vi</strong></span> <span class='ocrx_word' id='word_1_201' title='bbox 1785 2250 1971 2317; x_wconf 85' lang='lat' dir='ltr'><strong>atque</strong></span> <span class='ocrx_word' id='word_1_202' title='bbox 1998 2244 2183 2303; x_wconf 88' lang='lat' dir='ltr'><strong>armis</strong></span> 
     </span>
     <span class='ocr_line' id='line_1_26' title="bbox 217 2326 2185 2406; baseline -0.001 -17"><span class='ocrx_word' id='word_1_203' title='bbox 217 2327 640 2406; x_wconf 87' lang='lat' dir='ltr'><strong>prohibiturus</strong></span> <span class='ocrx_word' id='word_1_204' title='bbox 691 2336 852 2403; x_wconf 89' lang='lat' dir='ltr'><strong>er-at,</strong></span> <span class='ocrx_word' id='word_1_205' title='bbox 903 2343 981 2387; x_wconf 90' lang='lat' dir='ltr'><strong>ne</strong></span> <span class='ocrx_word' id='word_1_206' title='bbox 1005 2344 1216 2393; x_wconf 70' lang='lat' dir='ltr'><strong>‚causa</strong></span> <span class='ocrx_word' id='word_1_207' title='bbox 1259 2326 1693 2402; x_wconf 81' lang='lat' dir='ltr'><strong>quaerentibus</strong></span> <span class='ocrx_word' id='word_1_208' title='bbox 1734 2326 2185 2387; x_wconf 87' lang='lat' dir='ltr'><strong>dimicationem</strong></span> 
     </span>
     <span class='ocr_line' id='line_1_27' title="bbox 215 2410 2183 2488; baseline -0.002 -15"><span class='ocrx_word' id='word_1_209' title='bbox 215 2415 488 2488; x_wconf 87' lang='lat' dir='ltr'><strong>daretur,</strong></span> <span class='ocrx_word' id='word_1_210' title='bbox 522 2414 830 2474; x_wconf 87' lang='lat' dir='ltr'><strong>voluntate</strong></span> <span class='ocrx_word' id='word_1_211' title='bbox 857 2411 1053 2488; x_wconf 91' lang='lat' dir='ltr'><strong>ipsius</strong></span> <span class='ocrx_word' id='word_1_212' title='bbox 1083 2411 1457 2472; x_wconf 85' lang='lat' dir='ltr'><strong>sustulerint.</strong></span> <span class='ocrx_word' id='word_1_213' title='bbox 1502 2410 1658 2470; x_wconf 89' lang='lat' dir='ltr'><strong>haec</strong></span> <span class='ocrx_word' id='word_1_214' title='bbox 1687 2426 1825 2469; x_wconf 88' lang='lat' dir='ltr'><strong>cum</strong></span> <span class='ocrx_word' id='word_1_215' title='bbox 1850 2410 1927 2469; x_wconf 88' lang='lat' dir='ltr'><strong>ab</strong></span> <span class='ocrx_word' id='word_1_216' title='bbox 1952 2412 2183 2485; x_wconf 87' lang='lat' dir='ltr'><strong>optimo</strong></span> 
     </span>
     <span class='ocr_line' id='line_1_28' title="bbox 217 2493 2187 2573; baseline -0.002 -16"><span class='ocrx_word' id='word_1_217' title='bbox 217 2511 478 2573; x_wconf 85' lang='lat' dir='ltr'><strong>quoque</strong></span> <span class='ocrx_word' id='word_1_218' title='bbox 505 2513 622 2572; x_wconf 91' lang='lat' dir='ltr'><strong>pro</strong></span> <span class='ocrx_word' id='word_1_219' title='bbox 652 2495 968 2557; x_wconf 85' lang='lat' dir='ltr'><strong>atrocitate</strong></span> <span class='ocrx_word' id='word_1_220' title='bbox 993 2496 1083 2555; x_wconf 88' lang='lat' dir='ltr'><strong>rei</strong></span> <span class='ocrx_word' id='word_1_221' title='bbox 1107 2496 1267 2557; x_wconf 83' lang='lat' dir='ltr'><strong>iacta</strong></span> <span class='ocrx_word' id='word_1_222' title='bbox 1288 2500 1517 2569; x_wconf 74' lang='lat' dir='ltr'><strong>essent,</strong></span> <span class='ocrx_word' id='word_1_223' title='bbox 1546 2493 1792 2567; x_wconf 90' lang='lat' dir='ltr'><strong>vimque</strong></span> <span class='ocrx_word' id='word_1_224' title='bbox 1814 2508 1950 2552; x_wconf 87' lang='lat' dir='ltr'><strong>eam</strong></span> <span class='ocrx_word' id='word_1_225' title='bbox 1974 2501 2187 2553; x_wconf 85' lang='lat' dir='ltr'><strong>contra</strong></span> 
     </span>
     <span class='ocr_line' id='line_1_29' title="bbox 215 2577 2184 2655; baseline -0.003 -14"><span class='ocrx_word' id='word_1_226' title='bbox 215 2596 354 2641; x_wconf 87' lang='lat' dir='ltr'><strong>rem</strong></span> <span class='ocrx_word' id='word_1_227' title='bbox 393 2580 704 2655; x_wconf 86' lang='lat' dir='ltr'><strong>publicam</strong></span> <span class='ocrx_word' id='word_1_228' title='bbox 745 2585 806 2639; x_wconf 88' lang='lat' dir='ltr'><strong>et</strong></span> <span class='ocrx_word' id='word_1_229' title='bbox 831 2579 1183 2655; x_wconf 88' lang='lat' dir='ltr'><strong>pernicioso</strong></span> <span class='ocrx_word' id='word_1_230' title='bbox 1224 2578 1511 2653; x_wconf 88' lang='lat' dir='ltr'><strong>exemplo</strong></span> <span class='ocrx_word' id='word_1_231' title='bbox 1542 2578 1765 2637; x_wconf 85' lang='lat' dir='ltr'><strong>factam</strong></span> <span class='ocrx_word' id='word_1_232' title='bbox 1794 2582 2047 2636; x_wconf 87' lang='lat' dir='ltr'><strong>senatus</strong></span> <span class='ocrx_word' id='word_1_233' title='bbox 2078 2577 2184 2636; x_wconf 87' lang='lat' dir='ltr'><strong>de·</strong></span> 
     </span>
     <span class='ocr_line' id='line_1_30' title="bbox 221 2658 2185 2738; baseline -0.002 -14"><span class='ocrx_word' id='word_1_234' title='bbox 221 2670 495 2738; x_wconf 86' lang='lat' dir='ltr'><strong>cresset,</strong></span> <span class='ocrx_word' id='word_1_235' title='bbox 541 2664 864 2726; x_wconf 82' lang='lat' dir='ltr'><strong>confestim</strong></span> <span class='ocrx_word' id='word_1_236' title='bbox 907 2662 1147 2723; x_wconf 89' lang='lat' dir='ltr'><strong>Carvilii</strong></span> <span class='ocrx_word' id='word_1_237' title='bbox 1187 2660 1416 2723; x_wconf 85' lang='lat' dir='ltr'><strong>tribuni</strong></span> <span class='ocrx_word' id='word_1_238' title='bbox 1455 2660 1655 2735; x_wconf 89' lang='lat' dir='ltr'><strong>plebis</strong></span> <span class='ocrx_word' id='word_1_239' title='bbox 1700 2658 1934 2720; x_wconf 88' lang='lat' dir='ltr'><strong>omissa</strong></span> <span class='ocrx_word' id='word_1_240' title='bbox 1961 2661 2185 2721; x_wconf 84' lang='lat' dir='ltr'><strong>multae</strong></span> 
     </span>
     <span class='ocr_line' id='line_1_31' title="bbox 215 2745 2183 2821; baseline -0.002 -12"><span class='ocrx_word' id='word_1_241' title='bbox 215 2748 558 2809; x_wconf 87' lang='lat' dir='ltr'><strong>certatione</strong></span> <span class='ocrx_word' id='word_1_242' title='bbox 584 2748 676 2809; x_wconf 91' lang='lat' dir='ltr'><strong>rei</strong></span> <span class='ocrx_word' id='word_1_243' title='bbox 705 2746 985 2821; x_wconf 89' lang='lat' dir='ltr'><strong>capitalis</strong></span> <span class='ocrx_word' id='word_1_244' title='bbox 1016 2745 1175 2806; x_wconf 88' lang='lat' dir='ltr'><strong>diem</strong></span> <span class='ocrx_word' id='word_1_245' title='bbox 1203 2745 1518 2807; x_wconf 90' lang='lat' dir='ltr'><strong>Postumio</strong></span> <span class='ocrx_word' id='word_1_246' title='bbox 1550 2745 1855 2819; x_wconf 76' lang='lat' dir='ltr'><strong>dixerunt,</strong></span> <span class='ocrx_word' id='word_1_247' title='bbox 1885 2759 1961 2805; x_wconf 90' lang='lat' dir='ltr'><strong>ac</strong></span> <span class='ocrx_word' id='word_1_248' title='bbox 1989 2745 2051 2806; x_wconf 91' lang='lat' dir='ltr'><strong>ni</strong></span> <span class='ocrx_word' id='word_1_249' title='bbox 2080 2760 2183 2805; x_wconf 89' lang='lat' dir='ltr'><strong>va·</strong></span> 
     </span>
     <span class='ocr_line' id='line_1_32' title="bbox 213 2828 2184 2906; baseline -0.001 -15"><span class='ocrx_word' id='word_1_250' title='bbox 213 2832 338 2893; x_wconf 88' lang='lat' dir='ltr'><strong>des</strong></span> <span class='ocrx_word' id='word_1_251' title='bbox 368 2831 558 2906; x_wconf 77' lang='lat' dir='ltr'><strong>daret,</strong></span> <span class='ocrx_word' id='word_1_252' title='bbox 600 2831 818 2906; x_wconf 89' lang='lat' dir='ltr'><strong>prendi</strong></span> <span class='ocrx_word' id='word_1_253' title='bbox 846 2846 885 2890; x_wconf 88' lang='lat' dir='ltr'><strong>a</strong></span> <span class='ocrx_word' id='word_1_254' title='bbox 912 2830 1144 2891; x_wconf 86' lang='lat' dir='ltr'><strong>viatore</strong></span> <span class='ocrx_word' id='word_1_255' title='bbox 1174 2836 1361 2905; x_wconf 88' lang='lat' dir='ltr'><strong>atque</strong></span> <span class='ocrx_word' id='word_1_256' title='bbox 1388 2828 1451 2889; x_wconf 90' lang='lat' dir='ltr'><strong>in</strong></span> <span class='ocrx_word' id='word_1_257' title='bbox 1482 2843 1789 2889; x_wconf 87' lang='lat' dir='ltr'><strong>carcerem</strong></span> <span class='ocrx_word' id='word_1_258' title='bbox 1817 2828 1956 2889; x_wconf 89' lang='lat' dir='ltr'><strong>duci</strong></span> <span class='ocrx_word' id='word_1_259' title='bbox 1987 2828 2184 2889; x_wconf 90' lang='lat' dir='ltr'><strong>iusse-</strong></span> 
     </span>
     <span class='ocr_line' id='line_1_33' title="bbox 215 2912 2187 2988; baseline -0.001 -14"><span class='ocrx_word' id='word_1_260' title='bbox 215 2922 382 2976; x_wconf 88' lang='lat' dir='ltr'><strong>runt.</strong></span> <span class='ocrx_word' id='word_1_261' title='bbox 423 2914 774 2976; x_wconf 88' lang='lat' dir='ltr'><strong>Postumius</strong></span> <span class='ocrx_word' id='word_1_262' title='bbox 803 2913 1066 2973; x_wconf 87' lang='lat' dir='ltr'><strong>vadibus</strong></span> <span class='ocrx_word' id='word_1_263' title='bbox 1095 2914 1252 2975; x_wconf 89' lang='lat' dir='ltr'><strong>datis</strong></span> <span class='ocrx_word' id='word_1_264' title='bbox 1283 2929 1407 2974; x_wconf 89' lang='lat' dir='ltr'><strong>non</strong></span> <span class='ocrx_word' id='word_1_265' title='bbox 1438 2912 1645 2973; x_wconf 84' lang='lat' dir='ltr'><strong>adfuit.</strong></span> <span class='ocrx_word' id='word_1_266' title='bbox 1692 2912 1915 2974; x_wconf 87' lang='lat' dir='ltr'><strong>tribuni</strong></span> <span class='ocrx_word' id='word_1_267' title='bbox 1943 2912 2187 2988; x_wconf 90' lang='lat' dir='ltr'><strong>plebem</strong></span> 
     </span>
     <span class='ocr_line' id='line_1_34' title="bbox 217 2995 2188 3074; baseline 0.001 -17"><span class='ocrx_word' id='word_1_268' title='bbox 217 3004 625 3074; x_wconf 85' lang='lat' dir='ltr'><strong>rogaverunt,</strong></span> <span class='ocrx_word' id='word_1_269' title='bbox 675 2998 1020 3074; x_wconf 90' lang='lat' dir='ltr'><strong>plebesque</strong></span> <span class='ocrx_word' id='word_1_270' title='bbox 1058 2996 1144 3057; x_wconf 87' lang='lat' dir='ltr'><strong>ita</strong></span> <span class='ocrx_word' id='word_1_271' title='bbox 1183 2995 1389 3071; x_wconf 90' lang='lat' dir='ltr'><strong>scivit,</strong></span> <span class='ocrx_word' id='word_1_272' title='bbox 1440 2996 1489 3057; x_wconf 89' lang='lat' dir='ltr'><strong>si</strong></span> <span class='ocrx_word' id='word_1_273' title='bbox 1533 2996 1613 3055; x_wconf 92' lang='grc' dir='ltr'><strong>Μ.</strong></span> <span class='ocrx_word' id='word_1_274' title='bbox 1655 2996 2005 3059; x_wconf 89' lang='lat' dir='ltr'><strong>Postumius</strong></span> <span class='ocrx_word' id='word_1_275' title='bbox 2048 3005 2188 3058; x_wconf 88' lang='lat' dir='ltr'><strong>ante</strong></span> 
     </span>
     <span class='ocr_line' id='line_1_35' title="bbox 219 3080 2189 3157; baseline -0.003 -11"><span class='ocrx_word' id='word_1_276' title='bbox 219 3082 345 3146; x_wconf 79' lang='lat' dir='ltr'><strong>kal.</strong></span> <span class='ocrx_word' id='word_1_277' title='bbox 375 3081 572 3143; x_wconf 80' lang='lat' dir='ltr'><strong>Maias</strong></span> <span class='ocrx_word' id='word_1_278' title='bbox 615 3098 738 3143; x_wconf 91' lang='lat' dir='ltr'><strong>non</strong></span> <span class='ocrx_word' id='word_1_279' title='bbox 778 3081 1122 3157; x_wconf 88' lang='lat' dir='ltr'><strong>prodisset,</strong></span> <span class='ocrx_word' id='word_1_280' title='bbox 1166 3082 1510 3157; x_wconf 89' lang='lat' dir='ltr'><strong>citatusque</strong></span> <span class='ocrx_word' id='word_1_281' title='bbox 1536 3096 1615 3141; x_wconf 90' lang='lat' dir='ltr'><strong>eo</strong></span> <span class='ocrx_word' id='word_1_282' title='bbox 1647 3080 1748 3140; x_wconf 90' lang='lat' dir='ltr'><strong>die</strong></span> <span class='ocrx_word' id='word_1_283' title='bbox 1776 3098 1898 3142; x_wconf 91' lang='lat' dir='ltr'><strong>non</strong></span> <span class='ocrx_word' id='word_1_284' title='bbox 1926 3097 2189 3155; x_wconf 86' lang='lat' dir='ltr'><strong>respon-</strong></span> 
     </span>
     <span class='ocr_line' id='line_1_36' title="bbox 222 3163 2186 3242; baseline -0.002 -16"><span class='ocrx_word' id='word_1_285' title='bbox 222 3166 426 3227; x_wconf 83' lang='lat' dir='ltr'><strong>disset</strong></span> <span class='ocrx_word' id='word_1_286' title='bbox 450 3182 654 3242; x_wconf 90' lang='lat' dir='ltr'><strong>neque</strong></span> <span class='ocrx_word' id='word_1_287' title='bbox 683 3171 1017 3227; x_wconf 86' lang='lat' dir='ltr'><strong>excusatus</strong></span> <span class='ocrx_word' id='word_1_288' title='bbox 1047 3172 1245 3240; x_wconf 91' lang='lat' dir='ltr'><strong>esset,</strong></span> <span class='ocrx_word' id='word_1_289' title='bbox 1276 3164 1471 3223; x_wconf 85' lang='lat' dir='ltr'><strong>videri</strong></span> <span class='ocrx_word' id='word_1_290' title='bbox 1499 3178 1639 3224; x_wconf 89' lang='lat' dir='ltr'><strong>eum</strong></span> <span class='ocrx_word' id='word_1_291' title='bbox 1669 3163 1728 3223; x_wconf 89' lang='lat' dir='ltr'><strong>in</strong></span> <span class='ocrx_word' id='word_1_292' title='bbox 1760 3163 1978 3223; x_wconf 89' lang='lat' dir='ltr'><strong>exsilio</strong></span> <span class='ocrx_word' id='word_1_293' title='bbox 2008 3178 2186 3235; x_wconf 84' lang='lat' dir='ltr'><strong>esse;</strong></span> 
     </span>
     <span class='ocr_line' id='line_1_37' title="bbox 218 3245 2187 3325; baseline -0.002 -16"><span class='ocrx_word' id='word_1_294' title='bbox 218 3248 520 3325; x_wconf 90' lang='lat' dir='ltr'><strong>bonaque</strong></span> <span class='ocrx_word' id='word_1_295' title='bbox 559 3249 694 3310; x_wconf 88' lang='lat' dir='ltr'><strong>eius</strong></span> <span class='ocrx_word' id='word_1_296' title='bbox 736 3248 974 3323; x_wconf 88' lang='lat' dir='ltr'><strong>venire,</strong></span> <span class='ocrx_word' id='word_1_297' title='bbox 1015 3248 1138 3323; x_wconf 91' lang='lat' dir='ltr'><strong>ipsi</strong></span> <span class='ocrx_word' id='word_1_298' title='bbox 1179 3264 1345 3323; x_wconf 89' lang='lat' dir='ltr'><strong>aqua</strong></span> <span class='ocrx_word' id='word_1_299' title='bbox 1372 3254 1433 3307; x_wconf 88' lang='lat' dir='ltr'><strong>et</strong></span> <span class='ocrx_word' id='word_1_300' title='bbox 1459 3248 1583 3322; x_wconf 86' lang='lat' dir='ltr'><strong>igni</strong></span> <span class='ocrx_word' id='word_1_301' title='bbox 1613 3250 1861 3322; x_wconf 89' lang='lat' dir='ltr'><strong>placere</strong></span> <span class='ocrx_word' id='word_1_302' title='bbox 1888 3245 2187 3307; x_wconf 88' lang='lat' dir='ltr'><strong>interdici.</strong></span> 
     </span>
     <span class='ocr_line' id='line_1_38' title="bbox 215 3330 2187 3409; baseline -0.002 -15"><span class='ocrx_word' id='word_1_303' title='bbox 215 3334 486 3409; x_wconf 86' lang='lat' dir='ltr'><strong>singulis</strong></span> <span class='ocrx_word' id='word_1_304' title='bbox 517 3332 741 3395; x_wconf 90' lang='lat' dir='ltr'><strong>deinde</strong></span> <span class='ocrx_word' id='word_1_305' title='bbox 770 3349 1013 3405; x_wconf 89' lang='lat' dir='ltr'><strong>eorum,</strong></span> <span class='ocrx_word' id='word_1_306' title='bbox 1061 3331 1164 3407; x_wconf 89' lang='lat' dir='ltr'><strong>qui</strong></span> <span class='ocrx_word' id='word_1_307' title='bbox 1194 3331 1407 3393; x_wconf 87' lang='lat' dir='ltr'><strong>turbae</strong></span> <span class='ocrx_word' id='word_1_308' title='bbox 1436 3346 1509 3391; x_wconf 90' lang='lat' dir='ltr'><strong>ac</strong></span> <span class='ocrx_word' id='word_1_309' title='bbox 1537 3332 1825 3391; x_wconf 87' lang='lat' dir='ltr'><strong>tumultus</strong></span> <span class='ocrx_word' id='word_1_310' title='bbox 1856 3330 2187 3391; x_wconf 87' lang='lat' dir='ltr'><strong>concitato·</strong></span> 
     </span>
     <span class='ocr_line' id='line_1_39' title="bbox 215 3413 2189 3493; baseline -0.002 -16"><span class='ocrx_word' id='word_1_311' title='bbox 215 3432 332 3477; x_wconf 74' lang='lat' dir='ltr'><strong>res</strong></span> <span class='ocrx_word' id='word_1_312' title='bbox 372 3417 643 3493; x_wconf 79' lang='lat' dir='ltr'><strong>fuerant,</strong></span> <span class='ocrx_word' id='word_1_313' title='bbox 685 3418 774 3477; x_wconf 90' lang='lat' dir='ltr'><strong>rei</strong></span> <span class='ocrx_word' id='word_1_314' title='bbox 817 3416 1096 3493; x_wconf 87' lang='lat' dir='ltr'><strong>capitalis</strong></span> <span class='ocrx_word' id='word_1_315' title='bbox 1137 3413 1300 3475; x_wconf 90' lang='lat' dir='ltr'><strong>diem</strong></span> <span class='ocrx_word' id='word_1_316' title='bbox 1341 3413 1547 3475; x_wconf 89' lang='lat' dir='ltr'><strong>dicere</strong></span> <span class='ocrx_word' id='word_1_317' title='bbox 1588 3428 1663 3474; x_wconf 88' lang='lat' dir='ltr'><strong>ac</strong></span> <span class='ocrx_word' id='word_1_318' title='bbox 1704 3413 1897 3475; x_wconf 87' lang='lat' dir='ltr'><strong>vades</strong></span> <span class='ocrx_word' id='word_1_319' title='bbox 1929 3429 2189 3490; x_wconf 83' lang='lat' dir='ltr'><strong>poscere</strong></span> 
     </span>
    </p>
   </div>
  </div>
 </body>
</html>
