2550 3959
567 204 799 265 LIBER
826 204 1035 264 XXIX.
1080 205 1245 265 CAP.
1274 213 1361 267 23.
1393 213 1480 266 24.
1527 212 1602 279 [a.
1635 206 1698 265 C.
1727 214 1852 279 204]
2064 206 2192 270 305

222 368 338 421 tur.
407 363 675 418 ceterum
714 356 1094 430 Hasdrubal,
1135 372 1370 417 memor
1411 364 1473 419 et
1512 373 1648 418 cum
1674 358 1966 434 Scipione
2009 361 2190 421 initae

223 442 354 517 regi
385 440 697 501 societatis
740 446 800 499 et
830 443 1014 515 quam
1041 456 1203 501 vana
1231 448 1292 501 et
1319 439 1632 502 mutabilia
1661 442 2056 505 barbarorum
2101 446 2190 504 in·

222 526 407 603 genia
435 532 661 599 essent,
705 524 969 599 veritu8‚
1012 540 1091 585 ne
1118 526 1173 586 si
1200 524 1544 585 traiecisset
1572 525 1634 585 in
1659 528 1932 587 Africam
1961 526 2188 604 Scipi-o,

222 626 485 687 parvum
511 608 822 669 vinculum
850 624 967 668 eae·
990 608 1243 684 nuptiae
1269 617 1508 683 essent,
1555 610 1700 671 dum
1739 626 2068 671 accensum
2095 629 2189 673 re-

223 695 384 755 centi
428 708 637 754 amore
663 692 986 753 Numidam
1026 692 1239 767 habet,
1285 693 1570 769 perpellit
1596 693 1904 755 blanditiis
1942 711 2190 772 quoque

224 779 469 854 puellae
500 774 807 851 adhibitiS,
836 782 902 835 ut
930 778 1165 851 legatos
1194 776 1255 835 in
1284 776 1552 839 Siciliam
1579 778 1662 838 ad
1684 777 2038 855 Scipionem
2058 782 2189 841 mit·

222 870 335 939 tat,
378 878 494 939 per
536 876 695 936 quos
736 866 983 919 moneat
1024 876 1191 933 eum,
1238 876 1318 919 ne
1346 861 1654 943 prioribus
1685 863 1818 923 suis
1860 864 2188 939 promissi-s

226 949 415 1007 fretus
444 946 506 1005 in
520 944 790 1004 Africam
819 944 1084 1005 traiciat=
1112 960 1187 1005 se
1216 952 1279 1005 et
1303 944 1530 1020 nuptiis
1561 946 1714 1007 civis
1739 946 2190 1024 Carthaginien·

226 1032 333 1107 εἰς,
377 1024 543 1091 filiae
568 1027 1005 1102 HasdrubaliS,
1052 1044 1235 1105 quem
1265 1028 1681 1105 viderit‚ap⁴ud
1711 1046 1780 1089 se
1809 1032 1870 1091 in
1900 1032 2188 1107 hospitio,

225 1122 285 1175 et
316 1112 563 1191 publico
606 1112 788 1173 etiam
816 1112 1069 1173 foedere
1110 1129 1249 1173 cum
1274 1114 1508 1189 populo
1541 1114 2021 1189 Carthaginiensi
2056 1116 2189 1177 iun·

224 1206 385 1259 ctum
426 1203 641 1273 optare
681 1196 975 1271 primum,
1016 1204 1087 1257 ut
1126 1198 1343 1272 procul
1384 1198 1460 1256 ab
1499 1198 1739 1271 Africa,
1787 1199 1948 1259 sicut
1987 1200 2190 1260 adhuc

223 1282 495 1356 fecerint,
522 1280 751 1339 bellum
769 1280 1031 1340 Romani
1060 1296 1199 1341 cum
1221 1280 1824 1357 Carthaginiensibus
1851 1292 2082 1359 gerant,
2111 1300 2190 1344 ne

224 1366 341 1426 sibi
385 1366 687 1425 interesse
718 1364 1149 1425 certaminibus
1190 1380 1402 1426 eorum
1439 1382 1736 1441 armaque
1776 1375 1882 1427 aut
1905 1367 2060 1428 haec
2089 1377 2191 1429 aut

223 1450 344 1525 illa,
381 1451 748 1510 abnuentem
778 1450 1029 1508 alteram
1057 1450 1431 1523 societatem,
1479 1450 1659 1526 sequi
1687 1466 1950 1512 necesse
1975 1452 2073 1513 sit.
2135 1454 2189 1512 si

174 1543 180 1551 '
223 1551 348 1595 non
390 1534 693 1594 abstineat
730 1532 941 1593 Africa
970 1532 1178 1609 Scipio
1224 1540 1284 1593 et
1323 1534 1696 1621 Carthaginix
1709 1536 2040 1597 exercitum
2082 1537 2186 1596 ad·

224 1624 486 1691 moveat,
527 1617 644 1677 sibi
674 1617 1091 1677 necessarium
1120 1618 1253 1677 fore
1283 1625 1344 1680 et
1371 1635 1484 1694 pro
1513 1626 1677 1679 terra
1701 1620 1930 1693 Africa,
1975 1621 2036 1681 in
2067 1637 2189 1696 qua

223 1711 283 1764 et
311 1704 449 1778 ipse
478 1702 559 1763 sit
584 1701 845 1777 genituS,
878 1706 939 1761 et
965 1717 1079 1777 pro
1103 1702 1300 1777 patria
1323 1704 1604 1777 coniugis
1636 1719 1786 1763 suae
1808 1719 2051 1778 proque
2080 1721 2182 1779 pa-

222 1794 393 1848 rente
422 1803 497 1847 ac
524 1784 849 1861 penatibus
880 1784 1193 1846 dimicare.

390 1870 604 1933 XXIV.
650 1870 798 1931 Cum
826 1869 903 1929 iis
922 1870 1233 1953 „mandatis
1264 1870 1342 1929 ab
1365 1884 1511 1944 rege
1532 1871 1716 1946 legati
1745 1872 1826 1931 ad
1839 1870 2190 1947 Scipionem

224 1955 396 2016 missi
452 1952 784 2031 Syracusis
834 1969 972 2014 eum
1020 1960 1456 2014 convenerunt.
1559 1953 1769 2031 Scipio
1821 1972 2188 2031 quamquam

222 2055 448 2115 magno
490 2045 797 2099 momento
827 2054 1028 2097 rerum
1069 2039 1133 2097 in
1159 2038 1372 2098 Africa
1397 2040 1802 2115 gerendarum
1843 2056 2191 2117 magnaque

225 2140 340 2201 spe
382 2122 705 2184 destitutus
748 2129 905 2195 erat,
948 2123 1165 2197 legatis
1196 2138 1460 2199 propere
1478 2170 1491 2196 ,
1537 2124 1892 2200 priusquam
1923 2140 2027 2185 res
2059 2126 2188 2185 vul-

222 2216 485 2285 garetur,
513 2206 793 2268 remissis
822 2206 883 2265 in
905 2205 1178 2266 Africam
1204 2207 1434 2267 litteras
1465 2207 1571 2267 dat
1599 2208 1679 2267 ad
1706 2224 1932 2283 regem,
1967 2210 2188 2284 quibus

222 2294 401 2355 etiam
436 2300 620 2367 atque
648 2291 829 2351 etiam
856 2294 1063 2352 monet
1090 2304 1247 2363 eum,
1279 2306 1358 2349 ne
1385 2290 1518 2350 iura
1543 2290 1799 2367 hospitii
1829 2306 2038 2353 secum
2069 2308 2188 2353 neu

224 2394 365 2440 eum
392 2376 625 2453 populo
648 2376 926 2435 Romano
956 2374 1141 2435 initae
1169 2374 1500 2451 societatis,
1547 2388 1670 2435 neu
1697 2376 1792 2435 fas
1823 2376 2008 2436 fidem
2040 2377 2182 2436 dex*

221 2471 407 2535 teraS,
439 2461 593 2521 deos
622 2467 812 2520 testes
844 2464 1029 2534 atque
1058 2458 1323 2519 arbitros
1353 2466 1814 2534 conventorum,
1845 2460 2032 2519 fallat.
2091 2476 2186 2521 ce-

220 2555 417 2607 terum
448 2544 696 2621 quando
726 2559 930 2619 neque
968 2542 1153 2603 celari
1194 2543 1496 2603 adventus
1525 2542 1920 2604 Numidarum
1952 2551 2192 2621 poterat

218 2664 305 2675 —·
344 2630 549 2705 vagati
590 2628 751 2688 enim
780 2628 841 2687 in
882 2626 1035 2687 urbe
1077 2628 1518 2704 obversatique
1546 2628 1854 2702 praetorio
1887 2629 2060 2689 e‘rant
2083 2660 2188 2702 -—‚

221 2723 313 2787 et,
358 2714 415 2773 si
458 2714 737 2773 sileretur
782 2712 927 2787 quid
948 2719 1237 2789 'petentes
1276 2712 1622 2787 venissent,
1663 2712 2000 2788 periculum
2041 2719 2187 2785 erat,

222 2814 301 2859 ne
326 2812 477 2857 vera
505 2814 579 2857 eo
609 2798 749 2873 ipso
782 2796 951 2871 quod
973 2797 1314 2857 celarentur
1343 2812 1458 2856 sua
1478 2802 1701 2871 sponte
1721 2796 1918 2871 magis
1947 2812 2187 2855 emana-

218 2891 374 2957 rent,
412 2883 719 2956 timorque
747 2881 809 2939 in
838 2881 1169 2940 exercitum
1196 2880 1511 2954 incideret,
1553 2896 1632 2940 ne
1665 2880 1846 2941 simul
1876 2895 2012 2940 cum
2043 2895 2191 2955 rege

218 2976 280 3027 et
310 2964 911 3042 Carthaginiensibus
941 2964 1098 3024 soret
1125 2963 1495 3039 bellandum,
1527 2965 1744 3026 avertit
1770 2980 1809 3025 a
1837 2979 1986 3024 vero
2015 2964 2190 3025 falsis

218 3050 735 3127 praeoccupando
764 3055 999 3109 mentes
1023 3048 1351 3123 hominum,
1383 3056 1444 3109 et
1463 3049 1700 3111 vocatis
1731 3049 1812 3110 ad
1841 3048 2190 3112 contionem

223 3133 513 3194 militibus
556 3150 680 3194 non
721 3133 881 3194 ultra
922 3148 1066 3191 esse
1105 3131 1514 3193 cunctandum
1554 3134 1656 3195 ait.
1717 3134 1977 3208 instare,
2022 3142 2087 3193 ut
2129 3134 2190 3193 in

220 3216 491 3279 Africam
522 3234 706 3293 quam
737 3218 995 3293 primum
1023 3216 1275 3289 traiciat,
1310 3216 1520 3277 socios
1548 3234 1748 3293 regeS,
1793 3217 2191 3279 Masinissam

222 3318 425 3379 ipsum
468 3301 639 3377 prius
683 3302 761 3361 ad
789 3301 1063 3362 Laelium
1103 3300 1354 3361 venisse
1396 3309 1781 3376 querentem,
1833 3302 2000 3377 quod
2043 3316 2190 3362 cun-

220 3386 445 3446 ctando
472 3393 715 3461 tempus
742 3392 1067 3446 tereretur:
1110 3400 1271 3448 nunc
1302 3384 1656 3463 Syphacem
1684 3387 1922 3446 mittere
1951 3387 2187 3462 legatos

220 3471 381 3531 idem
407 3470 823 3542 admirantem,
850 3470 1403 3544 postulantemque,
1422 3476 1488 3530 ut
1503 3474 1606 3529 aut
1616 3468 1929 3530 traiciatur
1941 3470 2186 3529 tandem

302 3572 353 3614 τ.
380 3571 503 3613 ιῑνῐ
528 3569 679 3612 PARS
702 3552 800 3610 ΙΙΙ.
1715 3561 1788 3614 20
