2550 3959
329 236 455 299 364
658 235 885 296 LIBER
905 235 1088 294 XXX.
1135 236 1523 296 CAP.41.42.
1571 242 1641 307 [a.
1672 240 1737 291 υ.
1765 258 1811 291 c.
1838 240 1964 305 551]

329 396 575 467 praetor
598 388 755 447 duas
777 386 1051 461 legiones
1076 386 1135 446 in
1162 384 1370 446 Sicilia
1389 387 1466 446 ab
1492 388 1596 446 Cn.
1621 387 1938 447 Tremellio
1963 387 2298 463 acciperet.

329 473 489 548 legio
532 488 657 532 una
683 470 765 529 M.
794 469 984 531 Fabio
1027 471 1087 529 in
1120 468 1496 543 Sardiniam,
1541 487 1723 544 quam
1751 470 1816 527 P.
1847 468 2132 532 Lentulus
2179 489 2300 547 pro

332 563 615 633 praetore
659 553 1006 627 habuisset,
1052 553 1422 613 decernitur.
1493 552 1574 612 M.
1607 552 1866 615 Servilio
1899 554 2120 629 prioris
2149 555 2302 616 anni

332 640 567 702 consuli
612 654 749 699 curn
791 637 923 697 suis
966 637 1207 697 duabus
1248 639 1391 696 item
1420 636 1764 711 legionibus
1795 639 1854 696 in
1883 638 2122 699 Etruria
2153 656 2300 714 pro-

330 731 607 799 rogatum
636 723 699 782 in
730 736 953 781 annum
983 720 1302 795 imperium
1335 727 1446 780 est.
1497 720 1665 796 quod
1693 722 1773 780 ad
1799 722 2134 797 Hispanias
2161 724 2300 783 atti·

333 814 523 881 neret,
567 806 802 881 aliquot
830 820 1027 864 annos
1060 805 1177 863 iam
1206 805 1290 864 ibi
1317 804 1385 863 L.
1419 803 1762 864 Cornelium
1790 805 2109 883 Lentulum
2140 816 2200 866 et
2227 807 2302 865 Ι..

329 892 619 951 Manlium
648 888 978 948 Acidinum
1020 902 1197 957 esse;
1242 888 1330 948 uti
1373 890 1662 948 consules
1695 904 1830 948 cum
1861 890 2122 951 tribunis
2155 906 2299 965 age-

330 982 481 1049 rent,
510 982 594 1049 ut,
627 973 680 1033 si
708 972 783 1031 iis
820 972 1147 1043 videretur,
1182 971 1424 1047 plebem
1449 978 1770 1047 rogarent,
1803 974 1900 1034 cui
1929 974 2210 1035 iuberent
2237 974 2301 1034 in

332 1059 631 1134 Hispania
682 1056 1003 1132 imperium
1051 1070 1226 1125 esse3
1297 1055 1354 1115 is
1393 1070 1472 1115 ex
1525 1056 1768 1117 dnobus
1819 1057 2188 1118 exercitibus
2238 1058 2300 1117 in

336 1159 515 1203 unam
559 1142 860 1218 legionem
904 1139 1324 1201 conscriberet
1348 1139 1662 1200 Romanos
1691 1140 1913 1201 milites
1943 1148 2004 1201 et
2031 1141 2090 1199 in
2125 1142 2298 1216 qnin-

335 1226 529 1287 decim
564 1225 849 1286 cohortes
878 1224 1086 1285 socios
1115 1222 1311 1283 Latini
1339 1222 1623 1297 nominis,
1667 1224 1891 1299 quibus
1923 1226 2299 1300 provinciam

337 1310 669 1381 obtineret;
732 1316 974 1369 veteres
1017 1307 1239 1368 milites
1279 1307 1347 1366 L.
1379 1307 1697 1368 Cornelius
1740 1315 1802 1369 et
1838 1309 1906 1368 L.
1933 1309 2198 1370 Manlius
2237 1309 2299 1368 in

335 1395 565 1454 ltaliam
596 1393 1006 1468 deportarent.
1046 1390 1297 1454 consuli
1331 1392 1774 1467 quinquaginta
1801 1391 2046 1453 navium
2077 1393 2304 1454 classis

337 1494 415 1537 ex
445 1477 683 1538 duabus
717 1476 1041 1549 classibus,
1074 1475 1180 1536 Cn.
1216 1473 1468 1549 Octavii,
1503 1490 1663 1551 quae
1694 1475 1751 1537 in
1785 1473 1994 1535 Africa
2023 1483 2208 1551 esset,
2243 1485 2304 1538 et

335 1561 396 1619 P.
426 1561 622 1634 Villii,
679 1576 837 1636 quac
868 1560 1111 1619 Siciliae
1148 1575 1318 1618 oram
1359 1560 1672 1633 tuebatur,
1717 1560 1993 1633 decreta,
2035 1567 2106 1621 ut
2146 1576 2304 1637 quas

208 1686 215 1693 ·
316 1647 518 1705 'vellet
557 1659 749 1703 naves
794 1644 1103 1717 deligeret.
1174 1642 1239 1701 P.
1271 1641 1482 1718 Scipio
1516 1642 1919 1718 quadraginta
1949 1660 2140 1704 naves
2172 1647 2301 1705 lon-

336 1744 478 1804 gaS,
524 1744 681 1803 quas
725 1727 1069 1798 habuisset,
1112 1726 1386 1788 haberet.
1462 1726 1686 1802 quibus
1729 1728 1781 1787 si
1825 1727 1931 1788 Cn.
1968 1727 2302 1802 Octavium,

338 1814 495 1873 sicut
537 1811 937 1887 praefuisset,
984 1825 1282 1886 praeesse
1321 1812 1534 1884 vellet,
1581 1808 1830 1872 Octavio
1875 1827 1990 1885 pro
2023 1820 2306 1886 praetore

339 1899 397 1957 in
442 1912 581 1956 eum
610 1911 847 1955 annum
890 1894 1209 1969 imperium
1252 1902 1451 1955 esset=
1516 1895 1569 1955 si
1609 1893 1882 1955 Laelium
1923 1896 2304 1970 praeficeret,

342 1980 628 2041 Octavius
670 1980 925 2041 Romam
968 1978 1323 2051 decederet,
1367 1978 1814 2054 reduceretque
1855 1995 2048 2040 naves
2081 1980 2305 2054 quibus

342 2064 580 2124 consuli
608 2079 763 2123 usus
792 2078 915 2123 non
947 2069 1132 2122 esset.
1206 2069 1267 2121 et
1291 2062 1373 2120 Μ.
1405 2061 1593 2123 Fabio
1625 2063 1684 2120 in
1717 2062 2059 2123 Sardiniam
2089 2064 2304 2123 decem

339 2149 558 2223 longae
586 2161 781 2207 naves
810 2146 1112 2205 decretae.
1161 2152 1221 2205 et
1242 2146 1533 2207 consules
1557 2146 1714 2206 duas
1738 2146 2004 2206 urbanas
2029 2147 2304 2221 legiones

340 2231 613 2292 scribere
638 2230 814 2304 iussi,
845 2236 913 2290 ut
941 2230 1432 2305 quattuordecim
1461 2230 1804 2305 legionibus
1835 2246 1910 2292 eo
1943 2246 2124 2304 anno,
2163 2246 2294 2290 cen·

278 2382 284 2388 ,
340 2323 463 2376 tum
491 2315 751 2376 navibus
781 2314 981 2389 longis
1010 2329 1113 2374 res
1146 2314 1392 2389 publica
1421 2314 1961 2376 administraretur.

507 2400 683 2458 XLII.
729 2400 880 2459 Tum
925 2399 1009 2458 de
1058 2398 1271 2471 legatis
1315 2397 1578 2473 Phi-lippi
1621 2404 1683 2457 et
1721 2398 2304 2474 Carthaginiensium

341 2490 559 2543 actum.
633 2482 873 2558 priores
922 2480 1298 2542 Macedonas
1357 2482 1661 2543 introduci
1721 2485 1979 2558 placuit;
2047 2496 2303 2557 quorum

338 2566 509 2627 varia
549 2567 741 2628 oratio
788 2566 925 2638 fuit,
982 2565 1198 2639 partim
1242 2566 1630 2641 purgantium
1647 2612 1661 2638 ‚
1709 2582 1869 2642 quae
1911 2566 2110 2643 questi
2137 2572 2310 2626 erant

340 2650 508 2710 missi
544 2651 623 2710 ad
652 2666 861 2725 regem
892 2649 970 2709 ab
998 2649 1195 2709 Roma
1222 2650 1405 2724 legati
1435 2650 1516 2710 de
1545 2650 1942 2725 populatione
1971 2650 2302 2723 sociorum,

342 2734 556 2807 partim
606 2735 767 2794 ultro
818 2732 1237 2793 accusantium
1283 2733 1530 2809 quidem
1573 2739 1634 2793 et
1672 2734 1880 2793 socios
1927 2735 2139 2809 populi
2181 2734 2303 2792 Ro-

341 2818 529 2891 mani,
572 2818 687 2878 sed
728 2817 915 2877 multo
958 2816 1239 2876 infestius
1279 2816 1361 2875 M.
1391 2816 1742 2890 Aurelium,
1787 2832 1968 2892 quem
2004 2832 2082 2877 ex
2115 2814 2306 2877 tribus

341 2900 421 2960 ad
448 2916 519 2961 se
558 2900 766 2963 missis
808 2900 1023 2975 legatis
1066 2899 1290 2961 dilectu
1329 2898 1536 2962 habito
1571 2900 1924 2961 substitisse
1954 2908 2114 2961 etse
2140 2901 2304 2961 bello

342 2986 675 3046 lacessisse
726 2990 939 3046 contra
988 2984 1209 3044 foedus
1254 2991 1317 3044 et
1363 2999 1555 3060 saepe
1606 3000 1744 3045 cum
1796 2984 2124 3060 praefectis
2177 2983 2306 3043 suis

342 3068 533 3144 signis
577 3069 812 3130 collatis
845 3082 1194 3144 pugnasse,
1236 3075 1301 3129 et
1329 3068 1796 3144 postulantium,
1841 3075 1908 3129 ut
1931 3067 2305 3129 Macedones

343 3152 593 3229 duxque
636 3168 848 3213 eorum
880 3150 1170 3226 Sopater,
1218 3153 1322 3226 qui
1365 3152 1533 3227 apud
1575 3153 1976 3215 Hannibalern
2019 3150 2308 3211 mercede

341 3236 721 3308 militassent,
755 3243 881 3298 tum
910 3235 1071 3311 capti
1098 3234 1157 3294 in
1180 3234 1400 3296 vinclis
1425 3244 1653 3311 essent,
1683 3235 1800 3296 sibi
1821 3238 2305 3296 restituerentur.

344 3320 640 3381 adversus
672 3336 745 3381 ea
772 3320 853 3382 Μ.
883 3319 1119 3394 FuriuS,
1150 3318 1382 3381 missus
1411 3320 1490 3379 ad
1520 3320 1582 3381 id
1611 3320 1811 3396 ipsum
1843 3319 1920 3380 ab
1943 3319 2196 3380 Aurelio
2229 3333 2306 3377 cx

341 3401 729 3477 Macedonia,
763 3403 1077 3474 disseruit,
1106 3404 1422 3464 Aurelium
1449 3404 1754 3478 relictum,
1797 3418 1878 3463 ne
1908 3403 2062 3464 socii
2093 3402 2306 3477 populi

341 3486 596 3547 Romani
632 3487 781 3547 l'essi
813 3486 1312 3563 populationibus
1343 3494 1528 3563 atque
1557 3486 1775 3549 iniuria
1805 3486 1884 3547 ad
1913 3501 2121 3563 regern
2157 3483 2302 3543 defi—
