2550 3959
356 229 443 293 88
698 228 930 291 LlBER
948 228 1136 289 XXV.
1180 228 1346 289 CAP.
1369 237 1458 291 30.
1477 236 1569 294 31.
1601 228 1676 305 [a.
1699 232 1769 287 U.
1795 250 1844 287 c.
1867 234 1994 301 5140]

358 398 481 461 que
522 384 602 443 ad
629 382 859 445 Nasum
898 387 1165 443 armatos
1208 388 1556 456 exponunt,
1607 380 1713 455 qui
1752 379 2092 457 improviso
2122 380 2330 445 adorti

358 466 731 543 semiplenas
761 466 1056 527 stationes
1084 470 1149 525 et
1168 464 1498 540 adapertas
1529 466 1695 527 fores
1719 471 1954 541 portae,
1988 480 2112 540 qua
2135 469 2326 540 paulo

357 558 499 612 ante
540 554 937 613 excurrerant
976 549 1189 610 armati
1204 592 1220 623 ,
1262 548 1429 613 haud
1470 563 1690 623 magno
1735 548 2065 611 certamine
2091 549 2330 613 Nasum

358 650 582 711 cepere
606 634 929 695 ‘desertam
969 632 1374 708 trepidatione
1416 641 1476 694 et
1521 632 1666 707 suga
1707 632 2052 693 custodum.
2116 648 2329 710 neque

356 719 419 780 in
457 718 597 780 ullis
650 718 852 779 minus
900 716 1197 793 praesidii
1245 723 1351 779 aut
1398 715 1772 792 pertinaciae
1819 717 1900 776 ad
1948 718 2326 779 manendum

360 818 544 879 quam
572 802 632 861 in
661 801 997 877 transfugis
1026 800 1157 876 fuit,
1190 801 1336 877 quia
1361 816 1441 860 ne
1464 800 1594 861 suis
1621 799 1868 875 quidem
1892 798 2047 861 satis
2066 801 2326 863 creden-

357 895 449 948 tcs
488 902 561 946 se
588 886 793 947 medio
822 885 1151 947 certamine
1178 884 1542 961 effugerunt.
1598 884 1958 959 Marcellus,
1985 890 2056 945 ut
2080 891 2326 960 captam

356 986 500 1031 esse
528 970 760 1031 Nasum
799 970 984 1046 vidit,
1024 976 1085 1030 et
1110 968 1500 1033 Achradinae
1539 968 1854 1043 regionem
1895 984 2078 1029 uuam
2107 971 2325 1045 teneri,

356 1054 815 1129 Moericumque
846 1067 984 1115 cum
1012 1052 1326 1129 praesidio
1357 1053 1490 1116 suis
1519 1052 1888 1127 adiunctum,
1919 1051 2195 1129 receptui
2220 1069 2323 1114 ce-

358 1138 528 1214 cinit,
560 1154 639 1198 ne
664 1139 875 1214 regiae
902 1152 1089 1214 opes,
1121 1154 1383 1214 quarum
1412 1138 1573 1200 fama
1600 1136 1794 1197 maior
1823 1150 2008 1213 quam
2035 1151 2139 1197 res
2169 1143 2322 1211 erat,

356 1222 783 1297 diriperentur.

520 1306 735 1367 XXXI.
772 1305 1129 1382 suppresso
1151 1306 1384 1381 impetu
1404 1305 1655 1367 militum
1675 1310 1744 1366 ut
1763 1303 1857 1378 iis,
1885 1303 1988 1379 qui
2007 1303 2070 1363 in
2083 1302 2322 1365 Achra·

357 1391 517 1450 dina·
538 1398 742 1465 erant,
785 1390 1125 1467 transfugis
1152 1390 1418 1465 spatium
1448 1390 1748 1464 locusque
1778 1389 1958 1462 fugae
1993 1388 2174 1449 datus
2205 1396 2320 1464 est,

356 1473 733 1552 Syracusani
772 1474 1021 1535 tandem
1046 1473 1223 1535 liberi
1251 1479 1418 1534 metu
1443 1473 1638 1547 portis
1667 1470 2056 1533 Achradinae
2085 1472 2324 1547 apertis

356 1565 633 1618 oratores
664 1558 745 1617 ad
770 1556 1124 1619 Marcellum
1150 1557 1420 1633 mittunt,
1449 1556 1596 1619 nihil
1629 1561 1906 1631 petentes
1937 1556 2102 1616 aliud
2133 1572 2320 1631 quam

354 1640 827 1702 incolumitatem
856 1640 975 1702 sibi
1002 1640 1339 1717 liberisque
1367 1656 1516 1705 suis.
1559 1640 1890 1701 Marcellus
1919 1639 2176 1701 consilio
2207 1640 2318 1699 ad-

354 1732 571 1786 vocato
601 1730 663 1786 et
690 1724 975 1787 adhibitis
1006 1726 1187 1787 etiam
1218 1723 1664 1805 Syracusanis,
1707 1722 1814 1800 qui
1839 1738 1951 1800 per
1981 1722 2322 1785 seditiones

354 1810 516 1885 pulsi
547 1810 624 1869 ab
654 1810 839 1871 domo
868 1810 1025 1871 intra
1051 1810 1371 1886 praesidia
1382 1811 1662 1873 Romana
1689 1808 1945 1883 fuerant,
1976 1808 2318 1883 respondit,

354 1910 476 1955 non
528 1896 708 1969 plura
754 1909 869 1970 per
917 1909 1114 1955 annos
1170 1894 1614 1970 quinquaginta
1659 1893 1982 1953 benefacta
2027 1891 2318 1953 Hieronis

354 1994 538 2052 quam
567 1978 784 2053 paucis
812 1978 909 2037 his
940 1978 1117 2039 annis
1145 1978 1448 2038 maleficia
1477 1993 1690 2039 eorum
1721 1975 1826 2051 qui
1851 1974 2198 2053 Syracusas
2226 1981 2316 2035 te-

352 2062 592 2122 nuerint
631 2076 779 2136 erga
808 2062 1105 2136 populum
1133 2061 1479 2123 Romanum
1511 2077 1671 2122 esse.
1737 2059 1850 2119 sed
1879 2060 2177 2135 pleraque
2207 2075 2316 2121 eo-

348 2161 481 2205 rum
532 2160 655 2220 quo
704 2144 1027 2207 debuerint
1077 2145 1414 2206 reccidisse
1427 2190 1443 2219 ,
1502 2146 1946 2219 foederumque
1993 2150 2315 2218 ruptorum

349 2228 524 2304 ipsos
568 2229 645 2289 ab
676 2242 747 2289 se
780 2229 1099 2304 graviores
1128 2231 1320 2292 multo‘
1345 2246 1528 2305 quam
1559 2228 1831 2305 populus
1857 2228 2172 2289 Romanus
2205 2246 2315 2288 vo·

347 2314 525 2373 luerit
551 2328 791 2393 poenas
819 2313 1128 2389 exegisse.
1166 2328 1241 2375 se
1268 2315 1517 2389 quidem
1543 2314 1780 2377 tertium
1805 2328 2030 2372 annum
2055 2311 2314 2371 circum-

348 2397 569 2457 sedere
612 2396 992 2477 Syracusas,
1045 2414 1170 2459 non
1218 2404 1284 2460 ut
1332 2400 1602 2475 populus
1642 2397 1956 2461 Romanus
2007 2404 2314 2457 servatam

348 2480 653 2542 civitatem
682 2481 955 2557 haberet,
986 2483 1101 2544 sed
1126 2498 1207 2543 nc
1228 2482 1708 2559 alienigenarum
1730 2481 2313 2556 transfugarumque

347 2565 539 2626 duces
571 2574 811 2643 captam
842 2575 902 2628 et
930 2582 1302 2644 oppressam
1328 2574 1622 2628 tenerent.
1677 2564 1826 2641 quid
1854 2564 2162 2639 potuerint
2189 2562 2312 2641 Sy-

344 2651 634 2710 racusani
674 2651 909 2724 facere,
954 2652 1239 2725 exemplo
1280 2651 1382 2710 vel
1421 2666 1533 2712 eos
1576 2664 1720 2714 esse
1751 2647 2312 2727 Syracusanorum,

350 2733 455 2807 qui
481 2733 639 2793 intra
668 2734 978 2809 praesidia
1002 2735 1284 2797 Romana
1312 2735 1554 2809 suerint,
1587 2734 1687 2793 vel
1715 2733 2061 2808 Hispanum
2088 2734 2311 2793 ducem

344 2814 711 2893 Moericum,
759 2818 862 2893 qui
895 2818 1267 2893 praesidium
1297 2818 1640 2893 tradiderit,
1684 2818 1782 2879 vel
1811 2817 2092 2892 ipsorum
2119 2815 2312 2895 Syra-

350 2914 718 2961 cusanorum
758 2908 1074 2977 postremo
1118 2917 1325 2970 serum
1355 2902 1604 2977 quidem
1632 2902 1748 2962 sed
1777 2900 1937 2962 forte
1965 2900 2308 2970 consilium.

343 2982 460 3043 sibi
491 2984 758 3045 omnium
786 2985 1063 3046 laborum
1092 2986 1629 3061 periculorumque
1656 2986 1823 3051 circa
1845 2986 2090 3049 moenia
2117 2984 2312 3063 Syra-

344 3078 579 3128 cusana
617 3074 779 3129 terra
818 3068 1095 3145 marique
1134 3077 1259 3130 tam
1298 3070 1408 3131 diu.
1445 3070 1884 3132 exhaustorum
1913 3084 2310 3145 nequaquam

344 3158 573 3214 tantum
625 3152 888 3213 fructum
928 3168 1072 3214 esse
1116 3155 1286 3229 quod
1325 3168 1549 3229 capere
1593 3152 1941 3233 Syracusas
1985 3153 2338 3229 potuisset:

341 3236 483 3295 inde
528 3242 820 3313 quaestor
861 3252 1003 3299 cum·
1040 3238 1352 3313 praesidio
1395 3239 1474 3298 ad
1513 3238 1742 3299 Nasum
1787 3243 1848 3298 ct
1885 3236 2312 3313 accipiendam

340 3319 667 3395 pecuniam
714 3321 947 3397 regiam
996 3322 1589 3397 custodiendamque
1641 3320 1893 3383 missus.
1963 3320 2114 3383 urbs
2159 3320 2309 3381 diri-

340 3402 568 3479 pienda
580 3404 749 3467 militi
775 3406 919 3467 data
938 3412 1035 3467 est
1056 3406 1419 3467 custodibus
1445 3406 1660 3467 divisis
1685 3420 1799 3481 per
1821 3406 2044 3467 domos
2069 3420 2312 3481 eorum,

342 3502 444 3563 qu!
500 3484 658 3547 intra
709 3488 1021 3564 praesidia
1066 3490 1344 3551 Romana
1399 3490 1658 3551 fuerunt.
1733 3504 1871 3551 eum
1921 3490 2108 3551 multa
2155 3490 2309 3566 irae,
