2550 3959
569 252 796 353 unua
824 254 1035 315 xxw.
1083 254 1471 321 CAP.12.13.
1516 262 1590 331 [a.
1621 263 1686 316 c.
1714 263 1845 331 πμ]
2098 254 2183 319 1³

381 406 516 467 ΧΠ.
559 407 674 468 Hic
701 408 897 469 maior
917 407 1102 469 solito
1131 415 1467 485 apparatus
1496 409 1829 486 praecipue
1857 406 2185 471 conterruit

211 492 601 567 Campanos,
651 506 732 552 ne
781 491 868 551 ab·
909 492 1236 553 obsidione
1288 493 1533 569 Capuae
1577 492 1805 555 bellum
1856 492 1989 555 eius
2040 510 2183 553 amn

217 576 481 639 Romani
528 575 888 652 inciperent.
949 576 1035 637 ita
1081 577 1320 652 legatos
1370 578 1451 637 ad
1492 576 1895 637 Hannibalem
1948 586 2181 638 oratum

217 664 548 733 unsemnt,
593 664 657 719 ut
687 658 956 736 Capuam
995 660 1331 721 exercitum
1371 662 1750 723 admoveret·
1795 662 1876 721 ad
1906 676 2041 721 eam
2072 676 2181 736 op—

217 744 616 821 pugnandam
643 759 845 805 novos
873 744 1182 805 exercitus
1211 744 1397 805 scribi
1425 746 1684 818 Romae,
1728 760 1843 806 nec
1870 744 2055 807 ullius
2086 760 2182 805 ur-

217 829 316 889 bis
339 828 671 890 defectioni
693 829 890 905 magis
918 828 1197 889 infensos
1227 839 1438 889 eorum
1468 831 1707 891 animos
1736 844 1899 912 esse.
1944 828 2009 889 id
2040 828 2184 905 quia

217 928 344 973 sam
385 912 608 987 trepidi
649 912 1034 987 nuntiabant,
1081 913 1509 974 maturandum
1537 901 1837 975 Hannibal
1864 921 2064 985 ratus,
2103 928 2184 973 ne

217 996 656 1072 praevenirent
671 996 952 1072 Romani,
985 997 1298 1074 profectus
1325 998 1515 1073 Arpis
1542 1000 1625 1059 ad
1651 998 1891 1057 Tifata
1872 1015 1932 1059 m
1961 997 2181 1059 veteri-

217 1081 338 1141 bus
367 1080 590 1141 castris
621 1096 809 1156 super
831 1080 1100 1157 Capuam
1130 1080 1430 1141 consedit.
1472 1081 1634 1157 inde,
1664 1082 1939 1143 Numidis
1960 1081 2183 1157 Hispa-

217 1164 445 1248 nisque
484 1164 566 1225 ad
607 1165 983 1240 praesidium
1012 1165 1191 1226 simul
1231 1172 1569 1225 castrorum
1606 1165 1787 1227 simul
1812 1166 2060 1243 Capuae
2086 1182 2183 1225 re-

133 1312 148 1323 ,
221 1247 414 1321 lictis,
455 1264 594 1309 cum
621 1255 828 1309 cetero
869 1249 1140 1311 exercitu
1171 1249 1252 1309 ad
1282 1248 1479 1309 lacum
1507 1250 1740 1309 Averni
1768 1264 1882 1324 per
1909 1250 2180 1324 speciem

219 1332 646 1407 sacrificandi,
685 1349 757 1392 re
795 1334 964 1409 ipsa,
1017 1342 1082 1395 ut
1110 1340 1433 1409 temptaret
1455 1331 1744 1394 Puteolos
1776 1333 2070 1409 quodque
2098 1329 2181 1391 ibi

220 1416 516 1492 praesidii
537 1424 684 1491 exat,
712 1417 1050 1477 descendit.
1087 1416 1411 1492 Maximus,
1440 1424 1768 1496 postquam
1781 1416 2180 1477 Hannibalem

219 1500 412 1577 Arpis
455 1501 796 1575 profectum
835 1507 898 1561 et
934 1502 1176 1577 regredi
1215 1501 1277 1561 in
1322 1502 1711 1578 Campaniam
1754 1501 2023 1562 adlatum
2064 1510 2179 1573 est,

221 1600 336 1645 nec
363 1584 466 1645 die
485 1600 604 1645 nec
623 1592 807 1645 nocte
832 1584 1182 1646 intermisso
1212 1584 1428 1648 itinere
1448 1585 1531 1645 ad
1560 1587 1894 1647 exercitum
1914 1584 2091 1659 redit,
2122 1594 2183 1645 et

220 1668 350 1729 Tib.
378 1668 725 1729 Gracchum
751 1667 830 1729 ab
857 1668 1116 1730 Luceria
1132 1669 1553 1730 Beneventum
1581 1670 1797 1745 copias
1826 1670 2179 1742 admovere,

217 1751 288 1826 Q.
327 1750 586 1813 Fabium
629 1760 976 1829 praetorem
1013 1782 1102 1796 —-
1128 1754 1182 1813 is
1210 1754 1375 1813 filius
1404 1754 1677 1813 consulis
1706 1760 1837 1812 erat
1860 1782 1948 1795 —-
1986 1752 2181 1812 Luce-

163 1865 178 1871 ·
215 1838 373 1897 riam
387 1836 666 1897 Graccho
690 1836 1026 1897 succedere
1053 1836 1239 1897 iubet.
1284 1838 1345 1896 in
1362 1835 1632 1897 Siciliam
1660 1836 1881 1898 eodem
1903 1842 2181 1911 tempore

215 1921 346 1981 duo
375 1929 694 1995 praetores
729 1920 1008 1997 profecti,
1039 1920 1106 1979 P.
1123 1920 1441 1981 Cornelius
1470 1921 1552 1981 ad
1581 1921 1933 1996 exercitum,
1960 1918 2025 1980 Τ.
2040 1916 2180 1980 Ota-

215 2005 396 2065 cilius
421 2004 528 2079 qui
545 2004 881 2066 maritimae
905 2019 1052 2065 orae
1070 2004 1287 2079 reique
1308 2005 1509 2066 navali
1534 2011 1871 2082 praeesset.
1913 2011 1975 2066 et
1996 2010 2179 2065 oeten

213 2090 276 2149 in
305 2104 464 2149 suas
503 2088 770 2165 quisque
813 2087 1164 2165 provincias
1192 2089 1485 2165 proiecti,
1530 2089 1844 2166 atquibus
1884 2104 2179 2164 proroga-

213 2179 342 2233 tum
381 2172 704 2248 imperium
743 2179 899 2249 erat,
955 2173 1209 2233 easdem
1255 2188 1411 2249 quas
1456 2174 1645 2250 priori
1688 2188 1850 2233 anno
1890 2172 2178 2259 regiones

211 2256 626 2317 obtinuerunt.

381 2339 540 2401 XIII.
603 2340 704 2400 Ad
731 2338 1160 2415 Hannibalem,
1201 2357 1343 2403 cum
1384 2341 1467 2401 ad
1493 2341 1694 2401 lacum
1720 2338 1951 2400 Averni
1992 2346 2177 2415 esset,

216 2423 490 2500 quinque
517 2422 761 2485 nobiles
790 2424 1046 2485 iuvenes
1075 2424 1152 2484 ab
1180 2425 1443 2486 Tarento
1480 2432 1805 2497 venerunt,
1851 2424 2067 2498 partim
2098 2422 2177 2483 ad

213 2509 696 2569 Trasumennum
733 2508 934 2568 lacum
965 2509 1186 2584 partim
1215 2507 1297 2569 ad
1326 2508 1567 2568 Cannas
1609 2506 1772 2581 capti
1814 2506 2178 2580 dimissique

213 2593 440 2655 domos
471 2606 609 2653 cum
650 2591 870 2652 eadem
898 2593 1210 2668 comitate,
1257 2607 1383 2669 qua
1419 2606 1575 2652 usus
1616 2590 1919 2651 adversus
1962 2604 2177 2651 ornnes

213 2676 632 2738 Romanorum
661 2675 870 2737 socios
897 2674 1141 2738 Poenus
1170 2677 1384 2738 luerat.
1427 2674 1485 2735 ei
1512 2688 1815 2735 memores
1842 2672 2176 2735 beneficio-

215 2776 354 2821 rum
383 2761 518 2820 eius
550 2759 899 2836 perpulisse
925 2776 1208 2836 magnam
1237 2766 1473 2836 partem
1502 2774 1574 2819 se
1600 2758 1929 2820 iuventutis
1952 2758 2178 2819 Taren-

213 2844 378 2904 tinae
399 2844 688 2917 referunt,
711 2850 780 2905 ut
791 2844 1146 2906 Hannibalis
1171 2843 1493 2905 amicitiam
1518 2860 1592 2903 ac
1616 2842 1969 2905 societatem
1991 2858 2177 2919 quam

214 2927 432 3004 populi
458 2927 720 2989 Romani
748 2928 1012 3005 mallent,
1039 2928 1404 3006 legatosque
1432 2928 1510 2989 ab
1540 2929 1671 2989 suis
1698 2927 1929 2989 missos
1954 2942 2177 3002 rogare

211 3011 650 3088 Hannibalem,
691 3020 759 3074 ut
797 3012 1131 3074 exercitum
1173 3013 1431 3090 propius
1464 3012 1787 3074 Tarentum
1828 3012 2175 3073 admoveat.

211 3096 266 3157 si
309 3095 493 3172 sig-na
533 3097 699 3172 eius,
742 3097 798 3158 si
827 3102 1031 3157 castra
1071 3104 1408 3173 conspecta
1450 3112 1488 3157 a
1512 3099 1773 3158 Tarento
1814 3097 1967 3168 sint,
2010 3094 2176 3154 haud

211 3179 396 3239 ullam
426 3180 898 3243 intercessuram
925 3197 1177 3257 moram,
1223 3184 1369 3258 quin
1396 3182 1545 3242 urbs
1576 3182 1855 3242 dedatur.
1913 3180 1973 3239 in
2002 3190 2175 3253 pote-

210 3268 374 3324 state
411 3263 719 3325 iuniorum
760 3265 1034 3342 plebem,
1081 3266 1143 3327 in
1171 3282 1358 3327 manu
1387 3266 1589 3341 plebis
1632 3280 1762 3325 rem
1787 3261 2173 3323 Tarentinam

209 3362 378 3409 esse.
443 3346 745 3409 Hannibal
787 3350 1170 3411 collaudatos
1216 3366 1328 3412 eos
1374 3355 1787 3424 oneratosque
1828 3345 2175 3424 ingentibus

207 3430 540 3508 promissis
579 3430 830 3496 domum
875 3434 954 3495 ad
985 3441 1209 3511 coepta
1237 3433 1597 3495 maturanda
1622 3432 1825 3493 redire
1865 3430 2063 3492 iuben
2102 3442 2175 3491 se

205 3513 272 3576 iu
290 3522 576 3594 tempore
591 3516 942 3581 adiuturum
960 3532 1124 3580 esse.
1161 3518 1281 3579 hac
1302 3533 1441 3580 cum
1462 3531 1579 3595 spe
1601 3516 1839 3579 dimissi
1850 3511 2176 3576 Tar-entim.
