2550 3959
366 263 490 332 118
657 264 888 327 LIBER
913 263 1127 325 XXVI.
1172 262 1338 325 cAP.
1377 271 1456 325 14.
1489 272 1576 326 15.
1618 264 1692 343 [a.
1717 268 1788 323 u.
1819 268 2018 338 «2.qu

363 417 582 479 veneni
626 416 927 477 fecerunta
972 414 1178 490 itaque
1216 420 1460 475 noctem
1487 418 1675 474 totam
1702 412 1982 491 plerique
2024 428 2237 475 eorum
2267 424 2325 477 et

364 500 489 561 diei
516 498 899 576 insequentis
929 504 1164 577 partem
1193 513 1333 557 cum
1359 495 1623 558 animam
1651 496 1940 574 egissent,
1985 510 2204 559 omnes
2237 508 2324 560 ta-

364 600 502 645 mon
532 583 703 661 prius
736 600 921 658 quam
950 582 1334 658 aperirentur
1357 580 1639 643 hostibus
1668 588 1883 658 portae
1913 581 2323 659 exspirarunt.

532 666 785 729 Postero
827 666 927 727 die
966 672 1146 743 porta
1174 666 1373 740 Iovis,
1423 680 1582 745 quae
1621 666 1924 727 adversus
1967 672 2170 727 castra
2196 667 2323 729 Ro-

366 768 544 813 mana
586 757 744 827 erat,
791 750 961 812 iussu
1004 750 1395 827 proconsulis
1436 756 1647 826 aperta
1675 757 1791 811 est.
1855 764 1931 810 ea
1971 750 2326 813 intromissa

366 836 521 911 legio
561 850 687 896 una
726 839 789 894 et
829 833 989 895 duae
1039 834 1175 894 alae
1216 849 1355 895 cum
1398 834 1461 896 c.
1500 832 1716 896 Fulvio
1771 834 1991 909 legato.
2071 835 2128 895 is
2183 850 2322 897 cum

365 919 635 980 omnium
676 918 938 995 primum
978 932 1147 979 arma
1188 919 1435 994 telaque
1465 932 1626 994 quac
1655 916 1904 994 Capuae
1939 923 2117 995 ,erant
2142 919 2226 979 ad
2253 936 2326 980 se

366 1002 741 1064 conferenda
771 1007 1077 1075 curasset,
1125 1002 1424 1063 custodiis
1454 1002 1536 1062 ad
1566 1016 1782 1063 omnes
1812 1007 2024 1079 portas
2053 1000 2324 1079 disposi-

363 1088 459 1163 tis,
508 1102 585 1146 ne
616 1086 757 1163 quis
788 1086 959 1147 exire
987 1094 1095 1148 aut
1122 1086 1308 1147 emitti
1338 1092 1583 1163 posset,
1627 1085 2002 1162 praesidium
2029 1085 2326 1149 Punicum

365 1170 856 1247 comprehendit,
898 1177 1178 1232 senatum
1222 1170 1596 1247 Campanum
1631 1170 1722 1230 ire
1759 1168 1821 1229 in
1850 1176 2053 1231 castra
2093 1170 2173 1231 ad
2213 1172 2325 1231 im*

363 1262 680 1332 peratores
708 1254 1024 1316 Romanos
1054 1253 1249 1315 iussit.
1327 1270 1452 1330 quo
1483 1270 1620 1315 cum
1650 1253 1982 1329 venissent,
2011 1256 2323 1332 extemplo

360 1338 435 1400 iis
467 1338 748 1401 omnibus
781 1345 1033 1401 catenae
1060 1338 1349 1414 iniectae,
1392 1338 1672 1414 iussique
1701 1338 1780 1399 ad
1814 1345 2172 1413 quaestores
2215 1342 2322 1399 de·

360 1424 522 1484 ferre
550 1423 723 1499 quod
766 1423 895 1483 auri
924 1428 1108 1500 atque
1150 1421 1384 1499 argenti
1412 1422 1727 1484 haberent.
1793 1422 1922 1482 auri
1949 1423 2165 1499 pondo
2193 1424 2323 1485 duo

357 1507 524 1568 milia
553 1506 940 1583 septuaginta
970 1506 1094 1583 fuit,
1124 1507 1358 1581 argenti
1378 1504 1620 1582 triginta
1639 1506 1806 1568 milia
1832 1507 2044 1582 pondo
2077 1514 2138 1568 et
2157 1508 2322 1569 mille

360 1592 641 1652 ducenta.
682 1598 1000 1652 senatores
1039 1592 1308 1667 quinque
1338 1597 1399 1651 et
1421 1590 1634 1667 viginti
1662 1589 1838 1652 Cales
1867 1590 1926 1651 in
1957 1590 2322 1667 custodiam,

358 1674 810 1751 duodetriginta
820 1676 1091 1736 Teanum
1113 1674 1304 1751 missi,
1338 1690 1598 1752 quorum
1623 1675 1701 1736 de
1731 1675 2030 1736 sententia
2055 1676 2324 1737 maxime

359 1759 657 1823 descitum
687 1757 763 1818 ab
786 1759 1081 1820 Romanis
1111 1760 1450 1820 constabat.
1537 1759 1672 1820 XV.
1715 1760 1794 1819 de
1823 1759 2130 1835 supplicio
2147 1759 2321 1821 cam-

358 1843 505 1919 pani
550 1848 803 1905 senatus
842 1843 1324 1919 haudquaquam
1364 1844 1519 1904 inter
1556 1842 1836 1905 Fulvium
1878 1843 2322 1919 Claudiumque

358 1926 793 1989 conveniebat=
833 1927 1029 1989 facilis
1060 1927 1479 2003 impetrandae
1511 1927 1725 1988 veniae
1757 1926 2063 2003 Claudius,
2103 1926 2320 1989 Fulvio

357 2010 569 2072 durior
598 2011 899 2073 sententia
927 2017 1072 2071 erat.
1133 2012 1340 2087 itaque
1368 2012 1614 2089 Appius
1642 2012 1900 2073 Romam
1928 2012 2010 2071 ad
2039 2017 2320 2073 senatun.

358 2093 671 2155 arbitrium
722 2094 855 2156 eius
896 2094 985 2155 rei
1024 2100 1213 2156 totum
1251 2095 1578 2157 reiciebatz
1654 2096 2092 2171 percunctandi
2135 2096 2317 2157 etiam

356 2193 623 2254 aequum
652 2194 796 2240 esse
823 2184 1187 2256 potestatem
1210 2180 1345 2240 fieri
1371 2180 1667 2257 patribuS,
1699 2196 1844 2241 num
1873 2180 2318 2241 communicas-

356 2269 496 2325 sent
524 2263 782 2325 consilia
810 2278 947 2324 cum
976 2264 1200 2340 aliquis
1231 2265 1558 2339 sociorum,
1586 2263 1781 2325 Latini
1811 2264 2093 2339 nominis,
2123 2265 2318 2325 muni-

354 2346 686 2423 cipiorum,
741 2353 801 2408 et
843 2364 987 2408 num
1021 2342 1150 2425 ‘ope
1190 2364 1403 2409 eorum
1442 2348 1505 2409 in
1534 2348 1697 2409 bello
1727 2349 1926 2411 forent
1964 2346 2175 2410 adluti.
2251 2348 2320 2409 id

351 2446 505 2494 vero
535 2430 781 2494 minime
811 2431 1305 2494 committendum
1336 2448 1480 2494 esse
1506 2432 1755 2494 Fulvius
1787 2433 2010 2508 dicero,
2052 2437 2119 2493 ut
2147 2432 2315 2494 soni·

350 2516 681 2578 citarentur
719 2516 1072 2578 criminibus
1114 2515 1320 2578 dubiis
1349 2516 1659 2579 sociorum
1685 2516 1956 2577 fidelium
1995 2513 2206 2589 animi,
2254 2524 2317 2578 et

351 2599 777 2662 subicerentur
801 2599 1137 2675 indicibuS,
1183 2600 1356 2677 quis,
1391 2618 1582 2678 neque
1615 2602 1764 2677 quid
1793 2601 2077 2677 dicerent,
2110 2616 2316 2676 neque

352 2683 500 2757 quid
530 2684 819 2758 facerent,
852 2683 1180 2761 quicquam
1210 2700 1498 2760 umquam
1522 2684 1697 2760 pensi
1723 2684 1974 2746 fuisset=
2006 2684 2214 2760 itaque
2244 2700 2313 2745 se

349 2780 487 2827 eam
516 2767 939 2845 quaestionem
968 2783 1417 2843 oppressurum
1444 2768 2027 2844 exstincturumque.
2083 2768 2162 2829 ab
2191 2768 2312 2829 hoc

348 2866 633 2913 sermone
662 2866 802 2913 cum
830 2852 1094 2928 digressi
1136 2858 1370 2925 essent,
1417 2860 1479 2913 et
1503 2852 1747 2930 Appius
1779 2851 2062 2928 quamvis
2092 2853 2313 2913 feroci-

348 2940 442 2993 ter
461 2934 813 3010 loqucntem
836 2935 1141 3011 ‚collegam
1164 2949 1290 2996 non
1319 2935 1622 2997 dubitaret
1640 2942 1842 2997 tamen
1863 2936 2094 2997 litteras
2119 2953 2313 3012 super

344 3024 513 3077 tanta
553 3031 621 3077 re
662 3017 740 3077 ab
765 3019 967 3080 Roma
1007 3025 1533 3096 exspectaturum,
1569 3020 1854 3093 FulviuS,
1893 3036 1974 3082 ne
1999 3020 2064 3081 id
2107 3020 2313 3097 ipsum

344 3099 843 3177 impedimentum
886 3102 1129 3179 incepto
1159 3102 1334 3178 roret,
1381 3103 1688 3179 dimittens
1719 3104 2090 3181 praetorium
2117 3104 2310 3166 tribu·

344 3184 441 3244 nis
483 3184 735 3247 militum
776 3201 851 3247 ac
894 3187 1220 3264 praefectis
1257 3188 1491 3249 socium
1535 3187 1888 3266 imperavit,
1932 3188 2019 3249 uti
2060 3188 2310 3251 duobus

344 3266 590 3330 milibus
619 3270 891 3346 equitum
915 3270 1169 3332 delectis
1198 3272 1641 3348 denuntiarent,
1671 3278 1738 3334 ut
1765 3272 1847 3333 ad
1874 3273 2110 3334 tertiam
2133 3272 2304 3334 buci·

344 3366 487 3412 nam
508 3358 759 3429 praesto
792 3361 1021 3416 essent.
1068 3372 1206 3416 cum
1234 3355 1355 3417 hoc
1385 3357 1654 3433 equitatu
1675 3362 1856 3418 nocte
1868 3356 2136 3417 Teanum
2157 3372 2310 3435 pro·

342 3434 540 3496 fectus
563 3436 759 3512 prima
788 3439 923 3499 luce
946 3445 1183 3517 portam
1210 3439 1454 3503 intravit
1481 3440 1755 3516 atquejn
1778 3442 1978 3503 forum
1997 3441 2310 3519 perrexit;

343 3532 771 3601 concursuque
813 3522 895 3585 ad
922 3523 1182 3600 primum
1222 3523 1494 3602 equitum
1535 3524 1881 3602 ingressum
1907 3526 2069 3586 facto
2112 3524 2303 3601 magi·
