2550 3959
415 256 461 319 4
804 254 1036 317 LIBER
1061 254 1258 316 XXIV
1320 254 1490 317 CAP.
1518 263 1571 318 3.
1616 260 1673 329 [a
1692 260 1765 313 U.
1785 278 1837 315 c.
1858 262 1990 329 ⁶37]

415 410 522 473 ubi
572 408 772 471 omnIs
809 408 1058 485 generis
1100 422 1347 469 sacrum
1386 406 1545 469 deae
1590 422 1785 483 pecus
1830 406 2208 483 pascebatur
2246 409 2385 471 sine

415 495 541 557 ullo
583 501 868 571 pastore;
911 492 1369 568 separatimque
1396 506 1617 567 greges
1646 490 1745 552 sui
1786 491 2093 567 cuiusque
2132 494 2383 567 generis

416 584 597 639 nocta
635 576 992 639 remeabant
1029 576 1111 637 ad
1152 575 1397 638 stabula
1436 590 1772 651 numquam
1812 573 2055 639 insidiis
2096 576 2381 654 ferarum,

417 678 538 725 non
583 662 799 723 fraude
826 659 1038 721 violati
1081 659 1417 721 hominum.
1480 659 1685 735 magni
1720 658 1905 733 igitur
1934 661 2165 721 tructus
2192 676 2274 721 ex
2302 678 2382 722 eo

417 762 645 823 pecore
685 745 880 821 capti,
921 744 1327 820 columnaque
1368 743 1515 804 inde
1552 759 1743 805 aurea
1767 743 1973 805 solida
2003 743 2165 805 lacta
2192 751 2255 806 et
2283 762 2381 807 sa·

415 838 584 891 crata
612 837 743 900 θεῖς
771 829 1188 905 inclutamque
1208 828 1501 904 templum
1522 827 1749 889 divitiis
1778 827 1976 903 etiam,
2006 844 2131 891 non
2152 835 2383 891 tantum

417 914 737 975 sanctitate
767 913 898 973 fuit·
944 928 1019 973 ac
1039 912 1335 973 miracula
1362 912 1572 987 aliqua
1596 911 1992 987 adfinguntur
2018 914 2383 990 plerumque

413 1006 538 1059 tam
576 996 918 1073 insignibus
959 996 1137 1059 loeis.
1209 997 1375 1057 fama
1410 1002 1508 1057 est
1555 1008 1728 1057 aram
1776 1010 1921 1057 esse
1972 996 2034 1055 in
2074 996 2382 1059 vestibulo

415 1082 650 1159 templi,
691 1080 869 1143 cuius
899 1080 1165 1141 cinerem
1195 1080 1363 1141 nullo
1404 1094 1697 1155 umquam
1730 1079 1967 1143 moveri
2000 1085 2203 1141 vento.
2267 1082 2382 1142 sed

414 1182 526 1229 arx
553 1165 868 1239 CrotoniS,
913 1180 1038 1225 una
1079 1172 1253 1241 parte
1296 1164 1617 1225 imminens
1646 1163 1831 1240 mari,
1874 1164 2065 1225 altera
2090 1172 2382 1241 vergente

413 1250 475 1310 in
516 1266 760 1325 agrum,
803 1248 926 1311 situ
954 1256 1188 1311 tantum
1217 1248 1476 1310 namrali
1519 1248 1831 1323 quondam
1857 1248 2115 1322 munita,
2160 1257 2381 1325 postea

413 1341 475 1394 et
513 1350 687 1395 muro
728 1333 930 1394 cincta
969 1340 1094 1408 est,
1141 1348 1264 1408 qua
1302 1348 1418 1409 per
1456 1342 1713 1393 aversas
1750 1346 1941 1409 rupes
1969 1332 2047 1393 ab
2076 1332 2379 1410 Dionysio

415 1418 662 1479 Siciliae
704 1424 970 1496 tyranno
1013 1433 1126 1493 per
1170 1417 1381 1478 dolum
1424 1416 1623 1477 ruerat
1662 1422 1860 1493 capta.
1937 1432 2015 1477 ea
2051 1422 2181 1478 tum
2218 1433 2380 1493 arce,

413 1503 567 1563 satis
611 1508 678 1563 ut
720 1500 1042 1561 videbatur
1080 1507 1206 1563 tuta
1219 1548 1234 1576 ,
1280 1500 1695 1563 Crotoniatum
1737 1499 2061 1577 optimates
2090 1500 2379 1563 tenebant

413 1600 501 1661 se,
536 1585 1030 1646 circumsedente
1060 1600 1198 1645 cum
1224 1584 1474 1647 Bruttiis
1502 1600 1615 1645 eos
1644 1583 1829 1657 etiam
1858 1584 2041 1662 plebe
2070 1599 2206 1645 sua.
2268 1600 2378 1662 po-

411 1678 640 1731 stremo
667 1668 898 1741 Bruttii,
943 1684 1083 1729 cum
1112 1670 1244 1731 suis
1275 1669 1507 1730 viribus
1536 1668 2075 1745 inexpugnabilem
2102 1669 2382 1737 viderent

411 1768 646 1830 arcem,
691 1752 887 1814 coacti
930 1754 1303 1815 necessitate
1340 1752 1661 1814 Hannonis
1700 1752 1995 1815 auxilium
2032 1752 2377 1829 implorant.

413 1839 464 1898 is
519 1837 987 1899 condicionibus
1033 1838 1112 1898 ad
1157 1837 1531 1899 deditionem
1583 1838 1954 1913 compellere
1994 1836 2378 1899 Crotoniates

413 1928 703 1995 conatae,
749 1929 815 1983 ut
843 1922 1147 1983 coloniam
1174 1921 1547 1984 Bruttiorum
1578 1936 1655 1981 eo
1684 1921 1909 1981 deduci
1940 1920 2379 1997 antiquamque

415 2005 814 2081 frequentiam
842 2020 919 2065 eo
947 2005 1228 2081 recipere
1248 2012 1489 2065 vastam
1518 2020 1593 2065 ac
1618 2004 1928 2067 desertam
1953 2004 2133 2066 bellis
2162 2004 2377 2067 urbem

413 2096 780 2165 paterentur,
823 2088 1092 2149 omnium
1119 2088 1423 2150 neminem
1452 2095 1695 2165 praeter
1722 2088 2217 2151 Aristomachum
2246 2104 2378 2150 mo-

411 2173 515 2233 vit.
587 2173 917 2235 morituros
945 2186 1019 2234 se
1059 2172 1466 2233 adfirmabant
1492 2173 1671 2235 citius
1700 2190 1887 2248 quam
1920 2172 2173 2233 immixti
2198 2172 2351 2233 Brut

412 2258 512 2319 tiis
539 2257 603 2318 in
633 2256 870 2319 alienos
891 2256 1044 2319 ritus
1069 2272 1273 2318 mores
1302 2260 1600 2333 legesque
1630 2272 1704 2317 ac
1724 2272 1873 2317 mox
1899 2257 2167 2332 linguam
2190 2257 2377 2317 etiam

411 2347 807 2403 verterentur.
869 2341 1337 2402 Aristomachus
1377 2358 1538 2402 unus
1554 2386 1569 2414 ,
1616 2342 1863 2416 quando
1894 2356 2010 2402 nee
2052 2340 2375 2402 suadendo

413 2426 493 2485 ad
521 2424 897 2487 deditionem
928 2426 1080 2487 satis
1106 2424 1371 2500 valebat,
1398 2440 1532 2500 nec,
1572 2424 1731 2487 sicut
1756 2424 1970 2486 urbem
2000 2424 2376 2501 prodiderat,

412 2510 614 2571 locum
656 2509 1014 2587 prodendae
1041 2510 1200 2571 arcis
1234 2509 1613 2584 inveniebat,
1656 2510 1980 2585 transfugit
2016 2509 2099 2569 ad
2126 2509 2376 2570 Hanno-

413 2610 570 2654 nem.
631 2594 977 2655 Locrenses
1005 2594 1178 2655 brevi
1206 2601 1354 2670 post
1376 2594 1576 2669 legati,
1622 2608 1762 2655 cum
1791 2594 2096 2669 permissu
2126 2592 2375 2654 Hanno-

413 2678 506 2739 nis
537 2693 740 2737 arcem
771 2679 1118 2750 intrassent,
1152 2678 1546 2753 persuadent,
1588 2683 1655 2737 ut
1680 2676 1919 2739 traduci
1950 2692 2021 2738 se
2048 2677 2111 2737 in
2139 2677 2375 2738 Locros

412 2767 762 2836 paterentur
802 2775 918 2822 nec
960 2760 1171 2821 ultima
1210 2761 1478 2837 experiri
1520 2761 1765 2822 vellent.
1829 2761 1949 2822 iam
1990 2760 2113 2821 hoc
2151 2766 2218 2821 ut
2258 2759 2375 2821 sibi

413 2844 622 2907 liceret
649 2845 1123 2921 impetraverant
1148 2852 1212 2905 et
1237 2844 1316 2905 ab
1345 2844 1685 2906 Hannibale
1711 2844 1919 2906 missis
1947 2846 2028 2907 ad
2056 2845 2260 2921 ipsum
2289 2844 2373 2905 le·

409 2930 588 3004 gatis.
645 2930 730 2993 ita
759 2928 1024 2990 Crotone
1052 2943 1381 2990 excessum
1410 2937 1508 2991 est
1522 2975 1539 3002 ,
1583 2929 1959 3006 deductique
1988 2927 2377 2991 Crotoniatae

411 3015 493 3073 ad
519 3028 688 3073 mare
716 3027 909 3073 naves
933 3014 1372 3075 conscendunt.
1428 3014 1663 3075 Locros
1693 3015 1892 3075 omnis
1918 3013 2241 3075 multitudo
2268 3012 2374 3073 ab·

411 3103 574 3157 eunt.
615 3126 702 3141 --
753 3096 823 3156 In
851 3096 1079 3172 Apulia
1107 3112 1186 3157 ne
1212 3097 1410 3159 hiems
1442 3096 1693 3173 quidem
1722 3098 1929 3174 quieta
1964 3098 2123 3159 inter
2149 3096 2375 3159 Roma-

413 3196 528 3242 nos
551 3187 737 3255 atque
755 3180 1176 3243 Hannibalem.
1207 3182 1504 3243 Luceriae
1528 3181 1928 3259 Sempronius
1952 3182 2187 3254 consul,
2210 3181 2351 3243 Han

412 3264 578 3326 nibal
604 3264 772 3325 haud
802 3266 1016 3341 procul
1040 3264 1232 3343 Arpis
1259 3266 1641 3328 hibernabat.
1682 3267 1839 3329 inter
1864 3283 1977 3329 eos
2006 3268 2169 3329 levia
2195 3280 2377 3345 proe-

413 3348 493 3409 lia
534 3364 614 3409 ex
651 3348 982 3413 occasione
1010 3358 1114 3412 aut
1153 3350 1611 3427 opportunitate
1636 3350 1819 3412 huius
1860 3352 2153 3413 aut-illius
2183 3349 2379 3429 partis

411 3431 794 3505 oriebantur3
840 3434 1179 3511 meliorque
1205 3434 1301 3496 eis
1329 3434 1643 3498 Romanus
1675 3435 1823 3496 etin
1854 3434 1991 3498 dies
2018 3435 2259 3499 cautior
2280 3450 2377 3497 tu·

413 3516 652 3592 tior-que
681 3517 760 3579 ab
789 3517 1028 3580 insidiis
1056 3517 1260 3580 flebat.
