2550 3959
311 187 441 253 152
613 188 843 249 Lmen
876 188 1091 247 xxvl.
1133 186 1300 247 cAP.
1329 194 1422 249 44.
1449 194 1537 251 45.
1583 194 1656 263 [a.
1685 192 1978 262 uam]

314 344 396 405 ad
442 342 645 404 omnia
687 356 1010 402 occurrere
1052 338 1239 401 iubet.
1319 338 1626 415 patefacta
1667 338 1893 401 deinde
1931 344 2113 417 porta
2153 355 2289 417 eos,

317 443 478 505 quos
519 427 579 487 in
608 426 711 485 via
739 425 972 485 serente
1004 424 1085 483 ad
1117 429 1320 485 castra
1347 421 1615 484 hostium
1651 422 2050 500 instruxerat,
2091 424 2287 487 mittit.

314 510 575 573 Romani
606 510 763 570 duce
794 508 933 585 ipso
958 507 1375 584 praecipiente
1402 522 1735 583 parumper
1757 522 2024 583 cessere,
2055 515 2122 569 ut
2143 525 2287 585 pro-

314 596 525 673 piores
547 593 841 655 subsidiis
871 592 932 651 in
958 592 1288 651 certamine
1316 590 1456 667 ipso
1481 589 1926 652 summittendis
1957 601 2186 653 essent.
2228 600 2290 655 et

315 681 512 759 primo
541 677 711 738 haud
738 677 1005 752 impares
1037 680 1259 735 stetere
1291 674 1491 747 acies3
1538 675 1820 737 subsidia
1849 676 2074 737 deinde
2114 676 2289 737 iden-

315 764 504 825 tidem
530 760 859 823 summissa
906 775 941 819 e
971 758 1188 819 castris
1218 774 1342 819 non
1385 766 1733 819 averterunt
1759 760 1960 820 solum
1986 760 2049 820 in
2080 760 2294 836 sugam

314 846 549 921 hosteS,
594 844 708 905 sed
738 844 894 905 adeo
927 840 1143 903 effusis
1173 843 1535 919 institerunt,
1580 850 1643 903 ut
1670 844 1789 905 nisi
1817 845 2092 919 receptui
2123 844 2288 905 ceci·

318 928 541 1007 nisset,
584 928 869 1005 permixti
899 926 1269 1003 fugientibus
1300 927 1585 1003 irrupturi
1616 928 1812 989 fuisse
1847 928 1909 988 in
1951 927 2164 989 urbem
2194 928 2289 988 vi·

319 1016 622 1075 derentur.
681 1012 1005 1089 trepidatio
1036 1026 1185 1071 vero
1214 1026 1338 1072 non
1368 1011 1428 1070 in
1457 1012 1694 1087 proelio
1725 1013 1922 1072 maior
1949 1028 2134 1087 quam
2158 1019 2291 1073 tota

320 1097 468 1159 urbe
507 1096 635 1157 fuit.
712 1097 937 1157 multae
978 1095 1274 1157 stationes
1315 1110 1552 1171 pavore
1589 1102 1774 1173 atque
1815 1097 1962 1173 suga
2003 1096 2291 1159 desertae

318 1190 475 1257 sunt,
504 1180 823 1259 relictique
852 1181 1025 1255 muri,
1068 1195 1205 1240 curn
1240 1195 1363 1255 qua
1391 1179 1614 1253 cuique
1645 1186 1775 1241 erat
1801 1180 2149 1257 proximum
2179 1182 2289 1241 de-

316 1268 652 1329 siluissent.
724 1265 895 1341 quod
922 1264 1025 1324 ubi
1069 1279 1364 1347 egressus
1396 1262 1606 1341 Sprio
1637 1266 1700 1325 in
1728 1264 2051 1339 tumulum,
2103 1281 2292 1341 quem

314 1350 683 1413 Mercurium
710 1354 965 1424 vocant,
1004 1347 1458 1423 animadvertit,
1504 1349 1708 1410 multis
1739 1348 2015 1425 partibus
2056 1350 2290 1409 nudata

318 1434 751 1496 defensoribus
780 1433 1025 1493 moenia
1054 1446 1215 1507 esse,
1261 1447 1478 1493 omnes
1509 1448 1544 1491 e
1575 1432 1792 1493 castris
1822 1434 2058 1494 excitos
2085 1434 2176 1499 ire
2204 1434 2288 1498 ad

318 1518 795 1596 oppugnandam
844 1524 905 1577 et
946 1516 1106 1583 serre
1147 1515 1353 1576 scalas
1396 1514 1584 1579 iubet.
1644 1518 1782 1593 ipse
1809 1516 1990 1578 trium
2033 1532 2184 1595 prae
2215 1533 2291 1578 se

317 1602 607 1664 iuvenum
646 1600 993 1662 validorum
1034 1600 1223 1663 scutis
1268 1598 1574 1676 oppositis
1615 1602 1946 1676 —ingens
1975 1600 2135 1661 enim
2164 1602 2290 1662 iam

317 1686 413 1748 vis
457 1687 655 1747 omnis
684 1686 928 1762 generis
957 1685 1216 1747 telorum
1257 1699 1293 1744 e
1321 1684 1510 1744 muris
1536 1684 1785 1745 volabat
1822 1718 1912 1731 --
1949 1685 2033 1745 ad
2071 1683 2290 1747 urbem

316 1772 619 1847 succedit,
665 1770 965 1844 hortatur,
1010 1770 1269 1845 imperat
1301 1784 1458 1843 quae
1488 1768 1548 1828 in
1578 1784 1709 1828 rem
1737 1774 1906 1842 sunt3
1955 1769 2121 1845 quod
2151 1770 2288 1845 plu-

315 1856 533 1917 rimum
574 1856 655 1917 ad
697 1854 1132 1915 accendendos
1172 1852 1426 1913 militum
1469 1852 1708 1913 animos
1749 1852 2064 1927 intererat,
2109 1854 2291 1914 testis

222 1972 227 1975 ·
317 1942 753 2017 spectatorque
784 1938 1019 1999 virtutis
1050 1944 1237 2014 atque
1276 1936 1560 2013 ignaviae
1590 1938 1888 2014 cuiusque
1915 1939 2114 1998 adest.
2173 1938 2286 1999 ita-

318 2024 531 2102 quein
560 2024 819 2085 vulnera
848 2038 921 2083 ae
950 2024 1069 2082 tela
1096 2029 1309 2095 ruunt,
1349 2035 1552 2097 neque
1587 2022 1726 2082 illos
1757 2020 1912 2083 muri
1947 2038 2152 2098 neque
2182 2038 2272 2083 su·

315 2114 665 2185 perstantes
695 2106 908 2167 armati
939 2121 1151 2166 arcere
1178 2112 1424 2183 queunt,
1459 2106 1603 2183 quin
1629 2106 1902 2167 certatim
1924 2106 2285 2167 ascendant.

317 2200 377 2253 et
398 2192 477 2251 ab
500 2192 765 2253 navibus
788 2190 1009 2252 eodem
1033 2198 1311 2266 tempore
1341 2206 1434 2266 ea,
1466 2206 1624 2267 quae
1647 2190 1800 2251 mari
1821 2190 2104 2267 adluitur,
2135 2206 2288 2267 pars

310 2276 485 2345 „urbis
516 2274 863 2352 oppugnari
894 2280 1115 2350 coepta
1144 2280 1257 2335 est.
1304 2280 1571 2335 ceterum
1597 2275 1890 2336 turnultus
1914 2275 2059 2335 inde
2087 2274 2290 2335 maior

316 2376 503 2436 quam
543 2359 643 2421 vis
683 2358 961 2420 adhiberi
1002 2366 1259 2434 poterat.
1325 2360 1469 2419 dum
1512 2360 1842 2435 applicant,
1889 2359 2034 2420 dum
2063 2359 2289 2435 partim

316 2450 632 2521 exponunt
674 2445 878 2506 scalas
918 2442 1263 2519 militesque
1285 2489 1302 2517 ,
1357 2442 1500 2502 dum
1533 2458 1653 2519 qua
1681 2443 1906 2519 cuique
1932 2443 2286 2519 proximum

315 2537 411 2591 est
437 2530 499 2591 in
527 2535 751 2590 terram
781 2528 1051 2589 evadere
1080 2532 1434 2603 properant,
1481 2526 1620 2603 ipsa
1649 2526 2036 2591 festinatione
2064 2534 2124 2587 et
2152 2542 2287 2588 cer·

314 2614 538 2675 tamine
568 2612 669 2673 alii
698 2612 855 2672 alios
880 2610 1243 2687 impediunt.
1330 2608 1512 2669 XLV.
1563 2610 1722 2672 inter
1755 2612 1910 2671 haec
1935 2612 2290 2688 repleverat

315 2698 437 2757 iam
458 2694 703 2757 Poenus
734 2694 982 2757 armatis
1012 2709 1241 2766 muro&
1285 2699 1344 2753 et
1371 2694 1467 2755 vis
1489 2710 1714 2771 magna
1741 2712 1822 2757 ex
1849 2696 2078 2771 ingenti
2099 2694 2290 2772 copia

313 2786 611 2856 congesta
648 2779 908 2840 telorum
950 2776 1404 2854 suppeditabat.
1470 2779 1583 2839 sed
1621 2795 1824 2855 neque
1851 2780 1965 2841 viri
2007 2796 2122 2841 nec
2159 2780 2292 2841 tela

313 2880 430 2925 nee
460 2860 788 2939 quicquam
818 2862 984 2923 aliud
1012 2876 1211 2937 aeque
1242 2877 1425 2937 quam
1454 2864 1698 2925 moenia
1726 2864 1866 2940 ipsa
1895 2880 2041 2925 sese
2071 2864 2288 2924 defen—

315 2946 560 3009 debant.
616 2962 793 3007 rarae
822 2945 983 3006 enim
1012 2946 1220 3007 scalae
1259 2946 1558 3007 altitudini
1587 2948 1841 3023 aequari
1868 2954 2181 3025 poterant,
2220 2955 2291 3009 et

316 3046 441 3107 quo
486 3045 771 3106 quaeque
814 3030 1093 3105 altiores,
1136 3045 1211 3090 eo
1252 3028 1620 3091 infirmiores
1651 3037 1841 3093 erant.
1907 3032 2116 3108 itaque
2145 3048 2292 3093 cum

315 3130 589 3176 summus
621 3112 885 3191 quisque
915 3116 1181 3175 evadere
1207 3129 1333 3174 non
1364 3120 1598 3191 posset,
1628 3114 1902 3177 subirent
1928 3122 2130 3177 tamen
2159 3116 2288 3191 alii,

315 3214 503 3259 onere
553 3198 693 3275 ipso
737 3197 1188 3273 frangebantur.
1272 3196 1524 3273 quidam
1571 3199 1872 3261 stantibus
1915 3200 2102 3261 scalis
2147 3216 2292 3263 cum

314 3282 569 3343 altitudo
602 3279 922 3357 caliginem
954 3282 1148 3343 oculis
1179 3278 1526 3359 offudisset,
1559 3283 1638 3344 ad
1658 3289 1881 3345 terram
1910 3284 2094 3346 delati
2123 3292 2289 3347 sunt.

314 3372 379 3427 et
417 3380 553 3427 cum
581 3366 815 3441 passim
854 3364 1137 3425 homines
1180 3365 1514 3445 scalaeque
1541 3372 1816 3442 ruerent,
1859 3375 1920 3429 et
1959 3368 2100 3447 ipso
2144 3384 2289 3429 suc-

310 3465 502 3512 cessu
543 3446 803 3511 audacia
830 3456 1015 3527 atque
1048 3448 1333 3511 alacritas
1360 3448 1631 3511 hostium
1661 3457 1996 3527 cresceret,
2043 3452 2292 3530 signum
