2550 3959
343 211 429 274 98
744 210 977 272 LIBER
996 210 1187 272 XXV.
1224 209 1392 272 CAP.
1413 217 1504 273 39.
1535 216 1608 284 [a.
1637 214 1704 269 U.
1729 234 1778 269 c.
1803 218 1930 281 5401

340 364 568 426 cohors
598 364 881 424 Romana
908 369 1037 421 arte
1062 361 1294 421 Punica
1318 360 1563 422 abditur
1591 367 1652 421 et
1679 361 1938 436 equites,
1995 359 2078 422 ita
2103 358 2314 423 medio

340 448 556 510 itinere
598 446 935 521 intercepto
967 450 1207 505 ceterae
1238 444 1458 520 copiae
1487 446 1688 505 silenti
1718 444 1968 519 agmine
1987 446 2068 504 ad
2098 448 2312 521 proxi-

341 548 479 593 mos
520 530 733 592 hostes
778 531 1029 603 ductae,
1070 536 1135 587 et
1162 544 1300 589 cum
1331 528 1511 589 statio
1542 532 1708 589 nulla
1737 542 1848 604 pro
1882 530 2076 603 portis
2107 542 2315 604 neque

342 617 403 675 in
444 617 607 689 vallo
653 612 971 675 custodiae
1014 621 1256 686 essent,
1299 613 1468 674 velut
1505 614 1567 671 in
1611 628 1730 673 sua
1769 619 1974 693 castra
2007 613 2176 673 nullo
2206 628 2314 673 us·

344 715 529 776 quam
559 698 899 760 obsistente
925 702 1350 773 penetravere.
1393 696 1538 757 inde
1559 697 1740 771 signa
1761 703 1986 757 canunt
2005 703 2068 757 et
2087 696 2318 757 tollitur

344 786 591 845 clamor.
664 798 811 860 pars
860 782 1274 843 semisomnos
1326 781 1542 842 hostes
1593 780 1892 849 caedunt;
1947 794 2094 856 pars
2135 780 2315 855 ignes

345 868 509 928 casis
552 871 897 935 stramento,
922 865 1095 925 arido
1139 866 1318 926 tectis
1359 864 1636 938 iniciunt,
1681 877 1830 940 pars
1874 870 2088 940 portas
2130 876 2316 925 occu·

347 956 523 1028 pant,
564 957 632 1011 ut
670 952 875 1027 fugam
918 948 1344 1011 intercludant.
1415 949 1630 1010 hostes
1673 949 1854 1009 simul
1893 948 2053 1023 ignis
2071 950 2318 1009 'clamor

347 1036 573 1095 caedes
604 1036 771 1097 velut
795 1034 1099 1095 alienatos
1132 1034 1422 1095 sensibus
1451 1045 1568 1093 nec
1598 1032 1813 1093 audire
1841 1046 1957 1093 nec
1987 1030 2320 1109 providere

342 1119 679 1195 quicquam
726 1119 949 1179 sinunt.
1020 1117 1300 1179 incidunt
1327 1119 1593 1178 inermes
1625 1117 1780 1177 inter
1807 1123 2088 1177 catervas
2119 1132 2318 1177 arma·

346 1212 565 1265 torum.
612 1202 713 1263 alii
733 1210 921 1264 ruunt
938 1201 1023 1263 'ad
1045 1210 1280 1278 portas,
1311 1202 1413 1261 alii
1439 1200 1754 1276 obsaeptis
1779 1201 2100 1263 itineribus
2125 1215 2320 1277 super

346 1289 575 1348 vallum
602 1286 844 1348 saliunt.
892 1296 953 1347 et
979 1293 1051 1346 ut
1081 1286 1345 1362 quisque
1372 1291 1674 1357 evaserat,
1707 1285 1986 1359 protinus
2011 1286 2092 1346 ad
2114 1291 2314 1350 castra

347 1374 541 1433 altera
568 1372 821 1448 fugiunt,
849 1372 956 1433 ubi
986 1371 1063 1430 ab
1093 1371 1348 1431 cohorte
1377 1376 1439 1429 et
1462 1368 1774 1445 equitibus
1803 1382 1884 1429 ex
1907 1370 2150 1431 occulto
2171 1384 2315 1444 pro-

352 1456 738 1517 currentibus
782 1455 1178 1515 circumventi
1218 1454 1514 1528 caesique
1555 1454 1637 1513 ad
1677 1467 1864 1513 unum
1895 1465 2110 1515 omnes
2141 1460 2316 1513 sunt=

353 1554 755 1615 quamquam,
810 1538 1046 1599 etiamsi
1098 1539 1239 1614 quis
1283 1554 1362 1597 ex
1405 1552 1482 1597 ea
1521 1537 1716 1598 caede
1755 1536 2106 1613 effugisset,
2158 1538 2318 1597 adeo

348 1623 567 1699 raptim
598 1640 635 1683 a
664 1623 861 1699 captis
907 1623 1305 1698 propioribus
1335 1621 1556 1683 castris
1586 1622 1646 1681 in
1677 1622 1869 1683 altera
1893 1630 2321 1683 transcursum

354 1714 558 1790 castra
596 1707 675 1767 ab
702 1709 997 1769 Romanis
1024 1713 1152 1783 est,
1194 1715 1260 1768 ut
1288 1706 1656 1781 praevenire
1687 1708 1936 1767 nuntius
1967 1706 2160 1765 cladis
2193 1721 2319 1767 non

357 1797 595 1869 posset.
662 1791 746 1851 ibi
784 1808 966 1867 vero,
1014 1808 1139 1867 quo
1168 1792 1414 1866 longius
1445 1788 1522 1849 ab
1553 1790 1733 1851 hoste
1761 1790 2045 1865 aberant,
2087 1796 2148 1851 et
2177 1791 2324 1865 quia

353 1876 471 1938 sub
510 1878 711 1936 lucem
754 1876 1111 1951 pabulatum
1152 1877 1566 1952 lignatumque
1592 1882 1656 1935 et
1683 1874 2043 1949 praedatum
2071 1874 2322 1949 quidam

354 1961 579 2035 dilapsi
607 1962 877 2035 fuerant,
928 1964 1208 2035 neglecta
1236 1961 1432 2035 magis
1464 1959 1670 2020 omnia
1697 1974 1771 2019 ac
1801 1960 2001 2019 soluta
2028 1958 2320 2033 invenire,

354 2060 527 2104 arma
575 2050 808 2105 tantum
848 2045 908 2103 in
952 2044 1320 2105 stationibus
1362 2044 1595 2119 posita,
1645 2042 1868 2103 milites
1907 2043 2173 2103 inermes
2217 2050 2324 2103 aut

351 2128 517 2187 humi
546 2126 837 2187 sedentes
868 2129 1370 2203 accubantesque
1399 2134 1506 2189 aut
1531 2126 1998 2190 obambulantes
2029 2133 2170 2187 ante
2190 2128 2320 2187 val—

356 2215 477 2273 lum
519 2218 878 2287 portasque.
946 2228 1086 2273 cum
1128 2211 1225 2273 his
1268 2218 1392 2271 tam
1422 2213 1660 2274 securis
1691 2211 2035 2287 solutisque
2061 2210 2322 2271 Romani

353 2296 623 2357 calentes
652 2296 857 2357 adhuc
880 2298 959 2357 ab
976 2296 1211 2358 recenti
1234 2312 1446 2372 pugna
1467 2297 1838 2371 ferocesque
1859 2296 2116 2358 victoria
2139 2308 2322 2371 proe-

352 2380 497 2441 lium
540 2380 779 2439 ineunt.-
840 2382 1048 2457 itaque
1088 2394 1483 2456 nequaquam
1522 2380 1728 2441 resisti
1771 2380 1834 2443 in
1877 2382 2073 2455 portis
2103 2380 2319 2455 potuit.

353 2464 511 2523 intra
554 2472 767 2539 portas
810 2480 1119 2526 concursu
1158 2480 1239 2525 ex
1266 2466 1414 2526 totis
1443 2465 1664 2525 castris
1697 2464 1776 2525 ad
1803 2464 2067 2540 primum
2098 2466 2324 2526 clamo-

355 2563 486 2607 rem
516 2556 577 2609 et
603 2551 925 2610 tumultum
968 2551 1129 2611 facto
1158 2558 1338 2610 atrox
1370 2550 1670 2624 proelium
1700 2547 1908 2610 oritur.
1975 2546 2207 2622 diuque
2235 2553 2325 2607 te·

360 2632 624 2705 unisset,
664 2634 728 2691 ni
758 2642 1013 2693 cruenta
1041 2640 1218 2693 scuta
1242 2632 1660 2694 Romanorum
1687 2633 1826 2693 visa
1853 2632 2146 2693 indicium
2175 2634 2324 2692 alte-

354 2716 483 2776 rius
534 2716 730 2775 cladis
772 2716 995 2777 Poenis
1044 2723 1231 2792 atque
1271 2718 1416 2777 inde
1457 2731 1750 2792 pavorem
1791 2716 2164 2791 iniecissent„
2227 2714 2326 2775 hic

352 2808 551 2859 terror
578 2800 641 2857 in
672 2800 877 2874 fugam
906 2800 1125 2861 avertit
1150 2814 1398 2867 omnes;
1441 2800 1752 2876 effusique
1781 2816 1906 2877 qua
1928 2800 2042 2860 iter
2063 2810 2176 2875 est,
2206 2798 2328 2859 nisi

361 2898 520 2957 quos
552 2882 779 2942 caedes
810 2885 1141 2958 oppressit,
1174 2890 1480 2944 exuuntur
1511 2884 1748 2945 castris.
1793 2885 1876 2945 ita
1905 2882 2087 2945 nocte
2119 2898 2194 2944 ac
2223 2882 2326 2943 die

356 2965 501 3025 bina
542 2974 747 3025 castra
786 2966 1055 3028 hostiurn
1099 2976 1452 3043 expugnata
1493 2968 1680 3030 ductu
1717 2970 1782 3029 L.
1813 2968 2044 3028 Marcii.
2101 2968 2183 3028 ad
2222 2966 2328 3026 tri-

356 3049 526 3124 ginta
553 3057 791 3123 septem
820 3051 985 3111 milia
1012 3052 1280 3113 hostium
1309 3065 1496 3112 caesa
1523 3062 1736 3113 auctor
1758 3060 1856 3113 est
1877 3051 2187 3125 claudius,
2221 3048 2330 3126 qui

358 3134 614 3194 annales
640 3134 957 3196 Acilianos
987 3148 1067 3195 ex
1098 3136 1335 3197 Graeco
1365 3138 1426 3195 in
1449 3137 1727 3197 Latinum
1755 3151 2104 3197 sermonem
2131 3135 2331 3209 vertit,

360 3226 578 3293 captos
621 3218 703 3278 ad
742 3219 907 3279 mille
948 3221 1332 3295 octingentos
1372 3219 1642 3295 triginta,
1688 3220 1984 3295 praedam
2021 3220 2331 3294 ingentem

357 3308 653 3377 paratam.
718 3303 778 3361 in
823 3318 898 3363 ea
940 3304 1135 3365 misse
1164 3304 1429 3378 clipeum
1457 3311 1813 3379 argenteum
1844 3304 2054 3379 pondo
2087 3310 2331 3363 centum

356 3385 603 3461 triginta
644 3394 879 3461 septem
924 3402 1063 3448 cum
1103 3388 1367 3462 imagine
1392 3388 1637 3447 Barcini
1665 3388 2090 3449 Hasdrubalis.
2145 3388 2332 3445 Vale-

357 3468 491 3529 rius
531 3470 748 3531 Antias
796 3485 922 3530 una
972 3478 1175 3531 castra
1212 3470 1494 3547 Magonis
1539 3479 1720 3547 capta
1759 3472 2038 3545 tradidit,
2089 3476 2332 3546 septem
