2550 3959
494 267 727 328 LmER
753 265 993 326 xxvu.
1040 263 1207 325 cAP.
1236 274 1325 327 20.
1353 273 1442 327 21.
1490 243 1561 339 [al
1589 270 1654 324 c.
1683 269 1810 338 209]
2017 263 2138 330 187

156 418 299 480 eius
342 415 595 492 agebat,
650 427 789 475 cum
828 421 1030 474 tamen
1072 414 1411 475 necessarii
1455 414 1689 474 Claudii
1731 414 2137 492 obtinuerunt,

156 503 376 562 relicto
407 499 720 560 Venusiae
747 497 947 574 legato
978 497 1304 559 Marcellus
1333 499 1593 560 Romam
1630 499 1858 559 rediret
1885 499 1966 559 ad
1995 517 2138 575 pur·

154 586 375 662 ganda
402 599 479 644 ea
510 599 671 659 quae
700 582 926 643 inimici
954 583 1388 658 decernerent,
1434 597 1550 643 nec
1580 581 1658 642 de
1700 582 1957 658 imperio
2004 585 2138 644 eius

155 668 526 744 abrogando
558 666 813 727 absente
842 667 982 742 ipso
1013 674 1312 741 ageretur.
1365 667 1522 726 sorte
1553 667 1670 727 sub
1700 665 1864 726 idem
1895 673 2137 742 tempus

158 761 225 814 et
260 751 592 813 Marcellus
638 750 718 810 ad
764 750 1219 826 deprecandam
1261 750 1656 826 ignominiam
1699 754 1759 810 et
1787 750 1855 825 Q.
1886 751 2136 812 Fulvius

156 837 385 898 consul
416 835 798 896 comitiorum
828 849 1017 894 causa
1045 834 1304 895 Romam
1337 834 1527 894 venit.
1613 834 1770 894 XXI.
1830 841 2032 894 actum
2061 834 2139 895 de

161 919 423 996 imperio
467 919 736 979 Marcelli
781 917 840 978 in
881 918 1044 979 circo
1085 915 1382 978 Flaminio
1425 925 1522 978 est
1559 918 1788 992 ingenti
1833 933 2140 980 concursu

164 1004 494 1083 plebisque
520 1010 580 1063 et
602 1003 869 1065 omnium
895 1001 1205 1072 ordinum;
1239 1001 1684 1077 accusavitque
1707 1002 1986 1064 tribunus
2009 1004 2138 1079 ple-

160 1089 260 1149 bis
292 1103 420 1148 non
448 1087 802 1146 Marcellum
831 1087 1017 1146 modo
1050 1085 1163 1146 sed
1194 1101 1437 1146 omnem
1467 1085 1874 1145 nobilitateme
1922 1087 2142 1148 fraude

161 1187 382 1235 eorum
412 1180 473 1230 et
500 1171 887 1235 cunctatione
916 1169 1066 1242 fieri,
1113 1176 1182 1230 ut
1207 1169 1512 1230 Hannibal
1545 1169 1849 1230 decimum
1879 1170 2000 1230 iam
2029 1188 2136 1230 an-

158 1273 311 1317 num
341 1254 576 1317 Italiam
606 1254 986 1330 provinciam
1015 1254 1256 1327 habeat,
1303 1253 1528 1314 diutius
1558 1252 1642 1312 ibi
1675 1269 1858 1329 quam
1889 1253 2138 1314 Cartha-

159 1341 309 1416 gine
346 1339 586 1400 vixerit.
651 1337 881 1398 habere
921 1339 1181 1399 fructum
1225 1337 1464 1414 imperii
1506 1337 1818 1413 prorogati
1847 1337 2138 1398 Marcello

160 1425 463 1500 populum
503 1423 876 1482 Romanum=
918 1421 1016 1482 bis
1062 1437 1312 1483 caesum
1355 1421 1689 1481 exercitum
1729 1422 1862 1482 eius
1903 1422 2140 1482 aestiva

161 1507 483 1568 Venusiae
512 1505 631 1567 sub
656 1505 837 1567 tectis
868 1521 1072 1581 agere.
1114 1506 1279 1567 hanc
1297 1505 1519 1566 tribuni
1549 1505 1889 1566 orationem
1918 1507 2000 1566 ita
2030 1505 2139 1568 ob-

162 1591 623 1653 ruitMarcellus
655 1589 1230 1650 commemoratione
1260 1607 1462 1650 rerum
1493 1605 1759 1661 suarum,
1792 1597 1860 1652 ut
1886 1606 2009 1650 non
2037 1605 2128 1650 ro·

162 1675 329 1750 gatio
362 1676 563 1735 solum
600 1675 679 1734 de
706 1673 962 1750 imperio
1001 1673 1134 1734 eius
1167 1674 1528 1749 abrogando
1557 1674 1993 1748 antiquaretur,
2023 1682 2144 1734 seu*

165 1765 419 1834 postero
470 1757 593 1816 die
622 1759 939 1818 consulem
992 1771 1131 1814 cum
1182 1755 1412 1831 lugenti
1465 1771 1775 1816 consensu
1826 1758 2138 1817 centuriae

168 1855 387 1901 omnes
430 1844 728 1900 crearent.
800 1837 1045 1900 additur
1086 1839 1325 1914 collega
1350 1838 1417 1898 Τ.
1447 1838 1764 1912 Quinctius
1793 1839 2133 1916 CrispinuS,

164 1925 425 2002 quitum
455 1930 705 1999 praetor
744 1929 891 1984 erat.
960 1930 1212 1998 postero
1244 1923 1345 1982 die
1375 1929 1692 1998 praetores
1729 1924 1918 1984 creati
1946 1925 2010 1984 P.
2041 1925 2137 1984 Li-

163 2009 363 2070 cinius
388 2009 647 2068 Crassus
671 2007 859 2068 Dives
887 2007 1162 2084 pontifex
1190 2007 1515 2082 maximus,
1545 2006 1610 2066 P.
1623 2007 1892 2068 Licinius
1907 2009 2134 2083 VaruS,

164 2093 313 2155 Sex.
342 2093 533 2153 Iulius
564 2091 807 2162 Caesar,
850 2089 919 2164 Q.
952 2090 1259 2152 Claudius,

334 2175 723 2237 Comitiorum
754 2175 1033 2249 ipsorum
1062 2174 1284 2235 diebus
1315 2175 1576 2236 sollicita
1605 2177 1822 2237 civitas
1854 2175 1934 2236 de
1962 2175 2135 2236 Etru—

168 2262 296 2321 riae
325 2261 669 2321 del'ectione
698 2259 828 2319 fuit.
886 2258 1253 2336 principium
1284 2259 1417 2319 eius
1445 2259 1535 2318 rei
1564 2259 1642 2318 ab
1672 2259 1973 2319 Arretinis
2003 2258 2134 2319 fieri

164 2345 231 2406 C.
262 2343 624 2420 Calpurnius
666 2343 1028 2418 scripserat,
1076 2343 1178 2418 qui
1226 2357 1364 2402 eam
1393 2344 1771 2418 provinciam
1801 2359 1915 2418 pro
1959 2359 2136 2418 prae-

170 2435 301 2490 tore
332 2428 660 2490 obtinebat.
704 2427 912 2503 itaque
934 2425 1257 2487 confestim
1288 2442 1364 2486 eo
1388 2427 1618 2486 missus
1632 2425 1959 2486 Marcellus
1989 2441 2138 2486 con·-

168 2513 265 2573 sul
294 2513 670 2588 designatus,
719 2511 825 2587 qui
852 2527 981 2570 rem
1011 2509 1360 2586 inspiceret,
1407 2525 1482 2569 ac
1509 2511 1563 2570 si
1593 2509 1781 2584 digna
1809 2509 2134 2582 videretur,

165 2596 435 2657 exercitu
478 2593 673 2657 accito
702 2594 931 2656 bellum
972 2609 1051 2654 ex
1078 2595 1304 2670 Apulia
1343 2595 1405 2653 in
1433 2593 1732 2654 Etruriam
1761 2594 2135 2653 transferret.

170 2692 245 2740 eo
274 2683 438 2740 metu
469 2677 811 2756 compressi
840 2677 1082 2740 Etrusci
1115 2678 1494 2754 quieverunt.
1559 2677 2020 2738 Tarentinorum
2050 2678 2136 2737 le-

166 2763 325 2840 gatis
366 2778 581 2840 pacem
624 2761 973 2839 petentibus
1004 2777 1142 2823 cum
1184 2761 1462 2822 libertate
1489 2777 1564 2822 ac
1591 2759 1830 2836 legibus
1877 2761 2007 2821 suis
2043 2776 2136 2821 re-

169 2845 470 2924 sponsum
510 2847 587 2908 ab
629 2852 849 2908 senatu
889 2853 1012 2922 est,
1056 2851 1125 2909 ut
1162 2845 1433 2906 redirent
1474 2861 1612 2906 cum
1650 2843 1876 2906 Fabius
1919 2845 2135 2906 consul

167 2933 425 2994 Romam
456 2932 745 2992 venisset.
786 2963 874 2975 —
923 2930 1080 2990 Ludi
1122 2937 1183 2990 et
1208 2929 1470 2991 Romani
1502 2935 1563 2990 et
1589 2929 1814 3006 plebeii
1855 2947 1931 2991 eo
1975 2942 2136 2990 anno

167 3017 231 3076 in
259 3015 535 3091 singulos
565 3016 700 3076 dies
740 3015 1076 3076 instaurati.
1150 3015 1384 3074 aedil-es
1415 3015 1659 3075 curules
1692 3015 1862 3078 fluere
1889 3015 1956 3075 L.
1989 3014 2133 3074 Cor-

166 3101 364 3161 nelius
394 3099 704 3160 Caudinus
734 3106 796 3160 et
822 3098 955 3160 Ser.
986 3097 1296 3174 Sulpicius
1327 3098 1538 3173 Galba,
1581 3099 1804 3173 plebeii
1834 3099 1896 3159 C.
1929 3097 2134 3158 Servi-

166 3185 288 3244 lius
320 3191 381 3244 et
410 3183 477 3258 Q.
511 3184 810 3244 Caecilius
832 3183 1132 3243 Metellus.
1176 3181 1505 3244 Servilium
1536 3183 1843 3258 negabant
1871 3182 2003 3242 iure
2031 3187 2136 3240 aut

164 3267 471 3329 tribunum
514 3267 717 3343 plebis
758 3268 953 3328 fuisse
996 3273 1102 3326 aut
1149 3267 1411 3328 aedilem
1455 3279 1629 3339 esse,
1691 3265 1858 3340 quod
1899 3269 2134 3340 patrem

165 3351 331 3428 eiuS,
374 3367 557 3428 quem
596 3351 974 3414 triumvirum
1015 3350 1320 3426 agrarium
1365 3350 1639 3410 occisum
1680 3363 1717 3407 a
1757 3348 1929 3409 Boiis
1971 3347 2136 3408 circa

167 3435 459 3496 Mutinam
489 3451 632 3497 esse
676 3435 883 3510 opinio
916 3449 1028 3511 per
1054 3435 1273 3495 decem
1302 3448 1497 3493 annos
1527 3433 1753 3507 suerat,
1794 3432 2006 3493 vivere
2043 3437 2133 3491 at·

166 3519 378 3594 quein
408 3519 675 3580 hostium
703 3524 1007 3595 potestate
1038 3533 1183 3580 esse
1208 3517 1360 3578 satis
1392 3514 1735 3578 constabat.
