2550 3959
347 265 429 331 70
656 266 881 327 LIBER
905 266 1087 326 XXV.
1139 265 1524 328 CAP.15·.16.
1579 270 1651 339 [a.
1678 271 1748 323 U.
1775 288 1823 324 ο.
1853 270 1976 337 540]

349 418 481 479 acie
521 417 931 494 pugnantibus
957 416 1283 488 Romanis,
1327 414 1606 475 Thurinis
1649 412 2146 491 exspectantibus
2177 430 2304 475 ma·

350 504 443 579 gis
498 518 680 577 quam
743 500 1169 563 adiuvantibus
1223 506 1535 559 eventum:
1612 505 1672 559 et
1721 496 2304 573 Carthaginiensium

353 588 517 647 acies
550 586 629 646 de
658 584 957 645 industria
988 584 1208 660 pedem
1237 582 1570 657 referebat,
1617 589 1687 643 ut
1712 583 1794 642 ad
1823 589 1992 657 terga
2021 582 2194 643 collis
2225 582 2304 642 ab

353 670 556 745 equite
584 685 699 730 suo
728 668 953 729 insessi
981 668 1223 729 hostem
1264 668 1569 727 incautum
1598 665 2002 742 pertraheret,
2046 681 2168 741 quo
2197 665 2305 726 ubi

351 760 445 814 est
471 759 733 825 ventum,
766 751 957 812 coorti
985 768 1123 812 cum
1146 751 1412 811 clamore
1441 750 1680 826 equites
1711 764 1906 827 prope
1933 749 2305 811 inconditam

348 837 747 899 Thurinorum
777 834 1011 896 turbam
1040 852 1155 895 nec
1185 834 1336 896 satis
1364 834 1490 895 fido
1522 834 1742 907 animo,
1779 834 1945 894 unde
1973 833 2302 910 pugnabat,

350 926 608 981 stantem
648 922 955 996 extemplo
984 921 1045 980 in
1077 921 1285 993 sugam
1325 923 1692 979 averterunt.
1753 918 2044 991 Romani,
2092 933 2302 991 quam·

348 1020 536 1080 quam
558 1006 1007 1066 circumventos
1030 1004 1173 1064 hinc
1196 1004 1391 1079 pedes
1414 1002 1552 1061 hinc
1576 1018 1768 1077 eques
1796 1001 2070 1077 urgebat,
2101 1010 2304 1062 tamen

348 1088 725 1163 aliquamdiu
763 1103 1031 1165 pugnam
1059 1094 1320 1147 traxere.
1380 1092 1691 1162 postremo
1723 1091 1784 1145 et
1821 1085 1940 1163 ipsi
1971 1092 2142 1159 terga
2169 1102 2303 1145 ver-

350 1179 482 1232 tunt
521 1178 707 1247 atque
748 1172 829 1231 ad
868 1171 1081 1233 urbem
1123 1171 1375 1246 fugiunt.
1442 1170 1523 1229 ibi
1564 1170 1913 1247 proditores
1957 1170 2304 1251 conglobati

349 1272 487 1317 cum
511 1256 897 1333 popularium
928 1272 1145 1333 agmen
1168 1253 1514 1331 patentibus
1541 1254 1734 1330 portis
1765 1254 2168 1330 accepissent,
2199 1253 2303 1314 ubi

347 1341 663 1401 Romanos
693 1341 866 1401 fusos
896 1341 977 1401 ad
1017 1339 1229 1401 urbem
1260 1339 1402 1398 scrri
1442 1339 1752 1414 viderunt,
1798 1339 2181 1399 conclamant
2215 1338 2302 1397 in-

348 1431 511 1484 stare
538 1423 839 1495 Poenum,
887 1424 1346 1499 permixtosque
1377 1430 1437 1482 et
1461 1422 1674 1484 hostes
1704 1422 1918 1483 urbem
1954 1423 2300 1503 invasurOS,

346 1508 410 1566 ni
441 1523 705 1583 propere
734 1514 946 1584 portas
977 1507 1280 1568 claudant.
1344 1506 1426 1566 ita
1465 1508 1753 1569 exclusos
1781 1508 2092 1567 Romanos
2123 1522 2303 1581 prae·

348 1590 539 1651 buere
551 1590 715 1652 hosti
740 1591 821 1651 ad
836 1591 1107 1667 caedem,
1127 1589 1368 1651 Atinius
1385 1597 1585 1651 tamen
1608 1607 1745 1651 cum
1757 1590 1972 1668 paucis
1995 1596 2303 1666 receptus.

348 1674 569 1736 seditio
593 1674 739 1736 inde
754 1675 1069 1752 paulisper
1088 1674 1282 1736 tenuit
1306 1690 1441 1735 cum
1487 1679 1598 1737 alii
1615 1676 1817 1737 urbem
1837 1676 2116 1736 tuendam
2161 1674 2305 1733 inde

348 1760 449 1819 alii
492 1759 834 1820 cedendum
884 1761 1161 1821 fortunae
1206 1767 1267 1819 et
1309 1760 1666 1819 tradendam
1705 1759 1917 1821 urbem
1966 1758 2304 1819 victoribus

350 1851 692 1904 censerent.
774 1849 1069 1918 ceterum,
1115 1849 1181 1903 ut
1221 1844 1611 1918 plerumque,
1667 1844 1909 1905 fortuna
1950 1850 2010 1903 et
2049 1841 2323 1902 consilia.

348 1929 509 1987 mala
531 1928 837 1988 vicerunt:
867 1926 1072 1988 Atinio
1096 1942 1235 1987 cum
1258 1927 1387 1989 suis
1411 1928 1493 1986 ad
1517 1943 1682 1987 mare
1703 1943 1776 1987 ac
1799 1941 1989 1987 naves
2015 1926 2303 1999 deducte,

349 2010 543 2085 magis
588 2012 733 2085 quia
774 2010 895 2085 ipsi
938 2010 1015 2071 ob
1058 2010 1380 2086 imperium
1417 2010 1478 2070 in
1509 2027 1578 2071 se
1608 2010 1750 2072 mite
1779 2027 1852 2071 ac
1894 2011 2115 2071 iustum
2159 2024 2306 2069 con·

348 2093 571 2153 sultum
612 2093 904 2153 volebant
946 2110 1129 2168 quam
1168 2101 1452 2169 respectu
1494 2096 1936 2173 Romanorum,
1995 2093 2280 2168 Carthagi

348 2178 594 2237 nienses
623 2176 687 2237 in
714 2175 929 2238 urbem
960 2178 1282 2253 accipiunt.

516 2260 815 2322 Consules
848 2277 885 2320 a
911 2260 1263 2323 Benevento
1296 2262 1357 2323 in
1387 2262 1760 2337 Campanum
1790 2277 2001 2337 agrum
2028 2260 2304 2336 legiones

348 2345 583 2407 ducunt
609 2360 731 2405 non
763 2346 841 2404 ad
872 2346 1173 2405 frumenta
1198 2346 1404 2420 mode,
1453 2361 1611 2419 quae
1642 2346 1760 2405 iam
1789 2346 1850 2405 in
1884 2342 2086 2406 herbis
2116 2352 2304 2417 erant,

346 2428 815 2504 corrumpenda,
847 2429 961 2489 sed
989 2429 1068 2489 ad
1101 2429 1371 2504 Capuam
1401 2430 1896 2504 oppugnandam,
1915 2472 1921 2478 -
1940 2429 2205 2489 nobilem
2235 2444 2306 2488 se

348 2513 731 2574 consulatum
761 2520 884 2573 tam
912 2515 1239 2590 opulentae
1265 2513 1435 2573 urbis
1465 2512 1706 2574 excidio
1735 2513 1848 2575 rati
1878 2514 2177 2587 facturoS,
2223 2511 2303 2571 si·

345 2598 471 2661 mul
495 2602 557 2656 et
578 2596 793 2671 ingens
818 2596 1113 2671 flagitium
1142 2596 1398 2673 imperio
1424 2596 1801 2672 dempturOS,
1837 2597 2004 2672 quod
2025 2595 2158 2658 urbi
2183 2602 2305 2655 tam

346 2680 736 2756 propinquae
759 2681 999 2740 tertium
1027 2696 1253 2740 annum
1282 2680 1576 2756 impunita
1604 2680 1865 2741 desectio
1897 2687 2080 2741 esset.
2145 2685 2305 2740 cete·

344 2779 479 2823 rum
508 2779 587 2824 ne
613 2764 1032 2823 Beneventum
1060 2765 1196 2823 sine
1225 2763 1538 2840 praesidio
1573 2771 1770 2841 esset,
1816 2770 1875 2824 et
1903 2770 1970 2824 ut
1996 2766 2077 2824 ad
2105 2762 2307 2823 subita

343 2845 519 2920 belli,
564 2847 619 2906 si
658 2846 991 2920 Hannibal,
1036 2848 1206 2922 quod
1250 2848 1548 2909 facturum
1587 2848 1754 2908 haud
1796 2846 2177 2922 dubitabant,
2225 2848 2302 2905 ad

347 2944 531 3005 opem
560 2928 875 2989 ferendam
902 2929 1093 2993 soci1s
1124 2930 1394 3006 Capuam
1423 2932 1711 3007 venisset,
1749 2932 1986 3008 equites
2017 2931 2139 2991 vim
2167 2946 2305 2990 sus-

344 3011 537 3071 tinere
574 3020 861 3089 possent,
906 3012 1033 3073 Tib.
1064 3013 1404 3075 Gracchum
1445 3031 1522 3075 ex
1547 3016 1812 3077 Lucanis
1854 3022 1992 3076 cum
2037 3015 2304 3090 equitatu

346 3110 419 3155 ac
458 3096 580 3155 levi
622 3103 925 3157 armatura
964 3096 1381 3161 Beneventum
1420 3099 1630 3159 venire
1668 3098 1904 3160 iubent:
1959 3098 2304 3173 legionibus

346 3178 708 3256 stativisque
748 3180 830 3240 ad
872 3180 1236 3243 obtinendas
1266 3198 1368 3243 res
1397 3183 1459 3243 in
1485 3183 1748 3244 Lucanis
1789 3183 2052 3260 aliquem
2083 3185 2304 3258 praefi-

346 3271 529 3323 ceret.
614 3263 774 3323 XVI.
834 3264 1139 3339 Gracch0,
1192 3266 1553 3341 priusquam
1594 3282 1673 3326 ex
1707 3266 1970 3327 Lucanis
2011 3274 2304 3337 moveret,

344 3346 711 3408 sacrificanti
742 3348 913 3409 triste
943 3350 1284 3425 prodigium
1318 3350 1539 3411 factum
1568 3357 1692 3411 est:
1721 3351 1804 3411 ad
1833 3356 1974 3412 exta
1997 3350 2305 3411 sacrificio

344 3437 694 3506 perpetrato
728 3448 961 3507 angues
987 3433 1107 3493 duo
1138 3448 1217 3493 ex
1248 3436 1489 3496 occulto
1522 3434 1763 3510 adlapsi
1793 3434 2084 3495 mandere
2112 3434 2305 3506 iocur,

338 3514 787 3591 conspectique
814 3523 1067 3592 repente
1096 3532 1175 3577 ex
1207 3517 1400 3579 oculis
1432 3517 1728 3579 abierunt.
1773 3518 1838 3580 id
1861 3534 1999 3580 cum
2020 3517 2306 3592 haruspi-
