2550 3959
342 232 467 298 11⁰
598 315 602 321 ¹
676 230 906 295 Lmen
933 188 1146 293 val.
1190 230 1358 291 cAP.
1380 238 1430 295 τ.
1453 238 1508 293 a.
1555 236 1624 305 [a.
1655 236 1728 289 υ.
1761 252 1808 288 0.
1837 235 1963 303 ευ]

342 399 421 445 ne
466 383 931 459 desponderent
969 380 1239 442 animos=
1292 380 1614 442 tolerando
1656 395 1894 458 paucos
1937 380 2070 443 dies
2111 388 2305 443 totam

340 468 653 528 soluturos
701 466 1106 527 obsidionem.
1182 465 1328 525 inde
1368 480 1562 527 naves
1601 464 1664 525 in
1705 463 1954 527 flumine
1993 466 2304 527 Vulturno

340 550 821 629 comprehensas
848 548 1049 626 subigi
1076 549 1157 610 ad
1186 550 1251 610 id
1272 549 1442 625 quod
1469 549 1588 610 iam
1617 555 1759 611 ante
1786 549 2080 626 praesidii
2109 566 2305 612 causa

341 637 571 697 fecerat
599 634 915 696 castellum
943 633 1151 695 iussin
1198 649 1458 710 quarum
1485 632 1590 694 ubi
1614 639 1839 693 tantam
1861 632 2104 710 copiam
2131 650 2300 709 esse,

337 726 405 781 ut
430 736 555 781 una
582 725 766 780 nocte
794 717 968 779 traici
998 724 1216 795 posset
1242 718 1572 792 exercitus,
1609 717 1880 780 adlatum
1905 725 2020 793 est,
2048 717 2302 780 cibariis

338 804 554 865 decern
582 803 817 864 dierum
860 803 1239 879 praeparatis
1269 802 1568 864 deductas
1597 808 1778 863 nocte
1817 803 1897 862 ad
1925 800 2181 863 fluvium
2209 802 2303 862 le-

336 888 554 963 giones
583 894 725 949 ante
752 886 949 947 lucem
976 886 1231 947 traiecit.

504 970 780 1032 v111.1d
800 970 1159 1047 priusquam
1182 970 1372 1044 fieret,
1404 970 1488 1031 ita
1516 970 1780 1031 futurum
1809 959 2186 1048 compertum
2213 988 2302 1035 ex

337 1056 669 1131 transfugis
697 1054 951 1117 Fulvius
974 1055 1233 1117 Flaccus
1274 1054 1513 1117 senatui
1541 1054 1800 1116 Romam
1827 1070 1968 1116 cum
2007 1056 2300 1133 scripsis-

337 1146 465 1213 set,
504 1139 675 1201 varie
716 1139 901 1200 animi
942 1139 1256 1201 hominum
1292 1155 1408 1217 pro
1439 1138 1744 1214 cuiusque
1781 1139 2028 1216 ingenio
2069 1140 2298 1211 adfecti

338 1230 496 1284 sunt.
542 1223 697 1285 utin
724 1240 795 1284 re
820 1230 945 1285 tam
972 1224 1211 1301 trepida
1238 1230 1458 1285 senatu
1485 1224 1792 1300 extemplo
1819 1230 2044 1286 vocato
2064 1222 2129 1284 P.
2147 1224 2298 1286 Cor—

338 1308 567 1384 neliae,
608 1309 710 1370 cui
737 1309 971 1370 Asinae
1000 1324 1342 1385 cognomen
1373 1314 1532 1381 erat,
1578 1321 1792 1370 omncs
1822 1309 2013 1370 duces
2057 1308 2294 1370 exerci-

334 1400 557 1467 tusque
598 1408 679 1453 ex
706 1398 834 1454 tota
860 1392 1033 1454 ltalia
1073 1408 1276 1469 neque
1306 1392 1554 1469 Capuae
1578 1407 1780 1467 neque
1818 1393 2001 1453 ullius
2043 1394 2324 1455 alterius

333 1477 423 1535 rei
451 1491 687 1537 memor
715 1476 797 1537 ad
824 1476 993 1538 urbis
1024 1476 1400 1553 praesidium
1431 1475 1796 1549 revocabat3
1840 1476 2068 1539 Fabius
2095 1476 2294 1537 Maxi·

334 1575 469 1620 mus
510 1560 767 1621 abscedi
804 1577 843 1621 a
888 1560 1098 1637 capua
1134 1561 1474 1638 terrerique
1513 1566 1576 1620 et
1613 1560 1941 1637 circumagi
1985 1562 2066 1621 ad
2107 1567 2294 1623 nutus

332 1644 959 1721 comminationesque
972 1645 1330 1707 Hannibalis
1353 1643 1724 1720 flagitiosum
1755 1644 2034 1706 ducebat.
2075 1647 2182 1723 qui
2209 1646 2293 1709 ad

334 1728 573 1789 Cannas
600 1728 799 1789 victor
824 1730 917 1791 ire
940 1736 1140 1791 tamen
1169 1730 1249 1790 ad
1290 1728 1504 1791 urbem
1531 1743 1724 1791 ausus
1754 1743 1880 1789 non
1907 1736 2104 1803 esset,
2147 1744 2294 1791 eum

331 1828 370 1872 a
396 1812 607 1889 Capua
632 1814 947 1889 repulsum
974 1830 1152 1891 spem
1184 1814 1517 1889 potiundae
1544 1812 1716 1874 urbis
1745 1813 1978 1875 Romae
2007 1811 2289 1890 cepisset

332 1912 456 1957 non
493 1897 579 1957 ad
605 1898 865 1959 Romam
906 1898 1316 1959 obsidendam
1357 1898 1470 1958 sed
1511 1898 1591 1958 ad
1624 1897 1869 1974 Capuae
1910 1896 2295 1959 liberandam

331 1979 717 2042 obsidionem
744 1981 854 2042 ire.
917 1983 1176 2043 Romam
1204 1998 1342 2042 cum
1373 1996 1448 2041 eo
1481 1981 1782 2057 exercitu,
1829 1981 1933 2059 qui
1961 1981 2044 2041 ad
2071 1980 2292 2043 urbem

329 2069 524 2138 esset,
580 2066 789 2125 Iovem
830 2066 1149 2126 foederum
1203 2072 1520 2141 ruptorum
1571 2065 1648 2125 ab
1691 2065 2031 2127 Hannibale
2068 2071 2290 2127 testem

329 2147 611 2223 deosque
648 2149 808 2211 alios
849 2149 1217 2210 defensuros
1253 2164 1418 2211 esse.
1493 2150 1608 2209 has
1639 2149 1920 2211 diversas
1949 2149 2290 2211 sententias

326 2232 531 2293 media
568 2232 873 2294 sententia
896 2232 961 2293 P.
989 2232 1223 2295 Valerii
1251 2233 1454 2293 Flacci
1483 2234 1656 2309 vicit,
1701 2235 1806 2311 qui
1849 2234 2168 2310 uti-iusque
2193 2233 2288 2293 rei

326 2332 559 2377 memor
598 2316 1067 2394 imperatoribus
1098 2318 1201 2393 qui
1228 2318 1312 2378 ad
1339 2317 1610 2395 Capuam
1653 2325 1865 2379 essent
1893 2318 2286 2379 scribendum

326 2401 591 2477 censuit,
638 2401 787 2477 quid
822 2401 909 2462 ad
946 2402 1163 2463 urbem
1205 2402 1500 2478 praesidii
1537 2410 1732 2474 essen
1781 2410 2042 2478 quantas
2081 2408 2287 2463 autem

325 2483 623 2545 Hannibal
653 2486 869 2563 copias
899 2486 1167 2563 duceret,
1210 2493 1317 2547 aut
1343 2492 1572 2563 quanto
1601 2486 1877 2547 exercitu
1903 2487 1982 2547 ad
2013 2486 2284 2562 Capuam

322 2567 729 2630 obsidendam
760 2587 921 2648 opus
950 2578 1137 2645 esset,
1168 2571 1346 2648 ipsos
1375 2570 1555 2631 scire.
1617 2571 1671 2631 si
1705 2571 1788 2631 ita
1813 2572 2070 2632 Romam
2101 2585 2140 2630 e
2167 2570 2282 2630 du-

321 2652 495 2713 cibus
524 2655 679 2716 alter
706 2661 769 2717 et
794 2655 1101 2716 exercitus
1130 2671 1277 2731 pars
1307 2653 1456 2715 mitti
1487 2660 1721 2731 posset,
1749 2661 1818 2715 ut
1844 2654 1921 2714 ab
1950 2654 2192 2742 reliquo
2221 2660 2284 2714 et

319 2735 479 2797 duce
504 2743 567 2797 et
608 2738 881 2800 exercitu
910 2738 1119 2816 Capua
1144 2744 1312 2800 recte
1351 2738 1766 2815 obsideretur,
1809 2738 1966 2799 inter
2007 2754 2080 2799 se
2113 2753 2280 2800 com-

320 2826 605 2895 pararent
632 2822 919 2883 Claudius
947 2822 1342 2899 Fulviusque,
1369 2823 1490 2884 utri
1518 2822 1864 2884 obsidenda
1891 2822 2118 2899 Capua,
2162 2821 2281 2882 utri

318 2902 399 2962 ad
440 2904 886 2980 prohibendam
927 2905 1253 2968 obsidione
1296 2907 1553 2983 patriam
1592 2907 1850 2967 Romam
1902 2906 2279 2967 veniundum

317 2993 502 3047 esset.
564 2986 685 3049 hoc
704 2990 709 2995 “
726 2996 977 3051 senatus
1027 2991 1310 3052 consulto
1343 2991 1612 3067 Capuam
1658 2990 1891 3067 perlato
1927 2990 1998 3065 Q.
2025 2989 2280 3051 Fulvius

317 3073 678 3147 proconsul,
722 3074 819 3133 cui
848 3074 1088 3149 ‘collega
1115 3090 1197 3135 ex
1224 3076 1478 3135 vulnere
1507 3090 1694 3151 aegro
1725 3074 1991 3135 eundum
2018 3074 2278 3135 Romam

315 3162 461 3232 erat,
504 3172 539 3216 e
566 3155 760 3218 tribus
790 3158 1157 3225 exercitibus
1186 3158 1375 3219 milite
1405 3160 1599 3219 electo
1616 3203 1634 3235 ,
1679 3158 1759 3219 ad
1789 3158 2140 3233 quindecim
2167 3157 2278 3216 mi-

317 3241 397 3299 lia
440 3241 713 3317 peditum
752 3243 918 3303 mille
945 3242 1183 3318 equites
1212 3244 1577 3303 Vulturnum
1619 3242 1897 3303 traducit.
1961 3242 2109 3302 inde
2138 3256 2277 3302 cum

246 3365 253 3371 -
314 3324 715 3387 Hannibalem
735 3326 950 3388 Latina
978 3328 1079 3389 via
1106 3328 1327 3389 iturum
1355 3327 1510 3389 satis
1541 3326 1964 3403 comperisset,
1994 3326 2132 3403 ipse
2163 3340 2278 3402 per

314 3409 556 3486 Appiae
576 3410 908 3489 municipIa
932 3426 1215 3488 quaeque
1238 3418 1493 3489 propter
1512 3426 1646 3472 eam
1667 3409 1831 3471 viam
1853 3416 2012 3487 sunt,
2044 3409 2272 3471 Setiam

314 3494 531 3556 Coram
558 3495 895 3557 Lanuvium
938 3496 1282 3572 praemisit,
1325 3505 1391 3560 ut
1417 3500 1794 3557 commeatus
1823 3501 2075 3574 paratos
2115 3499 2179 3556 et
2209 3493 2271 3554 in
