2550 3959
612 219 841 279 LIBER
862 218 1067 277 XXIX.
1112 217 1277 278 cAP.
1303 220 1388 278 19.
1413 226 1500 279 20.
1549 222 1620 289 [a.
1647 221 1712 273 C.
1735 222 1861 288 204]
2074 216 2195 281 301

247 372 515 433 Siciliam
554 369 989 446 transportari;
1038 376 1327 446 quattuor
1355 368 1642 431 cohortes
1672 371 1978 433 sociorum
2007 372 2200 437 Latini

248 454 508 518 nominis
549 454 610 515 in
653 453 1029 529 praesidium
1056 453 1292 515 Locros
1334 452 1577 515 adduci.
1648 455 1967 531 perrogari
1992 471 2068 519 eo
2100 458 2200 519 die

246 538 586 599 sententiae
614 537 899 599 accensis
930 536 1162 599 studiis.
1178 534 1307 616 pro'
1327 534 1621 614 Scipione
1649 544 1711 600 et
1739 539 2039 601 adversus
2069 540 2199 601 Sci-

246 622 493 698 pionem
539 636 665 701 non
715 626 991 697 potuere.
1062 627 1307 697 praeter
1346 618 1619 685 Pleminii
1659 621 1896 685 facinus
1936 622 2198 685 Locren-

246 708 531 781 siumque
572 703 810 767 cladem
849 704 1048 781 ipsius
1089 704 1269 767 etiam
1321 703 1706 779 imperatoris
1736 722 1860 769 non
1886 708 2200 769 Romanus

247 789 430 851 modo
460 788 577 850 sed
603 804 683 851 ne
709 787 983 851 militaris
1012 788 1260 864 quidem
1283 788 1480 849 cultus
1502 788 1868 853 iactabatur-a
1911 807 2049 852 cum
2069 792 2193 868 pal-

248 874 327 934 lio
360 871 753 948 crepidisque
785 871 1162 937 inambulare
1191 870 1252 934 in
1286 873 1642 951 gymnasio,
1673 872 1894 937 libellis
1924 890 2063 936 eum
2093 891 2196 953 pa-

247 957 633 1033 laestraeque
662 971 915 1033 operam
943 956 1123 1025 dare;
1168 970 1368 1031 aeque
1395 956 1665 1030 segniter
1697 957 1957 1020 molliter
1984 958 2201 1021 cohor·

246 1047 367 1101 tem
396 1045 583 1102 totam
612 1039 1063 1117 Syracusarum
1091 1038 1457 1101 amoenitate
1485 1039 1633 1110 rrui5
1665 1039 2084 1117 Carthaginem
2113 1049 2198 1107 at·

249 1140 370 1197 que
384 1120 787 1185 Hannibalem
815 1120 1126 1183 excidisse
1148 1122 1227 1184 de
1248 1122 1574 1195 memoria;
1605 1125 1939 1185 exercitum
1963 1140 2201 1187 omnem

246 1207 492 1269 licentia
539 1213 927 1285 corruptum,
985 1204 1184 1283 qualis
1237 1203 1515 1270 Sucrone
1554 1206 1616 1267 in
1655 1205 1954 1285 Hispania
2005 1209 2200 1283 suerit,

248 1291 447 1365 qualis
476 1306 639 1353 nunc
666 1290 899 1364 LocriS‚
942 1289 1130 1351 sociis
1158 1289 1356 1364 magis
1391 1305 1575 1365 quam
1599 1288 1763 1351 hosti
1792 1292 2199 1354 metuendum.

245 1374 371 1435 XX.
416 1374 571 1435 haec
601 1388 971 1449 quamquam
1000 1373 1219 1449 partim
1247 1387 1399 1432 vera
1425 1373 1645 1451 partim
1676 1374 1863 1445 mixta
1891 1390 2090 1453 eoque
2121 1376 2200 1436 si·

248 1457 427 1517 milia·
450 1456 617 1517 veris
658 1456 1070 1531 iactabantur,
1112 1462 1315 1521 tamen
1355 1456 1502 1517 vicit
1529 1456 1596 1531 Q.
1624 1454 1848 1523 Metelli
1886 1460 2202 1534 sententia,

250 1540 355 1617 qui
393 1541 474 1602 de
514 1541 736 1601 ceteris
765 1540 1032 1601 Maximo
1073 1540 1381 1601 adsensus
1411 1539 1492 1601 de
1521 1540 1830 1616 Scipionis
1861 1557 2053 1605 causa
2078 1542 2201 1604 dis-

248 1622 473 1685 sensit=
521 1623 625 1701 qui
654 1622 815 1686 enim
844 1623 1204 1698 convenire,
1247 1638 1432 1699 quem
1459 1624 1643 1686 modo
1675 1624 1889 1685 civitas
1918 1625 2201 1690 iuvenem

248 1707 577 1772 admodum
596 1707 1060 1785 recuperandae
1080 1706 1416 1783 Hispaniae
1439 1707 1733 1783 delegerit
1753 1708 1988 1780 ducem,
2021 1724 2202 1785 quem

246 1797 496 1869 recepta
552 1790 627 1853 ab
675 1790 960 1855 hostibus
1006 1790 1310 1867 Hispania
1359 1790 1437 1851 ad
1487 1790 1922 1866 imponendum
1975 1790 2201 1854 Punico

245 1873 407 1936 bello
438 1874 623 1938 finem
652 1875 950 1937 creaverit
978 1875 1324 1949 consulem,
1369 1890 1486 1950 spe
1514 1874 1909 1937 destinaverit
1934 1874 2202 1937 Africam

249 1958 675 2033 subacturum,
714 1958 1119 2021 Hannibalem
1146 1972 1226 2019 ex
1253 1956 1427 2019 Italia
1457 1957 1900 2035 detracturum,
1941 1974 2080 2020 eum
2107 1974 2199 2019 re·

250 2049 431 2117 pente
459 2048 767 2117 tamquam
801 2043 869 2116 Q.
898 2040 1255 2105 Pleminium
1273 2086 1288 2114 ,
1331 2040 1560 2103 indicta
1590 2056 1781 2104 causa
1805 2058 2006 2121 prope
2035 2043 2200 2103 dam-

248 2130 471 2201 natum,
501 2141 583 2187 ex
609 2125 933 2201 provincia
958 2124 1254 2198 revocari,
1302 2141 1440 2186 cum
1469 2140 1562 2199 ea,
1595 2126 1841 2203 quaein
1873 2143 1944 2189 se
1973 2126 2203 2187 nefarie

248 2210 408 2272 iacta
445 2208 793 2271 Locrenses
836 2217 1265 2287 quererentur,
1305 2224 1386 2269 ne
1429 2218 1755 2283 praesente
1797 2209 2042 2287 quidem
2073 2210 2200 2270 Sci-

250 2292 432 2369 pion'e
464 2293 631 2355 facta
658 2293 958 2368 dicerent,
1002 2306 1207 2369 neque
1235 2290 1403 2354 aliud
1433 2308 1617 2367 quam
1643 2292 1933 2370 patientia
1961 2300 2064 2357 aut
2091 2308 2200 2367 pu-

246 2376 391 2448 dor,
445 2377 614 2451 quod
663 2379 863 2451 legato
917 2375 1332 2451 pepercisset,
1390 2374 1728 2437 insimulari
1775 2381 2031 2451 posset?
2088 2375 2204 2435 sibi

249 2460 493 2536 placere
520 2459 601 2519 M.
628 2458 1031 2537 Pomponium
1073 2465 1449 2535 praetorem,
1504 2458 1602 2519 cui
1645 2456 1852 2518 Sicilia
1890 2458 2204 2533 provincia

246 2542 399 2606 sorti
436 2543 741 2618 venisset,
784 2543 987 2606 triduo
1028 2542 1314 2620 proximo
1354 2540 1416 2601 in
1453 2541 1832 2617 provinciam
1859 2541 2202 2617 proficisci;

247 2626 537 2688 consules
567 2626 781 2689 decem
808 2628 1079 2702 legatos,
1111 2641 1267 2702 quos
1299 2626 1374 2685 iis
1401 2624 1742 2700 videretur,
1769 2640 1850 2685 ex
1878 2633 2093 2685 senatu
2122 2626 2202 2683 le—

244 2726 427 2785 gere,
454 2726 615 2786 quos
647 2725 785 2771 cum
813 2718 1099 2785 praetore
1126 2710 1460 2785 mitterent,
1492 2713 1551 2769 et
1578 2709 1737 2770 duos
1767 2708 2046 2771 tribunos
2079 2710 2201 2784 ple-

244 2792 344 2854 bei
385 2800 570 2869 atque
625 2793 916 2864 aedilem;
989 2810 1127 2855 cum
1168 2809 1242 2854 eo
1289 2790 1548 2853 consilio
1593 2798 1938 2867 praetorem
1979 2806 2202 2867 cogno-

244 2893 478 2947 scere3,
497 2877 553 2939 si
582 2891 675 2951 ea,
700 2891 860 2951 quae
888 2875 1233 2940 Locrenses
1264 2876 1425 2937 facta
1453 2882 1869 2952 quererentur,
1899 2876 2076 2936 iussu
2103 2882 2208 2935 aut

243 2962 559 3022 voluntate
584 2958 651 3019 Ρ.
683 2958 993 3036 Scipionis
1036 2961 1196 3021 facta
1238 2966 1478 3035 essent,
1520 2966 1586 3021 ut
1615 2975 1753 3020 eum
1785 2960 1863 3021 de
1892 2958 2206 3035 provincia

244 3042 551 3107 decedere
590 3042 905 3113 iuberent;
952 3042 1005 3103 si
1031 3041 1096 3102 P.
1135 3042 1344 3119 Scipio
1386 3044 1506 3105 iam
1544 3044 1606 3105 vin
1635 3043 1907 3104 Africam
1935 3042 2204 3107 traiecis-

214 3130 359 3199 -set,
393 3124 615 3187 tribuni
643 3126 843 3201 plebis
874 3132 1058 3202 atque
1085 3126 1302 3187 aedilis
1333 3142 1474 3187 cum
1501 3126 1748 3188 duobus
1778 3126 2011 3201 legatis,
2046 3142 2203 3202 quos

244 3207 507 3269 maxime
532 3209 793 3273 idoneos
815 3218 1063 3288 praetor
1086 3210 1449 3284 censuisset,
1472 3210 1534 3271 in
1554 3210 1828 3271 Africam
1849 3210 2201 3285 proficisce-

242 3297 471 3366 rentur,
512 3292 738 3355 tribuni
765 3300 952 3371 atque
982 3293 1228 3365 aedilis,
1273 3294 1378 3369 qui
1405 3294 1772 3355 reducerent
1798 3293 1941 3353 inde
1970 3292 2194 3369 Scipio-

245 3390 403 3448 nem,
436 3375 637 3451 legati,
675 3378 780 3452 qui
809 3378 1102 3439 exercitui
1132 3383 1520 3457 praeessent,
1558 3376 1758 3438 donec
1787 3392 1985 3439 novus
2016 3377 2202 3453 impe-

245 3465 411 3521 rator
462 3458 540 3520 ad
583 3475 722 3521 eum
775 3462 1109 3525 exercitum
1151 3459 1457 3532 venisset;
1514 3458 1568 3521 si
1607 3459 1688 3519 M.
1731 3458 2106 3534 Pomponius
2148 3471 2204 3519 et
