2550 3959
352 261 477 327 188
641 262 873 324 LIBER
897 262 1111 323 xxlv.
1156 264 1323 325 CAP-
1350 274 1439 329 32.
1465 263 1554 329 33.
1598 273 1670 340 [ι.
1701 270 1770 323 U.
1801 288 1851 324 c.
1876 272 1998 339 542]

347 424 465 477 set.
532 414 587 475 si
628 413 705 475 ab·
746 414 957 482 inferis
998 414 1257 475 exsistat
1294 430 1407 475 rex
1433 414 1620 476 Hiero
1633 460 1652 492 ,
1689 415 2026 477 fidissimus
2068 416 2310 494 imperii

348 498 607 560 Romani
662 497 885 572 cultor,
942 513 1066 574 quo
1109 512 1219 557 ore
1275 506 1378 560 aut
1413 496 1762 577 Syracusas
1805 506 1910 561 aut
1947 500 2205 561 Romam
2249 504 2312 563 ci

350 582 591 645 ostendi
619 596 827 659 posse,
874 596 1031 657 cum,
1074 582 1179 642 ubi
1208 582 1563 643 semirutam
1591 597 1664 643 ac
1691 584 2019 659 spoliatam
2045 584 2310 660 patriam

348 666 718 743 respexerit,
762 665 1113 739 ingrediens
1140 667 1398 727 Romam
1427 666 1488 725 in
1518 666 1822 729 vestibulo
1862 666 2063 741 urbiS,
2105 684 2310 745 prope

254 772 258 777 ·
352 750 411 810 in
440 758 648 827 porta,
692 748 896 824 spolia
934 749 1171 825 patriae
1194 764 1349 811 suae
1387 750 1634 811 visurus
1664 751 1786 811 sit?
1839 751 1996 811 haec
2035 752 2310 827 taliaque

350 850 485 894 cum
514 834 596 893 ad
622 831 912 893 invidiam
942 834 1214 895 consulis
1242 833 1820 910 miserationemque
1843 834 2181 895 Siculorum
2211 836 2307 895 di·

348 924 643 990 ceremur,
676 916 877 979 mitius
901 924 1099 977 tamen
1130 918 1536 979 decreverunt
1555 926 1764 993 patres
1793 917 1853 977 in
1877 919 2131 993 gratiam
2143 919 2308 979 Mar-

348 1000 501 1076 celli,
528 1016 688 1075 quae
710 999 764 1061 is
784 1015 1006 1077 gerens
1022 1002 1244 1061 bellum
1263 1002 1582 1079 victorque
1599 1002 1845 1077 egisset,
1857 1010 2002 1065 ‘rata
2019 1002 2307 1083 habenda

348 1099 518 1143 esses
563 1085 623 1144 in
663 1084 961 1159 reliquum
992 1100 1177 1145 curae
1218 1085 1458 1147 senatui
1497 1086 1630 1146 fore
1669 1100 1798 1145 rem
1827 1083 2306 1163 Syracusanam,

347 1169 863 1243 mandaturosque
891 1168 1128 1229 consuli
1157 1168 1446 1243 Laevino,
1476 1176 1558 1245 ut,
1595 1169 1765 1243 quod
1792 1169 1928 1229 sine
1955 1168 2184 1229 iactura
2209 1170 2307 1229 rei

348 1250 629 1326 publicae
667 1252 799 1311 fleri
843 1260 1085 1327 posset,
1142 1252 1400 1313 fortunis
1442 1252 1576 1313 eius
1623 1252 1885 1313 civitatis
1935 1254 2305 1314 consuleret.

348 1335 553 1395 missis
586 1335 828 1396 duobus
860 1335 1247 1397 senatoribus
1276 1336 1338 1395 in
1353 1334 1715 1411 Capitolium
1743 1338 1824 1395 ad
1853 1338 2186 1411 consulem,
2213 1338 2306 1399 uti

346 1419 570 1479 rediret
595 1418 658 1477 in
681 1418 927 1493 curiam,
956 1427 1016 1479 et
1044 1419 1402 1480 introductis
1417 1418 1642 1480 Siculis
1672 1428 1926 1481 senatus
1957 1422 2306 1481 consultum

345 1502 656 1562 recitatum
700 1509 824 1573 est3
870 1503 1174 1578 legatique
1215 1504 1476 1579 benigne
1515 1503 1806 1580 appellati
1849 1518 1924 1565 ac
1951 1503 2189 1565 dimissi
2217 1506 2318 1565 ad-

344 1600 543 1659 genua
584 1600 655 1645 se
693 1584 963 1645 Marcelli
1005 1586 1277 1647 consulis
1320 1587 1708 1661 proiecerunt
1743 1586 2174 1663 obsecrantes,
2213 1597 2302 1662 ut,

346 1684 505 1743 quae
547 1668 965 1744 deplorandae
1006 1686 1081 1729 ac
1121 1670 1423 1731 levandae
1463 1671 1820 1731 calamitatis
1863 1686 2055 1733 causa
2107 1672 2302 1733 dixis·

347 1760 515 1827 sent,
560 1752 801 1813 veniam
832 1753 923 1814 eis
952 1755 1153 1825 daret,
1198 1763 1260 1814 et
1288 1754 1348 1812 in
1380 1754 1564 1813 fidem
1595 1755 2061 1829 clientelamque
2089 1770 2160 1816 se
2199 1772 2302 1815 ur-

345 1835 609 1909 bemque
636 1834 981 1913 Syracusas
1020 1838 1346 1913 acciperet.
1412 1846 1558 1913 post
1595 1854 1670 1897 ca
1711 1839 1930 1898 consul
1972 1839 2305 1899 clementer

344 1920 687 1994 appellatos
716 1936 828 1979 eos
858 1920 1101 1981 dimisit.

504 2002 767 2063 XXXIII.
810 2004 1135 2079 Campanis
1158 2005 1382 2065 deinde
1411 2013 1660 2065 senatus
1685 2006 1866 2066 datus
1892 2014 2005 2081 est,
2039 2022 2300 2082 quorum

343 2086 536 2145 oratio
564 2086 971 2147 miserabilior
991 2102 1181 2147 causa
1204 2088 1414 2148 durior
1441 2096 1590 2148 erat.
1634 2104 1836 2165 neque
1865 2090 2024 2150 enim
2051 2090 2301 2151 meritas

340 2184 576 2243 poenas
620 2185 847 2244 negare
887 2180 1165 2247 poterant
1204 2187 1320 2231 nec
1359 2172 1602 2248 tyranni
1645 2182 1845 2247 erant,
1889 2174 1948 2231 in
1982 2188 2140 2249 quos
2170 2176 2302 2235 cul-

340 2268 485 2326 pam
526 2253 899 2315 conferrent=
943 2255 1060 2315 sed
1088 2256 1239 2317 satis
1268 2270 1530 2331 pensum
1570 2270 1910 2333 poenarum
1939 2265 2026 2317 tot
2053 2272 2300 2318 veneno

342 2334 677 2412 absumptis
702 2344 789 2399 tot
802 2339 1004 2399 securi
1018 2340 1334 2415 percussis
1357 2338 1742 2400 senatoribus
1767 2340 2114 2401 credebant.
2147 2358 2300 2417 pau-

340 2434 449 2480 cos
489 2419 783 2481 nobilium
823 2438 1187 2499 superesse,
1256 2438 1417 2499 quos
1457 2438 1572 2483 nec
1612 2439 1728 2483 sua
1769 2425 2173 2499 conscientia,
2227 2435 2299 2485 ut

340 2504 670 2580 quicquam
700 2507 779 2565 de
806 2522 879 2567 se
906 2507 1153 2583 gravius
1183 2509 1574 2567 consulerent
1604 2507 1922 2583 impulerit,
1959 2523 2072 2567 nec
2101 2508 2296 2569 victo·

336 2586 422 2647 ris
452 2588 545 2647 ira
574 2590 791 2665 capitis
835 2590 1239 2650 damnaverit:
1285 2604 1398 2651 eos
1428 2590 1760 2651 libertatem
1792 2592 1908 2651 sibi
1951 2593 2206 2666 suisque
2237 2605 2302 2653 et

336 2670 636 2731 bonorum
666 2673 930 2749 aliquam
959 2681 1191 2749 partem
1220 2688 1425 2749 orare,
1471 2674 1641 2735 cives
1668 2675 1982 2746 Romanos
2014 2674 2298 2735 adfinita-

336 2754 495 2815 tibus
536 2755 869 2832 plerosque
910 2766 972 2817 et
1008 2758 1376 2833 propinquis
1427 2757 1667 2818 iamiam
1709 2759 2172 2834 cognationibus
2215 2775 2296 2819 ex

336 2838 599 2898 conubio
630 2847 869 2901 vetusto
899 2841 1159 2902 iunctos.
1223 2842 1542 2901 summotis
1571 2842 1793 2902 deinde
1823 2860 1858 2903 e
1886 2844 2112 2918 templo
2141 2858 2268 2919 pau

335 2920 525 2996 lisper
549 2920 904 3000 dubitatum,
934 2940 1013 2984 an
1042 2921 1454 2987 arcessendus
1483 2924 1744 3001 aCapua
1765 2925 1832 2999 Q.
1845 2926 2095 2987 Fulvius
2125 2936 2302 2987 esset

332 3036 419 3049 --·
446 3013 717 3067 mortuus
747 3007 908 3067 enim
936 3018 1081 3084 post
1108 3016 1348 3084 captam
1372 3008 1658 3069 Claudius
1687 3011 1904 3070 consul
1933 3017 2064 3070 erat
2087 3040 2192 3084 -—,
2223 3018 2296 3071 ut

335 3103 541 3171 coram
571 3088 937 3165 imperatore
966 3092 1070 3167 qui
1097 3108 1199 3153 res
1226 3092 1544 3167 gessisset,
1577 3093 1738 3156 sicut
1763 3094 1918 3154 inter
1935 3093 2293 3153 Marcellum

336 3170 705 3248 Siculosque
734 3174 1141 3250 disceptatum
1170 3176 1395 3249 fuerat,
1441 3174 1906 3252 disceptaretur.
1970 3176 2111 3236 dein
2153 3192 2296 3238 cum

331 3254 412 3315 M.
426 3257 673 3317 Atilium
690 3258 753 3317 C.
766 3258 1043 3319 Fulvium
1064 3260 1310 3319 fratrem
1321 3258 1538 3333 Flacci,
1565 3260 1802 3335 legatos
1824 3259 1978 3334 eiuS‚
2002 3276 2076 3320 ac
2091 3259 2157 3333 Q.
2175 3260 2292 3321 Mi-

334 3339 575 3400 nucium
604 3350 665 3402 et
684 3340 750 3401 L.
775 3342 1088 3403 Veturium
1108 3342 1440 3419 Philonem,
1471 3343 1614 3402 item
1636 3343 1868 3404 Claudii
1896 3342 2151 3419 legatoS‚
2184 3346 2294 3420 qui

334 3423 616 3484 omnibus
637 3426 925 3501 gerendis
948 3425 1131 3487 rebus
1154 3428 1492 3501 adfuerant,
1523 3426 1584 3486 in
1605 3434 1826 3488 senatu
1845 3427 2141 3501 vide-rent,
2173 3444 2296 3489 nee

333 3506 605 3568 Fulvium
648 3510 896 3570 avocari
926 3527 964 3569 a
992 3509 1199 3587 Capua
1236 3526 1352 3570 nec
1391 3508 1620 3570 differri
1653 3508 1998 3587 Campanos
2041 3510 2290 3579 velient.
