2550 3959
401 229 520 296 188
734 231 964 292 LIBER
984 231 1235 292 XXVII.
1284 231 1449 291 CAP.
1479 240 1568 292 22.
1612 238 1684 304 [a.
1718 236 1784 288 U.
1819 254 1867 288 c.
1897 239 2022 304 544]

558 384 740 444 XXII.
799 384 1136 447 Undecimo
1179 399 1342 444 anno
1373 382 1582 444 Punici
1612 382 1754 443 belli
1786 385 2173 460 consulatum
2215 384 2382 446 inie-

395 476 530 530 runt
568 469 647 528 Μ.
678 468 1006 529 Marcellus
1052 467 1326 543 quintum
1363 499 1451 510 --
1491 475 1556 527 ut
1600 474 1948 527 numeretur
1989 469 2384 546 consulatuS,

396 569 579 629 quem
613 553 755 613 vitio
788 560 1030 613 creatus
1062 569 1187 613 non
1216 553 1410 626 gessit
1429 585 1516 598 --
1544 553 1678 612 etT.
1697 551 2010 625 Quinctius
2028 551 2380 628 Crispinus,

396 636 669 712 utrisque
692 636 1052 700 consulibus
1067 637 1238 696 Italia
1260 637 1508 696 decreta
1533 635 1852 711 provincia
1876 643 1972 696 est
1992 644 2053 697 et
2075 637 2197 696 duo
2224 653 2379 700 con-

394 721 633 783 sulares
654 719 877 796 prioris
902 720 1043 780 anni
1067 720 1374 782 exereitus
1397 753 1482 764 -—-
1506 720 1714 780 tertius
1731 719 2046 780 Venusiae
2069 727 2196 782 tum
2219 729 2378 796 erat,

395 805 492 866 eui
507 804 838 865 Marcellus
873 805 1225 878 praefuerat
1249 835 1338 848 --
1365 805 1448 864 ita
1476 812 1542 864 ut
1571 819 1650 863 ex
1681 803 1870 864 tribus
1902 803 2196 880 eligerent
2223 806 2376 880 duo,

395 903 555 965 quos
585 888 831 963 vellent,
862 889 1077 950 tertius
1108 889 1165 948 ei
1192 889 1551 961 traderetur,
1585 887 1682 948 cui
1710 889 2037 948 Tarentum
2067 896 2128 949 et
2156 887 2378 949 Salen-

397 972 503 1033 tini
556 972 877 1047 provincia
920 973 1253 1033 evenisset.
1323 980 1562 1032 ceterae
1604 973 1960 1047 provinciae
2001 973 2086 1032 ita
2128 973 2376 1034 divisae

395 1055 814 1135 praetoribusz
858 1056 924 1118 P.
965 1055 1198 1116 Licinio
1241 1057 1408 1117 Varo
1450 1055 1714 1132 urbana,
1757 1055 1821 1114 P.
1865 1055 2097 1117 Licinio
2143 1057 2374 1118 Crasso

393 1139 669 1218 pontifici
687 1141 953 1200 maximo
978 1141 1306 1218 peregrina
1325 1148 1385 1201 et
1401 1157 1526 1216 quo
1552 1148 1805 1202 senatus
1832 1141 2196 1215 censuisset,
2221 1138 2376 1202 Sex·

316 1288 321 1292 ,
392 1224 544 1286 Iulio
576 1224 823 1285 Caesari
853 1223 1091 1300 Sicilia,
1139 1225 1207 1299 Ω.
1239 1224 1490 1286 Claudio
1519 1223 1773 1284 Flamini
1812 1223 2154 1285 Tarentum.
2224 1241 2374 1302 pro-

393 1315 674 1384 rogatum
705 1309 1025 1385 imperium
1054 1309 1115 1368 in
1144 1325 1368 1370 annum
1399 1317 1493 1370 est
1523 1309 1591 1383 Q.
1620 1308 1834 1370 Fulvio
1858 1308 2097 1382 Flacco,
2131 1317 2196 1370 ut
2223 1326 2372 1386 pro-

394 1393 655 1453 vinciam
690 1393 988 1468 Capuam,
1036 1409 1197 1470 quae
1223 1392 1291 1452 T.
1324 1393 1582 1468 Quinctii
1624 1392 1926 1469 praetoris
1959 1394 2186 1468 fuerat,
2229 1410 2372 1456 cum

396 1493 517 1539 una
560 1477 805 1552 legione
848 1477 1166 1537 obtineret.
1231 1486 1628 1552 prorogatum
1659 1484 1720 1537 et
1750 1476 1812 1537 C.
1841 1477 2102 1537 Hostilio
2131 1477 2374 1539 Tubulo

395 1566 519 1633 est,
566 1568 633 1621 ut
660 1575 773 1635 pro
804 1566 1095 1636 praetore
1124 1562 1185 1621 in
1214 1561 1514 1622 Etruriam
1545 1561 1626 1622 ad
1655 1560 1812 1623 duas
1845 1561 2122 1636 legiones
2152 1577 2366 1623 succe-

394 1645 569 1704 deret
593 1643 655 1704 C.
683 1642 1030 1719 Calpurnio.
1089 1653 1486 1720 prorogatum
1518 1652 1578 1706 et
1606 1645 1670 1704 L.
1704 1645 1954 1707 Veturio
1985 1645 2222 1706 Philoni
2252 1655 2371 1720 est,

396 1733 459 1788 ut
500 1743 612 1804 pro
656 1735 941 1804 praetore
972 1727 1225 1788 Galliam
1268 1729 1528 1788 eandem
1573 1729 1954 1802 provinciam
1986 1744 2124 1788 cum
2166 1730 2376 1790 isdem

396 1811 635 1872 duabus
676 1810 1023 1886 legionibus
1071 1811 1400 1884 obtineret,
1449 1811 1674 1885 quibus
1705 1815 1962 1890 praetor¹
1981 1811 2372 1874 obtinuisset.

349 1949 353 1952 ,
397 1895 563 1969 quod
594 1893 653 1952 in
683 1894 751 1953 L.
784 1895 1069 1970 Veturi0,
1114 1894 1276 1954 idem
1308 1894 1370 1953 in
1403 1893 1464 1954 C.
1495 1895 1912 1956 Aurunculeio
1944 1895 2257 1957 decretum
2289 1897 2372 1957 ab

396 1983 614 2039 senatu
641 1980 951 2054 latumque
983 1979 1062 2038 de
1091 1978 1490 2060 prorogando
1521 1978 1778 2054 imperio
1807 1979 1890 2040 ad
1921 1979 2218 2056 populum
2249 1989 2372 2057 est,

398 2062 499 2137 qui
532 2067 779 2136 praetor
794 2059 1138 2122 Sardiniam
1169 2063 1549 2138 provinciam
1581 2079 1717 2123 cum
1747 2063 1990 2124 duabus
2020 2063 2372 2140 legionibus

399 2145 761 2216 obtinuerat.
805 2145 1079 2208 additum
1104 2145 1163 2208 ei
1186 2153 1247 2207 et
1270 2145 1350 2206 ad
1370 2147 1748 2223 praesidium
1796 2148 2150 2222 provinciae
2193 2149 2371 2222 quin-

400 2228 689 2304 quaginta
729 2245 951 2298 naves‚
999 2247 1153 2306 quas
1180 2229 1247 2289 P.
1279 2229 1489 2308 Scipio
1521 2247 1600 2290 ex
1627 2231 1926 2306 Hispania
1953 2233 2241 2294 misisset.
2311 2241 2376 2294 et

397 2312 459 2372 P.
492 2311 767 2387 Scipioni
814 2321 875 2372 et
900 2314 983 2374 M.
1014 2314 1223 2375 Silano
1256 2331 1410 2376 suae
1437 2315 1774 2390 Hispaniae
1803 2316 2024 2392 suique
2062 2316 2376 2398 exercitus

398 2396 457 2456 in
489 2412 715 2457 annum
745 2397 1003 2458 decreti:
1047 2397 1257 2474 Scipio
1289 2415 1367 2460 ex
1406 2401 1718 2474 octoginta
1746 2399 2037 2475 navibus,
2081 2416 2236 2474 quas
2267 2409 2378 2462 aut

399 2495 610 2542 secum
652 2497 730 2542 ex
759 2481 932 2542 ltalia
974 2482 1272 2543 adductas
1303 2490 1408 2544 aut
1437 2491 1649 2560 captas
1684 2483 2044 2559 Carthagine
2085 2483 2375 2562 babebat,

401 2564 844 2642 quinquaginta
885 2567 946 2626 in
979 2565 1323 2626 Sardiniam
1368 2569 1694 2628 tramittere
1736 2567 1977 2642 iussus,
2024 2568 2168 2644 quia
2208 2570 2378 2630 sama

400 2654 529 2708 erat
549 2664 835 2724 magnum
852 2651 1132 2712 navalem
1157 2656 1516 2726 apparatum
1541 2667 1617 2712 eo
1641 2668 1802 2712 anno
1822 2651 2183 2726 Carthagine
2206 2665 2374 2729 esse,

401 2731 679 2794 ducentis
719 2733 981 2794 navibus
1028 2748 1268 2798 omnem
1313 2751 1480 2796 oram
1509 2735 1718 2796 Italiae
1747 2735 1993 2797 Siciliae
2023 2735 2369 2815 Sardiniae·

401 2831 521 2892 que
550 2815 925 2891 impleturos.
993 2825 1053 2876 et
1081 2817 1140 2877 in
1164 2818 1372 2880 Sicilia
1402 2819 1483 2878 ita
1512 2820 1716 2880 divisa
1744 2837 1844 2880 res
1879 2827 2001 2881 est:
2047 2820 2193 2880 Sex.
2222 2819 2374 2880 Cae-

401 2901 526 2960 sari
557 2900 862 2960 exercitus
894 2901 1230 2962 Cannensis
1262 2903 1440 2966 datus
1471 2911 1593 2976 est;
1637 2905 1715 2964 Μ.
1747 2905 2030 2964 Valerius
2061 2903 2376 2964 Laevinus

397 3013 484 3026 -
515 2984 571 3042 ei
604 2999 853 3060 quoque
885 2986 1044 3044 enim
1074 2994 1468 3062 prorogatum
1497 2988 1820 3064 imperium
1849 2995 1944 3049 est
1972 3023 2055 3034 —-
2083 2990 2374 3062 classem,

400 3082 560 3140 quae
588 3067 667 3126 ad
698 3066 966 3128 Siciliam
996 3077 1153 3144 erat,
1198 3071 1442 3131 navium
1473 3074 1862 3149 septuaginta
1889 3071 2218 3143 obtineret;
2261 3072 2376 3132 ad·

401 3150 573 3212 deret
616 3166 691 3212 eo
734 3151 975 3229 triginta
1016 3171 1235 3228 naveS,
1285 3172 1444 3230 quae
1485 3158 1563 3218 ad
1593 3157 1913 3217 Tarentum
1957 3155 2163 3233 priore
2205 3173 2374 3218 anno

400 3234 667 3306 ruerant3
714 3253 851 3297 cum
895 3253 969 3298 ea
1012 3246 1249 3299 centum
1293 3241 1560 3309 navium,
1581 3242 1811 3315 classe,
1859 3240 1912 3300 si
1955 3241 2265 3301 videretur
2295 3240 2376 3316 ei,

398 3320 756 3395 praedatum
786 3322 845 3382 in
876 3323 1147 3383 Africam
1176 3322 1473 3386 traiceret.
1539 3334 1600 3386 et
1625 3325 1688 3384 P.
1715 3325 2012 3400 Sulpici0,
2055 3331 2121 3386 ut
2151 3323 2376 3385 eadem

399 3401 601 3462 classe
616 3404 1041 3466 Macedoniam
1056 3407 1496 3484 Graeciamque
1521 3410 1897 3486 provinciam
1922 3408 2192 3482 haberet,
2223 3425 2370 3484 pro·-

400 3493 676 3562 rogatum
705 3488 763 3548 in
795 3505 1019 3550 annum
1048 3491 1366 3567 imperium
1399 3501 1508 3554 est.
1570 3494 1649 3556 de
1679 3493 1940 3568 duabus,
1973 3509 2130 3570 quae
2159 3492 2240 3552 ad
2275 3510 2371 3552 ur-
