2550 3959
285 178 293 185 ’
406 212 527 279 158
698 213 927 277 Lmen
952 210 2060 290 XXV1.CAP.50.51.[2.U.0.542]

406 373 509 429 tua
536 372 718 443 capta
744 380 785 425 a
808 363 1095 427 militibus
1126 362 1354 425 nostris
1383 362 1465 423 ad
1495 378 1592 423 me
1623 360 1808 425 ducta
1835 368 2020 437 esset,
2061 362 2372 425 audirem·

408 467 529 527 que
558 450 664 513 tibi
693 465 826 513 eam
852 448 1024 511 cordi
1054 462 1215 523 esse,
1247 455 1307 508 et
1328 443 1526 509 forma
1549 446 1776 507 faceret
1805 445 2010 521 fidem,
2045 446 2188 521 quia
2209 446 2372 523 ipse,

405 535 459 595 si
490 534 605 595 frui
632 533 843 595 liceret
870 533 1015 595 ludo
1044 531 1291 607 aetatis,
1333 530 1692 609 praesertim
1719 529 1778 591 in
1807 537 1976 601 recto
2009 536 2068 589 et
2093 530 2373 607 legitimo

405 634 643 694 amore,
684 625 743 679 et
784 633 907 679 non
936 614 1315 694 respublica
1353 614 1620 677 animum
1661 620 1938 675 nostrum
1971 622 2364 693 occupasset,

405 702 647 770 veniam
674 700 817 769 mihi
849 700 981 764 dari
1010 714 1306 777 sponsam
1336 697 1672 775 impensius
1703 698 1928 775 amanti
1958 698 2192 773 vellem,
2239 704 2368 776 tuo,

406 786 581 850 cuius
622 800 911 861 possum,
966 784 1160 851 amori
1202 782 1405 847 faveo,
1492 782 1604 857 suit
1639 797 1876 860 sponsa
1914 786 2019 843 tua
2059 782 2227 859 apud
2267 799 2370 843 me

404 868 622 932 eadem
653 882 777 945 qua
802 868 971 945 apud
993 882 1249 937 soceros
1279 874 1420 931 tuos
1442 871 1858 943 parentesque
1886 880 2038 931 suos
2071 880 2365 927 verecun-

402 953 535 1025 dia3
582 958 829 1013 servata
868 951 975 1013 tibi
1017 956 1145 1027 est,
1187 958 1255 1013 ut
1293 950 1648 1013 inviolatum
1690 957 1751 1009 et
1778 948 2026 1028 dignum
2049 965 2152 1009 me
2177 956 2367 1026 teun

405 1036 538 1098 dari
580 1036 689 1100 tibi
729 1036 956 1098 donum
995 1040 1233 1113 posset.
1308 1032 1468 1094 hanc
1507 1034 1856 1097 mercedem
1903 1050 2086 1115 unam
2127 1049 2240 1109 pro
2285 1050 2369 1097 eo-

404 1136 656 1181 munere
695 1121 1011 1197 paciscor,
1054 1119 1286 1195 amicus
1327 1120 1561 1195 populo
1591 1118 1868 1179 Romano
1911 1116 2033 1193 εἰς,
2080 1124 2142 1180 et
2167 1118 2226 1182 si
2263 1134 2366 1180 me

403 1204 603 1279 virum
636 1203 865 1268 bonum
910 1204 1113 1265 credis
1165 1217 1340 1277 esse,
1405 1202 1620 1283 quales
1671 1208 1908 1278 patrem
1956 1208 2367 1279 patruumque

402 1304 603 1354 meum
630 1286 751 1349 iam
778 1296 917 1351 ante
948 1286 1065 1349 hae
1092 1294 1308 1365 gentes
1337 1292 1571 1360 norant,
1611 1287 1776 1349 scias
1806 1286 2028 1349 multos
2057 1287 2250 1354 nostri
2279 1289 2364 1347 si·

400 1371 576 1433 miles
616 1372 679 1433 in
709 1372 950 1437 civitate
978 1372 1257 1433 Romana
1287 1386 1459 1445 esse,
1503 1384 1618 1431 nec
1661 1369 1848 1432 ullum
1877 1368 1938 1431 in
1967 1368 2145 1431 terris
2173 1368 2366 1431 hodie
2421 1396 2432 1404 ·

402 1456 696 1535 populum
724 1456 847 1516 dici
868 1472 1079 1533 posse,
1110 1470 1294 1530 quem
1321 1454 1523 1519 minus
1548 1454 1656 1515 tibi
1674 1452 1916 1515 hostem
1945 1452 2189 1530 tuisque
2217 1468 2365 1515 esse

404 1540 557 1602 velis
580 1544 683 1601 aut
702 1539 964 1602 amicum
988 1538 1223 1599 malis‘fi
1279 1538 1648 1601 adolescens
1669 1538 1850 1601 simul
1871 1538 2110 1613 pudore
2132 1544 2192 1598 et
2212 1553 2365 1613 gau-

400 1622 503 1684 dio
531 1624 853 1704 perfusus,
901 1624 1177 1686 dextram
1206 1621 1518 1701 Scipionis
1551 1628 1796 1695 tenens,
1840 1622 1994 1683 deos
2025 1616 2240 1686 omnes
2271 1619 2360 1681 in·

400 1722 625 1769 vocare
666 1708 747 1772 ad
787 1708 1041 1785 gratiam
1080 1707 1165 1768 illi
1195 1721 1310 1783 pro
1341 1722 1414 1770 se
1453 1705 1868 1803 referendam,
1911 1705 2204 1783 quoniam
2243 1703 2364 1765 sibi

400 1806 789 1879 nequaquam
814 1792 965 1855 satis
988 1792 1290 1855 facultatis
1315 1807 1428 1869 pro
1455 1806 1570 1853 suo
1593 1788 1794 1851 animo
1819 1796 2002 1867 atque
2030 1789 2190 1849 illius
2215 1804 2362 1865 erga

400 1890 470 1937 se
500 1882 683 1939 esset.
720 1872 1011 1955 parentes
1040 1876 1185 1937 inde
1206 1874 1575 1953 cognatique
1598 1873 1852 1953 virginis
1881 1872 2202 1951 appellati,
2237 1872 2362 1950 qui,

401 1958 689 2033 quoniam
711 1960 901 2037 gratis
926 1958 1041 2021 sibi
1064 1960 1423 2022 redderetur
1444 1958 1615 2039 virgo
1640 1956 1721 2019 ad
1738 1974 1920 2035 quam
1941 1956 2361 2027 redimendam

398 2044 549 2105 satis
592 2059 879 2121 magnum
913 2042 1258 2108 attulissent
1296 2044 1427 2105 auri
1455 2041 1737 2118 pondus,
1781 2057 1957 2102 orare
1986 2037 2358 2117 Scipionem,

397 2131 463 2185 ut
502 2126 565 2186 id
608 2127 689 2187 ab
728 2142 799 2187 se
842 2127 1071 2191 donum
1112 2126 1422 2225 acciperet
1448 2132 1812 2203 coeperunt,
1857 2124 2022 2192 haud
2062 2124 2362 2187 minorem

398 2208 530 2274 eius
558 2210 647 2273 rei
676 2212 845 2287 apud
888 2226 960 2271 se
988 2210 1245 2290 gratiam
1274 2212 1534 2275 futuram
1565 2224 1708 2271 esse
1747 2209 2142 2271 adfirmantes
2175 2223 2360 2285 quam

396 2293 671 2365 redditae
712 2294 1039 2371 inviolatae
1079 2296 1237 2357 foret
1275 2294 1548 2371 virginis.
1617 2292 1858 2371 Scipio,
1903 2294 2150 2369 quando
2187 2296 2359 2353 tanto

398 2394 587 2455 opere
616 2384 911 2455 peterent,
952 2385 1350 2457 accepturum
1377 2394 1448 2442 se
1476 2377 1782 2455 pollicitus
1812 2376 1962 2455 poni
1989 2383 2130 2439 ante
2159 2376 2359 2453 pedes

394 2461 605 2538 iussit,
653 2468 1000 2541 vocatoque
1042 2464 1123 2526 ad
1163 2478 1235 2525 se
1260 2461 1558 2525 Alucceio
1595 2477 1827 2539 „super
1855 2460 2100 2523 dotem“
2142 2458 2359 2555 inquit,

394 2546 1722 2707 a<iffi022323225⁰3u31132⁰01⁵550t5i512¹⁰55
1735 2546 1866 2689 832¹
1883 2560 2111 2689 1121,ssss
2127 2543 2358 2691 ‘iiii-¹1¹3

392 2712 489 2773 his
520 2714 715 2775 laetus
747 2714 927 2775 donis
970 2714 1434 2811 honoribusque
1475 2712 1767 2780 dimissus
1798 2712 2046 2775 domum
2085 2710 2360 2787 implevit

396 2798 728 2874 populares
759 2796 1044 2859 laudibus
1074 2797 1304 2858 meritis
1327 2796 1671 2894 Scipionis·
1718 2798 1966 2859 venisse
1996 2796 2093 2857 dis
2121 2794 2356 2859 similti-
2389 2860 2406 2883 ο

396 2896 557 2941 mum
592 2880 893 2957 iuvenem,
932 2880 1277 2943 vincentem
1311 2881 1514 2944 omnia
1544 2896 1683 2943 cum
1711 2880 1894 2941 armis
1927 2887 2050 2941 tum
2077 2874 2358 2957 benigni·

394 2969 514 3021 tate
543 2979 617 3023 ac
638 2963 973 3026 beneficiis.
1017 2964 1223 3041 itaque
1249 2965 1472 3027 dilectu
1501 2964 1810 3030 clientium
1835 2963 2044 3025 habito
2077 2980 2216 3025 cum
2229 2963 2357 3023 de-

392 3046 570 3106 lectis
600 3048 763 3107 mille
805 3055 866 3109 et
907 3048 1370 3125 quadringentis
1415 3048 1720 3129 equitibus
1763 3048 1920 3109 intra
1947 3062 2186 3124 paucos
2219 3046 2356 3107 dies

391 3128 472 3191 ad
500 3128 851 3209 Scipionem
880 3134 1141 3195 revertit.

558 3214 653 3275 LI.
731 3214 938 3293 Scipio
981 3224 1280 3279 retentum
1322 3232 1532 3277 secum
1571 3216 1844 3277 Laelium
1883 3216 2027 3277 dum
2069 3213 2274 3291 captis
2279 3230 2354 3275 os

391 3297 771 3376 obsidesque
802 3306 863 3361 et
892 3301 1190 3377 praedam
1234 3317 1312 3361 ex
1356 3299 1613 3363 consilio
1657 3300 1792 3362 eius
1821 3298 2207 3377 disponeret,
2251 3314 2354 3365 sa·

392 3382 468 3442 tis
511 3382 792 3445 omnibus
838 3384 1229 3461 compositis,
1290 3385 1432 3455 data
1481 3384 1922 3463 quinquereme
1965 3382 2356 3459 captivisque

387 3464 653 3543 Magone
684 3474 745 3529 et
776 3468 1123 3544 quindecim
1153 3470 1281 3531 fere
1312 3467 1716 3547 senatoribuS,
1761 3468 1865 3545 qui
1897 3466 2074 3529 simul
2102 3481 2241 3529 cum
2273 3481 2355 3527 eo
