2550 3959
622 223 851 286 LIBER
878 226 1119 286 XXVII.
1164 227 1330 286 CAP.
1359 235 1447 289 34.
1495 234 1569 300 [a.
1595 233 1658 285 O.
1681 235 1808 301 208]
2075 229 2195 296 201

229 383 541 450 facerent,
586 377 769 452 longe
800 383 939 438 ante
968 377 1123 438 alios
1154 376 1458 438 eminebat
1487 378 1550 438 C.
1583 379 1870 439 Claudius
1898 379 2088 441 Nerea
2141 383 2196 446 el

224 463 479 536 collega
508 461 928 536 quaerebatur.
992 468 1052 521 et
1082 461 1277 522 virum
1308 461 1554 537 quidem
1583 477 1720 521 eum
1750 463 2056 538 egregium
2089 467 2199 528 du-

226 547 474 621 cebant,
506 545 621 605 sed
640 545 1081 621 promptiorem
1110 545 1532 620 acrioremque
1558 562 1737 620 quam
1759 553 2035 622 tempora
2056 549 2198 610 belli

223 631 621 707 postularent
665 635 769 689 aut
808 627 1007 689 hostis
1036 628 1370 689 Hannibala
1427 630 1889 705 temperandum
1930 647 2073 692 acre
2107 633 2196 692 in-

223 715 483 791 genium
525 713 658 773 eius
698 713 1015 772 moderato
1047 719 1107 774 et
1144 713 1430 788 prudenti
1457 713 1592 774 viro
1634 715 1920 776 adiuncto
1963 717 2198 793 collega

224 797 591 858 censebant.
654 796 735 861 M.
750 797 959 858 Livius
990 802 1136 872 erat,
1166 797 1368 856 multis
1399 798 1574 858 annis
1605 805 1746 858 ante
1775 814 1851 858 ex
1877 801 2198 864 consulatu

223 881 452 959 populi
493 880 721 942 iudicio
766 881 1116 955 damnatuS,
1163 897 1348 955 quam
1389 881 1778 956 ignominiam
1820 884 1978 944 adeo
2015 900 2198 961 aegre

222 967 483 1041 tulerat,
526 972 593 1026 ut
634 981 743 1026 rus
785 964 1071 1040 migraret
1112 971 1171 1024 et
1209 978 1322 1040 per
1363 959 1585 1025 multos
1627 983 1824 1027 annos
1864 973 1923 1028 et
1960 969 2110 1029 urbe
2139 974 2200 1030 et
2283 1030 2295 1042 ,

228 1049 405 1110 omni
436 1055 617 1110 coetu
644 1055 883 1109 careret
906 1047 1237 1108 hominnm.
1305 1056 1524 1110 octavo
1557 1049 1746 1109 ferme
1776 1058 1920 1126 post
1949 1053 2198 1113 damna‘·

222 1134 462 1194 tionem
492 1148 653 1193 anno
682 1131 765 1192 Μ.
798 1131 1084 1193 Claudius
1112 1132 1439 1193 Marcellus
1470 1139 1530 1194 et
1554 1131 1636 1192 M.
1666 1134 1951 1195 Valerius
1981 1135 2196 1196 Laevi-

223 1233 349 1279 nus
395 1217 683 1278 consules
722 1215 1095 1277 reduxerant
1135 1231 1275 1277 eum
1313 1215 1376 1275 in
1405 1217 1652 1288 urbem;
1697 1218 1812 1278 sed
1854 1227 1983 1278 erat
2021 1226 2198 1280 veste

224 1301 517 1362 obsoleta
558 1299 904 1376 capilloque
945 1307 1007 1360 et
1032 1299 1222 1360 barba
1254 1301 1591 1377 promissa,
1641 1315 1792 1376 prae
1820 1317 1964 1362 sese
1992 1303 2195 1374 ferens

224 1385 290 1447 in
322 1385 497 1446 vultu
523 1375 857 1457 habituque
896 1384 1197 1459 insignem
1224 1385 1578 1445 memoriam
1610 1385 1980 1458 ignominiae
2021 1400 2189 1446 acce-

224 1475 396 1546 ptae.
472 1469 539 1528 L.
568 1467 863 1530 Veturius
890 1475 952 1528 et
976 1467 1041 1526 P.
1070 1467 1340 1528 Licinius
1374 1483 1666 1528 censores
1699 1483 1838 1530 eum
1865 1469 2106 1546 tonderi
2137 1474 2197 1529 et

224 1552 588 1630 squalorem
628 1552 947 1627 ‘deponere
988 1557 1049 1611 et
1087 1551 1148 1611 in
1179 1559 1456 1612 senatum
1487 1552 1702 1613 venire.
1725 1552 2018 1628 fungique
2057 1551 2194 1613 aliis

226 1635 500 1712 publicis
522 1634 875 1696 muneribus
904 1641 1257 1711 coegerunt.
1303 1636 1416 1695 sed
1445 1642 1570 1695 tum
1601 1651 1850 1711 quoque
1874 1641 1978 1696 aut
2003 1635 2194 1696 verbo

224 1717 694 1780 adsentiebatur
726 1725 834 1778 aut
872 1718 1135 1794 pedibus
1164 1719 1225 1777 in
1256 1719 1618 1778 sententiam
1659 1717 1813 1792 ibat,
1861 1719 2061 1778 donec
2091 1734 2193 1778 co-

223 1802 399 1878 gnati
431 1801 697 1863 hominis
727 1817 865 1861 eum
895 1816 1087 1862 causa
1114 1800 1195 1861 Μ.
1224 1801 1379 1862 Livii
1408 1800 1659 1876 Macati,
1703 1816 1842 1862 cum
1872 1802 2033 1860 rama
2061 1801 2193 1862 eius

226 1891 531 1962 ageretur,
564 1889 825 1946 stantem
853 1884 1019 1960 cogit
1042 1885 1103 1945 in
1135 1891 1352 1946 senatu
1380 1884 1742 1944 sententiam
1773 1884 1995 1944 dicere:
2051 1891 2196 1945 tunc

226 1984 307 2029 ex
354 1975 519 2030 tanto
560 1968 877 2029 intervallo
920 1968 1164 2029 auditus
1196 1969 1497 2030 convertit
1536 1982 1646 2027 ora
1671 1967 1983 2030 hominum
2012 1968 2073 2028 in
2103 1984 2192 2044 se,

226 2067 607 2128 causamque
648 2052 1031 2114 sermonibus
1069 2052 1376 2129 praebuit,
1421 2052 1670 2127 indigno
1711 2051 1988 2112 iniuriam
2015 2068 2052 2111 a
2082 2066 2194 2128 po-

224 2137 381 2212 pulo
411 2136 649 2210 factam,
693 2149 1040 2212 magnoque
1071 2137 1135 2198 id
1166 2137 1388 2197 damno
1420 2136 1632 2211 ruisse,
1679 2137 1845 2210 quod
1875 2142 1996 2195 tam
2024 2135 2194 2210 gravi

225 2217 396 2281 bello
426 2236 541 2280 nec
585 2235 777 2296 opera
804 2235 921 2280 nec
950 2221 1206 2282 consilio
1238 2221 1376 2280 talis
1403 2219 1518 2279 viri
1547 2235 1664 2279 usa
1690 2235 1792 2278 res
1822 2219 2069 2296 publica
2097 2235 2193 2278 es-

228 2311 348 2365 set.
417 2304 479 2365 C.
508 2303 733 2364 Neroni
762 2318 965 2378 neque
995 2303 1063 2378 Ω.
1092 2303 1346 2363 Fabium
1374 2316 1579 2376 neque
1605 2302 1687 2360 M.
1699 2301 2012 2363 Valerium
2043 2301 2194 2361 Lae-

227 2387 440 2448 vinum
465 2387 597 2449 dari
626 2387 897 2462 collegas
927 2402 1135 2463 posse,
1173 2387 1314 2460 qnia
1336 2387 1494 2446 duos
1525 2386 1818 2461 patricios
1848 2387 2041 2444 creari
2068 2401 2194 2445 non

226 2470 463 2532 liceret.
528 2471 785 2532 eandem
816 2485 1066 2534 causam
1095 2469 1155 2529 in
1175 2470 1249 2546 ‚T.
1276 2468 1505 2529 Manlio
1547 2483 1721 2542 esse,
1765 2475 2194 2542 praeterquam

230 2554 405 2630 quod
444 2560 799 2615 recusasset
828 2554 1093 2614 delatum
1124 2554 1508 2615 consulatum
1548 2558 2064 2626 recusaturusque
2095 2567 2194 2611 es-

230 2645 349 2699 set.
408 2639 719 2714 egregium
749 2653 863 2713 par
892 2640 1213 2700 consulum
1244 2637 1393 2710 fore,
1424 2636 1479 2696 si
1499 2634 1580 2695 Μ.
1605 2635 1842 2695 Livium
1866 2634 2190 2695 C.Claudio

230 2721 531 2796 collegam
572 2720 1015 2803 adjunxissent.
1078 2737 1192 2781 nec
1234 2721 1507 2796 populus
1537 2719 1902 2779 mentionem
1944 2717 2075 2778 eius
2104 2718 2192 2778 rei

230 2810 429 2866 ortam
453 2820 492 2865 a
514 2805 789 2881 patribus
818 2811 912 2864 est
938 2811 1321 2880 aspernatus.
1359 2819 1518 2863 unus
1547 2817 1679 2862 eam
1703 2818 1830 2862 rem
1858 2801 1920 2860 in
1952 2801 2193 2861 civitate

230 2888 317 2965 is,
362 2887 457 2949 cui
500 2888 889 2949 deferebatur
925 2887 1169 2964 honos,
1204 2887 1541 2962 abnuebat,
1577 2885 1889 2954 levitatem
1933 2883 2192 2945 civitatis

232 2987 571 3034 accusansz
636 2970 937 3033 sordidati
977 2971 1066 3030 rei
1106 2987 1229 3031 non
1271 2970 1580 3032 miseritos
1624 2970 1948 3031 candidam
1986 2975 2193 3043 togam

232 3052 425 3117 invito
456 3056 708 3129 offerre3
741 3055 959 3116 eodem
988 3055 1255 3114 honores
1287 3069 1648 3130 poenasque
1677 3053 1944 3130 congeri.
2001 3053 2054 3114 si
2083 3052 2193 3111 bo-

232 3155 380 3200 num
411 3139 723 3215 ducerent,
755 3138 902 3214 quid
934 3139 1016 3198 ita
1035 3153 1149 3213 pro
1180 3138 1368 3199 noxio
1399 3137 1834 3198 damnassent?
1861 3137 1916 3198 si
1945 3135 2194 3195 noxium

236 3223 703 3298 comperissent,
736 3222 885 3298 quid
914 3222 997 3282 ita
1024 3222 1183 3280 male
1209 3221 1442 3281 credito
1466 3221 1671 3297 priore
1698 3219 2019 3281 consulatu
2047 3217 2194 3278 alte-

236 3321 370 3366 rum
412 3307 776 3367 crederent?
840 3305 994 3366 haec
1034 3305 1302 3380 taliaque
1343 3309 1698 3378 arguentem
1739 3308 1798 3363 et
1840 3306 2192 3378 querentem

238 3388 620 3464 castigabant
646 3396 886 3466 patrae,
932 3398 991 3451 et
1015 3387 1095 3446 M.
1126 3387 1374 3448 Furium
1402 3392 1809 3446 memorantes
1839 3391 2190 3446 revocatum

238 3471 317 3533 de
330 3472 551 3535 exsilio
566 3473 821 3549 patriam
824 3474 1079 3560 pulsam
1095 3470 1245 3531 sede
1261 3486 1374 3531 sua
1385 3469 1746 3530 restituisse.
1777 3474 1842 3529 ut
1856 3466 2190 3544 parentium
