<?xml version="1.0" encoding="UTF-8"?>
<!DOCTYPE html PUBLIC "-//W3C//DTD XHTML 1.0 Transitional//EN"
    "http://www.w3.org/TR/xhtml1/DTD/xhtml1-transitional.dtd">
<html xmlns="http://www.w3.org/1999/xhtml" xml:lang="en" lang="en">
 <head>
  <title>
</title>
<meta http-equiv="Content-Type" content="text/html;charset=utf-8" />
  <meta name='ocr-system' content='tesseract 3.04.00' />
  <meta name='ocr-capabilities' content='ocr_page ocr_carea ocr_par ocr_line ocrx_word'/>
</head>
<body>
  <div class='ocr_page' id='page_1' title='image "./aburbeconditali13livygoog_0367.png"; bbox 0 0 2550 3959; ppageno 0'>
   <div class='ocr_carea' id='block_1_1' title="bbox 362 208 1956 283">
    <p class='ocr_par' dir='ltr' id='par_1_1' title="bbox 362 208 1956 283">
     <span class='ocr_line' id='line_1_1' title="bbox 362 208 1956 283; baseline 0.001 -10"><span class='ocrx_word' id='word_1_1' title='bbox 362 210 487 273; x_wconf 77' lang='lat'><strong>340</strong></span> <span class='ocrx_word' id='word_1_2' title='bbox 737 209 967 271; x_wconf 64' lang='lat' dir='ltr'>[ABER</span> <span class='ocrx_word' id='word_1_3' title='bbox 994 208 1176 269; x_wconf 88' lang='lat' dir='ltr'>XXX.</span> <span class='ocrx_word' id='word_1_4' title='bbox 1223 209 1390 271; x_wconf 84' lang='lat' dir='ltr'>CAP.</span> <span class='ocrx_word' id='word_1_5' title='bbox 1425 217 1508 273; x_wconf 85' lang='lat'><strong>18.</strong></span> <span class='ocrx_word' id='word_1_6' title='bbox 1551 216 1623 283; x_wconf 79' lang='lat' dir='ltr'><strong>[a.</strong></span> <span class='ocrx_word' id='word_1_7' title='bbox 1647 216 1719 271; x_wconf 86' lang='lat' dir='ltr'><strong>U.</strong></span> <span class='ocrx_word' id='word_1_8' title='bbox 1750 232 1798 268; x_wconf 83' lang='lat' dir='ltr'><strong>c.</strong></span> <span class='ocrx_word' id='word_1_9' title='bbox 1829 217 1956 283; x_wconf 77' lang='lat'><strong>549]</strong></span> 
     </span>
    </p>
   </div>
   <div class='ocr_carea' id='block_1_2' title="bbox 355 360 2340 3549">
    <p class='ocr_par' dir='ltr' id='par_1_2' title="bbox 355 360 2340 3549">
     <span class='ocr_line' id='line_1_2' title="bbox 362 360 2332 443; baseline -0.001 -19"><span class='ocrx_word' id='word_1_10' title='bbox 362 362 625 441; x_wconf 81' lang='lat' dir='ltr'>Magone</span> <span class='ocrx_word' id='word_1_11' title='bbox 651 361 861 422; x_wconf 86' lang='lat' dir='ltr'><strong>Poeno</strong></span> <span class='ocrx_word' id='word_1_12' title='bbox 894 361 1087 437; x_wconf 83' lang='lat' dir='ltr'><strong>signis</strong></span> <span class='ocrx_word' id='word_1_13' title='bbox 1116 360 1356 421; x_wconf 87' lang='lat' dir='ltr'><strong>collatis</strong></span> <span class='ocrx_word' id='word_1_14' title='bbox 1386 367 1748 443; x_wconf 61' lang='lat' dir='ltr'><strong>pugnarunt.</strong></span> <span class='ocrx_word' id='word_1_15' title='bbox 1810 361 2108 436; x_wconf 87' lang='lat' dir='ltr'><strong>praetoris</strong></span> <span class='ocrx_word' id='word_1_16' title='bbox 2139 362 2332 438; x_wconf 83' lang='lat' dir='ltr'><strong>legio-</strong></span> 
     </span>
     <span class='ocr_line' id='line_1_3' title="bbox 360 444 2333 522; baseline 0.001 -15"><span class='ocrx_word' id='word_1_17' title='bbox 360 464 474 507; x_wconf 87' lang='lat' dir='ltr'><strong>nes</strong></span> <span class='ocrx_word' id='word_1_18' title='bbox 505 447 566 507; x_wconf 91' lang='lat' dir='ltr'><strong>in</strong></span> <span class='ocrx_word' id='word_1_19' title='bbox 598 445 791 522; x_wconf 88' lang='lat' dir='ltr'><strong>prima</strong></span> <span class='ocrx_word' id='word_1_20' title='bbox 818 445 953 509; x_wconf 87' lang='lat' dir='ltr'><strong>acie</strong></span> <span class='ocrx_word' id='word_1_21' title='bbox 984 446 1251 506; x_wconf 71' lang='lat' dir='ltr'><strong>fueruntz</strong></span> <span class='ocrx_word' id='word_1_22' title='bbox 1297 444 1612 507; x_wconf 88' lang='lat' dir='ltr'><strong>Cornelius</strong></span> <span class='ocrx_word' id='word_1_23' title='bbox 1643 461 1791 507; x_wconf 89' lang='lat' dir='ltr'><strong>suas</strong></span> <span class='ocrx_word' id='word_1_24' title='bbox 1831 445 1891 505; x_wconf 85' lang='lat' dir='ltr'><strong>in</strong></span> <span class='ocrx_word' id='word_1_25' title='bbox 1920 445 2212 507; x_wconf 88' lang='lat' dir='ltr'><strong>subsidiis</strong></span> <span class='ocrx_word' id='word_1_26' title='bbox 2241 454 2333 508; x_wconf 90' lang='lat' dir='ltr'><strong>te-</strong></span> 
     </span>
     <span class='ocr_line' id='line_1_4' title="bbox 362 529 2332 607; baseline 0 -16"><span class='ocrx_word' id='word_1_27' title='bbox 362 531 511 606; x_wconf 90' lang='lat' dir='ltr'><strong>nuit,</strong></span> <span class='ocrx_word' id='word_1_28' title='bbox 539 531 681 607; x_wconf 88' lang='lat' dir='ltr'><strong>ipse</strong></span> <span class='ocrx_word' id='word_1_29' title='bbox 710 530 792 590; x_wconf 88' lang='lat' dir='ltr'><strong>ad</strong></span> <span class='ocrx_word' id='word_1_30' title='bbox 820 529 1017 606; x_wconf 87' lang='lat' dir='ltr'><strong>prima</strong></span> <span class='ocrx_word' id='word_1_31' title='bbox 1044 529 1222 604; x_wconf 83' lang='lat' dir='ltr'><strong>signa</strong></span> <span class='ocrx_word' id='word_1_32' title='bbox 1250 544 1413 604; x_wconf 89' lang='lat' dir='ltr'><strong>equo</strong></span> <span class='ocrx_word' id='word_1_33' title='bbox 1443 529 1775 599; x_wconf 85' lang='lat' dir='ltr'><strong>advectus;</strong></span> <span class='ocrx_word' id='word_1_34' title='bbox 1816 544 2055 606; x_wconf 88' lang='lat' dir='ltr'><strong>proque</strong></span> <span class='ocrx_word' id='word_1_35' title='bbox 2083 529 2332 591; x_wconf 87' lang='lat' dir='ltr'><strong>duobus</strong></span> 
     </span>
     <span class='ocr_line' id='line_1_5' title="bbox 361 612 2330 691; baseline -0.001 -16"><span class='ocrx_word' id='word_1_36' title='bbox 361 614 651 675; x_wconf 91' lang='lat' dir='ltr'><strong>cornibus</strong></span> <span class='ocrx_word' id='word_1_37' title='bbox 682 620 931 691; x_wconf 88' lang='lat' dir='ltr'><strong>praetor</strong></span> <span class='ocrx_word' id='word_1_38' title='bbox 957 628 1031 672; x_wconf 86' lang='lat' dir='ltr'><strong>ac</strong></span> <span class='ocrx_word' id='word_1_39' title='bbox 1064 612 1396 687; x_wconf 88' lang='lat' dir='ltr'><strong>proconsul</strong></span> <span class='ocrx_word' id='word_1_40' title='bbox 1424 612 1644 678; x_wconf 82' lang='lat' dir='ltr'><strong>milites</strong></span> <span class='ocrx_word' id='word_1_41' title='bbox 1673 612 1754 673; x_wconf 91' lang='lat' dir='ltr'><strong>ad</strong></span> <span class='ocrx_word' id='word_1_42' title='bbox 1783 612 2099 673; x_wconf 78' lang='lat' dir='ltr'><strong>inserenda</strong></span> <span class='ocrx_word' id='word_1_43' title='bbox 2128 613 2188 673; x_wconf 91' lang='lat' dir='ltr'><strong>in</strong></span> <span class='ocrx_word' id='word_1_44' title='bbox 2217 614 2330 675; x_wconf 91' lang='lat' dir='ltr'><strong>ho-</strong></span> 
     </span>
     <span class='ocr_line' id='line_1_6' title="bbox 361 696 2331 775; baseline -0.001 -16"><span class='ocrx_word' id='word_1_45' title='bbox 361 707 490 760; x_wconf 83' lang='lat' dir='ltr'><strong>stes</strong></span> <span class='ocrx_word' id='word_1_46' title='bbox 534 699 712 775; x_wconf 84' lang='lat' dir='ltr'><strong>signa</strong></span> <span class='ocrx_word' id='word_1_47' title='bbox 751 714 991 758; x_wconf 90' lang='lat' dir='ltr'><strong>summa</strong></span> <span class='ocrx_word' id='word_1_48' title='bbox 1019 698 1082 757; x_wconf 90' lang='lat' dir='ltr'><strong>vi</strong></span> <span class='ocrx_word' id='word_1_49' title='bbox 1120 697 1533 758; x_wconf 81' lang='lat' dir='ltr'><strong>hortabantur.</strong></span> <span class='ocrx_word' id='word_1_50' title='bbox 1600 696 2122 772; x_wconf 81' lang='lat' dir='ltr'><strong>postquamnihil</strong></span> <span class='ocrx_word' id='word_1_51' title='bbox 2163 712 2331 757; x_wconf 88' lang='lat' dir='ltr'><strong>com·</strong></span> 
     </span>
     <span class='ocr_line' id='line_1_7' title="bbox 362 780 2330 856; baseline -0.001 -14"><span class='ocrx_word' id='word_1_52' title='bbox 362 782 724 855; x_wconf 88' lang='lat' dir='ltr'><strong>movebant,</strong></span> <span class='ocrx_word' id='word_1_53' title='bbox 768 788 896 841; x_wconf 90' lang='lat' dir='ltr'><strong>tum</strong></span> <span class='ocrx_word' id='word_1_54' title='bbox 938 781 1296 855; x_wconf 81' lang='lat' dir='ltr'><strong>Quinctilius</strong></span> <span class='ocrx_word' id='word_1_55' title='bbox 1341 780 1653 841; x_wconf 67' lang='lat' dir='ltr'><strong>Cornelios</strong></span> <span class='ocrx_word' id='word_1_56' title='bbox 1694 780 1988 856; x_wconf 87' lang='lat' dir='ltr'><strong>‚,lentior,</strong></span> <span class='ocrx_word' id='word_1_57' title='bbox 2027 788 2092 841; x_wconf 88' lang='lat' dir='ltr'><strong>ut</strong></span> <span class='ocrx_word' id='word_1_58' title='bbox 2129 781 2330 856; x_wconf 84' lang='lat' dir='ltr'><strong>vides,</strong></span> 
     </span>
     <span class='ocr_line' id='line_1_8' title="bbox 361 863 2330 943; baseline 0 -18"><span class='ocrx_word' id='word_1_59' title='bbox 361 868 431 926; x_wconf 85' lang='lat' dir='ltr'><strong>fit</strong></span> <span class='ocrx_word' id='word_1_60' title='bbox 474 883 709 943; x_wconf 84' lang='lat' dir='ltr'><strong>pugna,</strong></span> <span class='ocrx_word' id='word_1_61' title='bbox 758 874 819 925; x_wconf 89' lang='lat' dir='ltr'><strong>et</strong></span> <span class='ocrx_word' id='word_1_62' title='bbox 845 866 1160 926; x_wconf 86' lang='lat' dir='ltr'><strong>induratus</strong></span> <span class='ocrx_word' id='word_1_63' title='bbox 1191 871 1432 942; x_wconf 88' lang='lat' dir='ltr'><strong>praeter</strong></span> <span class='ocrx_word' id='word_1_64' title='bbox 1461 880 1638 941; x_wconf 89' lang='lat' dir='ltr'><strong>spem</strong></span> <span class='ocrx_word' id='word_1_65' title='bbox 1675 863 2020 925; x_wconf 87' lang='lat' dir='ltr'><strong>resistendo</strong></span> <span class='ocrx_word' id='word_1_66' title='bbox 2062 866 2330 927; x_wconf 89' lang='lat' dir='ltr'><strong>hostium</strong></span> 
     </span>
     <span class='ocr_line' id='line_1_9' title="bbox 362 948 2330 1025; baseline 0 -16"><span class='ocrx_word' id='word_1_67' title='bbox 362 950 572 1019; x_wconf 65' lang='lat' dir='ltr'><strong>timon</strong></span> <span class='ocrx_word' id='word_1_68' title='bbox 604 966 677 1011; x_wconf 88' lang='lat' dir='ltr'><strong>ac</strong></span> <span class='ocrx_word' id='word_1_69' title='bbox 698 964 778 1011; x_wconf 85' lang='lat' dir='ltr'><strong>nc</strong></span> <span class='ocrx_word' id='word_1_70' title='bbox 798 954 995 1011; x_wconf 87' lang='lat' dir='ltr'><strong>vertat</strong></span> <span class='ocrx_word' id='word_1_71' title='bbox 1023 950 1083 1009; x_wconf 90' lang='lat' dir='ltr'><strong>in</strong></span> <span class='ocrx_word' id='word_1_72' title='bbox 1112 948 1434 1011; x_wconf 81' lang='lat' dir='ltr'><strong>audaciam</strong></span> <span class='ocrx_word' id='word_1_73' title='bbox 1461 948 1796 1025; x_wconf 90' lang='lat' dir='ltr'><strong>periculum</strong></span> <span class='ocrx_word' id='word_1_74' title='bbox 1821 955 1934 1009; x_wconf 88' lang='lat' dir='ltr'><strong>est.</strong></span> <span class='ocrx_word' id='word_1_75' title='bbox 1980 956 2330 1025; x_wconf 79' lang='lat' dir='ltr'><strong>equestrem</strong></span> 
     </span>
     <span class='ocr_line' id='line_1_10' title="bbox 362 1032 2329 1110; baseline -0.001 -16"><span class='ocrx_word' id='word_1_76' title='bbox 362 1036 697 1110; x_wconf 83' lang='lat' dir='ltr'><strong>procellam</strong></span> <span class='ocrx_word' id='word_1_77' title='bbox 738 1033 1074 1109; x_wconf 85' lang='lat' dir='ltr'><strong>excitemus</strong></span> <span class='ocrx_word' id='word_1_78' title='bbox 1116 1039 1388 1109; x_wconf 81' lang='lat' dir='ltr'><strong>oportet,</strong></span> <span class='ocrx_word' id='word_1_79' title='bbox 1431 1032 1487 1093; x_wconf 90' lang='lat' dir='ltr'><strong>si</strong></span> <span class='ocrx_word' id='word_1_80' title='bbox 1515 1032 1760 1093; x_wconf 87' lang='lat' dir='ltr'><strong>turbare</strong></span> <span class='ocrx_word' id='word_1_81' title='bbox 1789 1047 1863 1093; x_wconf 88' lang='lat' dir='ltr'><strong>ac</strong></span> <span class='ocrx_word' id='word_1_82' title='bbox 1891 1039 2053 1095; x_wconf 78' lang='lat' dir='ltr'><strong>statu</strong></span> <span class='ocrx_word' id='word_1_83' title='bbox 2079 1048 2329 1094; x_wconf 88' lang='lat' dir='ltr'><strong>movere</strong></span> 
     </span>
     <span class='ocr_line' id='line_1_11' title="bbox 362 1116 2328 1193; baseline 0.002 -16"><span class='ocrx_word' id='word_1_84' title='bbox 362 1120 666 1179; x_wconf 85' lang='lat' dir='ltr'><strong>volumus.</strong></span> <span class='ocrx_word' id='word_1_85' title='bbox 734 1118 939 1193; x_wconf 86' lang='lat' dir='ltr'><strong>itaque</strong></span> <span class='ocrx_word' id='word_1_86' title='bbox 969 1118 1069 1177; x_wconf 88' lang='lat' dir='ltr'><strong>vel</strong></span> <span class='ocrx_word' id='word_1_87' title='bbox 1096 1125 1163 1178; x_wconf 87' lang='lat' dir='ltr'><strong>tu</strong></span> <span class='ocrx_word' id='word_1_88' title='bbox 1203 1118 1284 1177; x_wconf 89' lang='lat' dir='ltr'><strong>ad</strong></span> <span class='ocrx_word' id='word_1_89' title='bbox 1315 1116 1512 1193; x_wconf 85' lang='lat' dir='ltr'><strong>prima</strong></span> <span class='ocrx_word' id='word_1_90' title='bbox 1539 1116 1717 1191; x_wconf 85' lang='lat' dir='ltr'><strong>signa</strong></span> <span class='ocrx_word' id='word_1_91' title='bbox 1746 1116 2046 1193; x_wconf 89' lang='lat' dir='ltr'><strong>proelium</strong></span> <span class='ocrx_word' id='word_1_92' title='bbox 2073 1116 2328 1189; x_wconf 80' lang='lat' dir='ltr'><strong>sustine,</strong></span> 
     </span>
     <span class='ocr_line' id='line_1_12' title="bbox 362 1200 2332 1277; baseline 0.001 -16"><span class='ocrx_word' id='word_1_93' title='bbox 362 1218 479 1277; x_wconf 86' lang='lat' dir='ltr'><strong>ego</strong></span> <span class='ocrx_word' id='word_1_94' title='bbox 524 1203 808 1265; x_wconf 80' lang='lat' dir='ltr'><strong>inducam</strong></span> <span class='ocrx_word' id='word_1_95' title='bbox 848 1202 910 1262; x_wconf 90' lang='lat' dir='ltr'><strong>in</strong></span> <span class='ocrx_word' id='word_1_96' title='bbox 952 1216 1223 1277; x_wconf 79' lang='lat' dir='ltr'><strong>pugnam</strong></span> <span class='ocrx_word' id='word_1_97' title='bbox 1264 1200 1540 1276; x_wconf 82' lang='lat' dir='ltr'><strong>equites;</strong></span> <span class='ocrx_word' id='word_1_98' title='bbox 1601 1201 1699 1259; x_wconf 88' lang='lat' dir='ltr'><strong>vel</strong></span> <span class='ocrx_word' id='word_1_99' title='bbox 1741 1215 1858 1275; x_wconf 85' lang='lat' dir='ltr'><strong>ego</strong></span> <span class='ocrx_word' id='word_1_100' title='bbox 1899 1200 2000 1261; x_wconf 90' lang='lat' dir='ltr'><strong>hic</strong></span> <span class='ocrx_word' id='word_1_101' title='bbox 2042 1201 2104 1261; x_wconf 92' lang='lat' dir='ltr'><strong>in</strong></span> <span class='ocrx_word' id='word_1_102' title='bbox 2133 1201 2332 1277; x_wconf 84' lang='lat' dir='ltr'><strong>prima</strong></span> 
     </span>
     <span class='ocr_line' id='line_1_13' title="bbox 362 1284 2332 1361; baseline -0.001 -15"><span class='ocrx_word' id='word_1_103' title='bbox 362 1288 495 1347; x_wconf 86' lang='lat' dir='ltr'><strong>acie</strong></span> <span class='ocrx_word' id='word_1_104' title='bbox 522 1303 650 1347; x_wconf 88' lang='lat' dir='ltr'><strong>rem</strong></span> <span class='ocrx_word' id='word_1_105' title='bbox 681 1301 885 1361; x_wconf 84' lang='lat' dir='ltr'><strong>geram</strong></span> <span class='ocrx_word' id='word_1_106' title='bbox 902 1330 919 1361; x_wconf 89' lang='lat'><strong><em>‚</em></strong></span> <span class='ocrx_word' id='word_1_107' title='bbox 961 1293 1026 1344; x_wconf 91' lang='lat' dir='ltr'><strong>tu</strong></span> <span class='ocrx_word' id='word_1_108' title='bbox 1055 1292 1342 1361; x_wconf 88' lang='lat' dir='ltr'><strong>quattuor</strong></span> <span class='ocrx_word' id='word_1_109' title='bbox 1371 1285 1676 1359; x_wconf 82' lang='lat' dir='ltr'><strong>legionum</strong></span> <span class='ocrx_word' id='word_1_110' title='bbox 1717 1284 1956 1358; x_wconf 82' lang='lat' dir='ltr'><strong>equites</strong></span> <span class='ocrx_word' id='word_1_111' title='bbox 1996 1285 2060 1345; x_wconf 89' lang='lat' dir='ltr'><strong>in</strong></span> <span class='ocrx_word' id='word_1_112' title='bbox 2087 1284 2332 1345; x_wconf 88' lang='lat' dir='ltr'><strong>hostem</strong></span> 
     </span>
     <span class='ocr_line' id='line_1_14' title="bbox 364 1368 2332 1445; baseline 0 -16"><span class='ocrx_word' id='word_1_113' title='bbox 364 1371 627 1432; x_wconf 88' lang='lat' dir='ltr'><strong>emitte“.</strong></span> <span class='ocrx_word' id='word_1_114' title='bbox 684 1377 879 1429; x_wconf 87' lang='lat' dir='ltr'><strong>utram</strong></span> <span class='ocrx_word' id='word_1_115' title='bbox 910 1370 1091 1429; x_wconf 90' lang='lat' dir='ltr'><strong>vellet</strong></span> <span class='ocrx_word' id='word_1_116' title='bbox 1120 1376 1369 1445; x_wconf 87' lang='lat' dir='ltr'><strong>praetor</strong></span> <span class='ocrx_word' id='word_1_117' title='bbox 1396 1368 1666 1429; x_wconf 88' lang='lat' dir='ltr'><strong>muneris</strong></span> <span class='ocrx_word' id='word_1_118' title='bbox 1694 1376 1930 1443; x_wconf 88' lang='lat' dir='ltr'><strong>partem</strong></span> <span class='ocrx_word' id='word_1_119' title='bbox 1959 1370 2332 1445; x_wconf 87' lang='lat' dir='ltr'><strong>proconsule</strong></span> 
     </span>
     <span class='ocr_line' id='line_1_15' title="bbox 361 1452 2330 1530; baseline 0 -17"><span class='ocrx_word' id='word_1_120' title='bbox 361 1454 719 1530; x_wconf 82' lang='lat' dir='ltr'><strong>accipiente,</strong></span> <span class='ocrx_word' id='word_1_121' title='bbox 768 1452 1122 1528; x_wconf 82' lang='lat' dir='ltr'><strong>Quinctilius</strong></span> <span class='ocrx_word' id='word_1_122' title='bbox 1151 1460 1401 1529; x_wconf 88' lang='lat' dir='ltr'><strong>praetor</strong></span> <span class='ocrx_word' id='word_1_123' title='bbox 1427 1468 1564 1513; x_wconf 90' lang='lat' dir='ltr'><strong>cum</strong></span> <span class='ocrx_word' id='word_1_124' title='bbox 1594 1452 1741 1525; x_wconf 85' lang='lat' dir='ltr'><strong>filio,</strong></span> <span class='ocrx_word' id='word_1_125' title='bbox 1787 1452 1885 1513; x_wconf 90' lang='lat' dir='ltr'><strong>cui</strong></span> <span class='ocrx_word' id='word_1_126' title='bbox 1911 1452 2123 1514; x_wconf 84' lang='lat' dir='ltr'><strong>Marco</strong></span> <span class='ocrx_word' id='word_1_127' title='bbox 2151 1468 2330 1529; x_wconf 88' lang='lat' dir='ltr'><strong>prae-</strong></span> 
     </span>
     <span class='ocr_line' id='line_1_16' title="bbox 361 1536 2334 1613; baseline 0 -16"><span class='ocrx_word' id='word_1_128' title='bbox 361 1554 585 1599; x_wconf 88' lang='lat' dir='ltr'><strong>nomen</strong></span> <span class='ocrx_word' id='word_1_129' title='bbox 616 1544 773 1607; x_wconf 86' lang='lat' dir='ltr'><strong>erat,</strong></span> <span class='ocrx_word' id='word_1_130' title='bbox 816 1537 1077 1613; x_wconf 84' lang='lat' dir='ltr'><strong>impigro</strong></span> <span class='ocrx_word' id='word_1_131' title='bbox 1108 1538 1330 1598; x_wconf 89' lang='lat' dir='ltr'><strong>iuvene</strong></span> <span class='ocrx_word' id='word_1_132' title='bbox 1356 1536 1438 1597; x_wconf 89' lang='lat' dir='ltr'><strong>ad</strong></span> <span class='ocrx_word' id='word_1_133' title='bbox 1467 1537 1703 1612; x_wconf 82' lang='lat' dir='ltr'><strong>equites</strong></span> <span class='ocrx_word' id='word_1_134' title='bbox 1735 1537 1960 1613; x_wconf 81' lang='lat' dir='ltr'><strong>pergit,</strong></span> <span class='ocrx_word' id='word_1_135' title='bbox 2001 1538 2334 1612; x_wconf 85' lang='lat' dir='ltr'><strong>iussosque</strong></span> 
     </span>
     <span class='ocr_line' id='line_1_17' title="bbox 364 1619 2332 1697; baseline 0 -15"><span class='ocrx_word' id='word_1_136' title='bbox 364 1622 703 1683; x_wconf 84' lang='lat' dir='ltr'><strong>escendere</strong></span> <span class='ocrx_word' id='word_1_137' title='bbox 747 1622 807 1679; x_wconf 92' lang='lat' dir='ltr'><strong>in</strong></span> <span class='ocrx_word' id='word_1_138' title='bbox 848 1636 1046 1696; x_wconf 89' lang='lat' dir='ltr'><strong>equos</strong></span> <span class='ocrx_word' id='word_1_139' title='bbox 1074 1627 1328 1697; x_wconf 88' lang='lat' dir='ltr'><strong>repente</strong></span> <span class='ocrx_word' id='word_1_140' title='bbox 1355 1619 1416 1680; x_wconf 89' lang='lat' dir='ltr'><strong>in</strong></span> <span class='ocrx_word' id='word_1_141' title='bbox 1445 1620 1688 1681; x_wconf 88' lang='lat' dir='ltr'><strong>hostem</strong></span> <span class='ocrx_word' id='word_1_142' title='bbox 1721 1620 1951 1681; x_wconf 88' lang='lat' dir='ltr'><strong>emittit.</strong></span> <span class='ocrx_word' id='word_1_143' title='bbox 2015 1622 2332 1682; x_wconf 88' lang='lat' dir='ltr'><strong>tumultum</strong></span> 
     </span>
     <span class='ocr_line' id='line_1_18' title="bbox 363 1704 2333 1780; baseline 0.001 -13"><span class='ocrx_word' id='word_1_144' title='bbox 363 1705 913 1780; x_wconf 81' lang='lat' dir='ltr'><strong>equestremauxit</strong></span> <span class='ocrx_word' id='word_1_145' title='bbox 936 1706 1165 1765; x_wconf 86' lang='lat' dir='ltr'><strong>clamor</strong></span> <span class='ocrx_word' id='word_1_146' title='bbox 1192 1704 1270 1765; x_wconf 88' lang='lat' dir='ltr'><strong>ab</strong></span> <span class='ocrx_word' id='word_1_147' title='bbox 1301 1704 1644 1780; x_wconf 79' lang='lat' dir='ltr'><strong>legionibus</strong></span> <span class='ocrx_word' id='word_1_148' title='bbox 1674 1704 1940 1766; x_wconf 90' lang='lat' dir='ltr'><strong>additus.</strong></span> <span class='ocrx_word' id='word_1_149' title='bbox 1986 1720 2101 1765; x_wconf 89' lang='lat' dir='ltr'><strong>nec</strong></span> <span class='ocrx_word' id='word_1_150' title='bbox 2131 1706 2333 1768; x_wconf 87' lang='lat' dir='ltr'><strong>stetis·</strong></span> 
     </span>
     <span class='ocr_line' id='line_1_19' title="bbox 362 1788 2332 1865; baseline -0.001 -14"><span class='ocrx_word' id='word_1_151' title='bbox 362 1797 460 1851; x_wconf 91' lang='lat' dir='ltr'><strong>set</strong></span> <span class='ocrx_word' id='word_1_152' title='bbox 498 1790 766 1851; x_wconf 89' lang='lat' dir='ltr'><strong>hostium</strong></span> <span class='ocrx_word' id='word_1_153' title='bbox 809 1790 1009 1862; x_wconf 84' lang='lat' dir='ltr'><strong>acies,</strong></span> <span class='ocrx_word' id='word_1_154' title='bbox 1056 1789 1117 1847; x_wconf 90' lang='lat' dir='ltr'><strong>ni</strong></span> <span class='ocrx_word' id='word_1_155' title='bbox 1145 1789 1328 1864; x_wconf 80' lang='lat' dir='ltr'><strong>Mago</strong></span> <span class='ocrx_word' id='word_1_156' title='bbox 1371 1790 1454 1849; x_wconf 88' lang='lat' dir='ltr'><strong>ad</strong></span> <span class='ocrx_word' id='word_1_157' title='bbox 1497 1788 1757 1864; x_wconf 89' lang='lat' dir='ltr'><strong>primum</strong></span> <span class='ocrx_word' id='word_1_158' title='bbox 1798 1789 2068 1865; x_wconf 89' lang='lat' dir='ltr'><strong>equitum</strong></span> <span class='ocrx_word' id='word_1_159' title='bbox 2101 1796 2332 1851; x_wconf 84' lang='lat' dir='ltr'><strong>motum</strong></span> 
     </span>
     <span class='ocr_line' id='line_1_20' title="bbox 363 1872 2330 1950; baseline 0.001 -17"><span class='ocrx_word' id='word_1_160' title='bbox 363 1880 615 1949; x_wconf 86' lang='lat' dir='ltr'><strong>paratos</strong></span> <span class='ocrx_word' id='word_1_161' title='bbox 658 1873 1021 1948; x_wconf 88' lang='lat' dir='ltr'><strong>elephantos</strong></span> <span class='ocrx_word' id='word_1_162' title='bbox 1066 1873 1373 1950; x_wconf 88' lang='lat' dir='ltr'><strong>extemplo</strong></span> <span class='ocrx_word' id='word_1_163' title='bbox 1404 1872 1465 1933; x_wconf 91' lang='lat' dir='ltr'><strong>in</strong></span> <span class='ocrx_word' id='word_1_164' title='bbox 1500 1872 1796 1949; x_wconf 90' lang='lat' dir='ltr'><strong>proelium</strong></span> <span class='ocrx_word' id='word_1_165' title='bbox 1824 1872 2189 1935; x_wconf 88' lang='lat' dir='ltr'><strong>induxisset.</strong></span> <span class='ocrx_word' id='word_1_166' title='bbox 2251 1874 2330 1934; x_wconf 86' lang='lat' dir='ltr'><strong>ad</strong></span> 
     </span>
     <span class='ocr_line' id='line_1_21' title="bbox 364 1956 2335 2033; baseline 0.001 -16"><span class='ocrx_word' id='word_1_167' title='bbox 364 1973 623 2032; x_wconf 87' lang='lat' dir='ltr'><strong>quorum</strong></span> <span class='ocrx_word' id='word_1_168' title='bbox 674 1957 997 2017; x_wconf 87' lang='lat' dir='ltr'><strong>stridorem</strong></span> <span class='ocrx_word' id='word_1_169' title='bbox 1046 1956 1425 2033; x_wconf 91' lang='lat' dir='ltr'><strong>odoremque</strong></span> <span class='ocrx_word' id='word_1_170' title='bbox 1474 1964 1538 2017; x_wconf 89' lang='lat' dir='ltr'><strong>et</strong></span> <span class='ocrx_word' id='word_1_171' title='bbox 1585 1962 1906 2032; x_wconf 88' lang='lat' dir='ltr'><strong>aspectum</strong></span> <span class='ocrx_word' id='word_1_172' title='bbox 1957 1957 2142 2017; x_wconf 87' lang='lat' dir='ltr'><strong>territi</strong></span> <span class='ocrx_word' id='word_1_173' title='bbox 2190 1957 2335 2032; x_wconf 86' lang='lat' dir='ltr'><strong>equi</strong></span> 
     </span>
     <span class='ocr_line' id='line_1_22' title="bbox 360 2039 2332 2116; baseline 0.001 -17"><span class='ocrx_word' id='word_1_174' title='bbox 360 2057 589 2101; x_wconf 87' lang='lat' dir='ltr'><strong>vanum</strong></span> <span class='ocrx_word' id='word_1_175' title='bbox 618 2047 907 2114; x_wconf 88' lang='lat' dir='ltr'><strong>equestre</strong></span> <span class='ocrx_word' id='word_1_176' title='bbox 932 2039 1223 2100; x_wconf 87' lang='lat' dir='ltr'><strong>auxilium</strong></span> <span class='ocrx_word' id='word_1_177' title='bbox 1255 2041 1544 2100; x_wconf 72' lang='lat' dir='ltr'><strong>fecerunt.</strong></span> <span class='ocrx_word' id='word_1_178' title='bbox 1613 2048 1674 2101; x_wconf 91' lang='lat' dir='ltr'><strong>et</strong></span> <span class='ocrx_word' id='word_1_179' title='bbox 1697 2047 1781 2115; x_wconf 85' lang='lat' dir='ltr'><strong>ut,</strong></span> <span class='ocrx_word' id='word_1_180' title='bbox 1809 2040 1916 2101; x_wconf 90' lang='lat' dir='ltr'><strong>ubi</strong></span> <span class='ocrx_word' id='word_1_181' title='bbox 1947 2041 2005 2101; x_wconf 91' lang='lat' dir='ltr'><strong>in</strong></span> <span class='ocrx_word' id='word_1_182' title='bbox 2035 2057 2166 2101; x_wconf 88' lang='lat' dir='ltr'><strong>rem</strong></span> <span class='ocrx_word' id='word_1_183' title='bbox 2193 2057 2332 2116; x_wconf 79' lang='lat' dir='ltr'><strong>per-</strong></span> 
     </span>
     <span class='ocr_line' id='line_1_23' title="bbox 355 2122 2332 2200; baseline 0.001 -17"><span class='ocrx_word' id='word_1_184' title='bbox 355 2125 590 2195; x_wconf 86' lang='lat' dir='ltr'><strong>missus</strong></span> <span class='ocrx_word' id='word_1_185' title='bbox 618 2124 704 2184; x_wconf 90' lang='lat' dir='ltr'><strong>uti</strong></span> <span class='ocrx_word' id='word_1_186' title='bbox 734 2122 1025 2198; x_wconf 86' lang='lat' dir='ltr'><strong>cuspide,</strong></span> <span class='ocrx_word' id='word_1_187' title='bbox 1069 2123 1154 2183; x_wconf 89' lang='lat' dir='ltr'><strong>uti</strong></span> <span class='ocrx_word' id='word_1_188' title='bbox 1192 2124 1533 2185; x_wconf 88' lang='lat' dir='ltr'><strong>comminus</strong></span> <span class='ocrx_word' id='word_1_189' title='bbox 1561 2124 1768 2200; x_wconf 81' lang='lat' dir='ltr'><strong>gladio</strong></span> <span class='ocrx_word' id='word_1_190' title='bbox 1799 2132 2046 2199; x_wconf 90' lang='lat' dir='ltr'><strong>posset,</strong></span> <span class='ocrx_word' id='word_1_191' title='bbox 2089 2123 2332 2185; x_wconf 86' lang='lat' dir='ltr'><strong>roboris</strong></span> 
     </span>
     <span class='ocr_line' id='line_1_24' title="bbox 360 2206 2334 2285; baseline 0.001 -18"><span class='ocrx_word' id='word_1_192' title='bbox 360 2206 612 2269; x_wconf 88' lang='lat' dir='ltr'><strong>maioris</strong></span> <span class='ocrx_word' id='word_1_193' title='bbox 641 2208 957 2268; x_wconf 88' lang='lat' dir='ltr'><strong>Romanus</strong></span> <span class='ocrx_word' id='word_1_194' title='bbox 999 2222 1193 2281; x_wconf 88' lang='lat' dir='ltr'><strong>eques</strong></span> <span class='ocrx_word' id='word_1_195' title='bbox 1238 2214 1399 2281; x_wconf 86' lang='lat' dir='ltr'><strong>erat,</strong></span> <span class='ocrx_word' id='word_1_196' title='bbox 1445 2207 1528 2268; x_wconf 90' lang='lat' dir='ltr'><strong>ita</strong></span> <span class='ocrx_word' id='word_1_197' title='bbox 1555 2208 1616 2268; x_wconf 91' lang='lat' dir='ltr'><strong>in</strong></span> <span class='ocrx_word' id='word_1_198' title='bbox 1659 2208 1927 2269; x_wconf 89' lang='lat' dir='ltr'><strong>ablatum</strong></span> <span class='ocrx_word' id='word_1_199' title='bbox 1966 2208 2334 2285; x_wconf 89' lang='lat' dir='ltr'><strong>paventibus</strong></span> 
     </span>
     <span class='ocr_line' id='line_1_25' title="bbox 362 2290 2336 2369; baseline 0.001 -17"><span class='ocrx_word' id='word_1_200' title='bbox 362 2292 581 2369; x_wconf 89' lang='lat' dir='ltr'><strong>procul</strong></span> <span class='ocrx_word' id='word_1_201' title='bbox 624 2290 804 2367; x_wconf 88' lang='lat' dir='ltr'><strong>equis</strong></span> <span class='ocrx_word' id='word_1_202' title='bbox 833 2290 1051 2353; x_wconf 90' lang='lat' dir='ltr'><strong>melius</strong></span> <span class='ocrx_word' id='word_1_203' title='bbox 1092 2307 1171 2351; x_wconf 88' lang='lat' dir='ltr'><strong>ex</strong></span> <span class='ocrx_word' id='word_1_204' title='bbox 1214 2293 1530 2353; x_wconf 85' lang='lat' dir='ltr'><strong>intervallo</strong></span> <span class='ocrx_word' id='word_1_205' title='bbox 1557 2290 1855 2353; x_wconf 85' lang='lat' dir='ltr'><strong>Numidae</strong></span> <span class='ocrx_word' id='word_1_206' title='bbox 1895 2291 2336 2353; x_wconf 80' lang='lat' dir='ltr'><strong>iaculabantur.</strong></span> 
     </span>
     <span class='ocr_line' id='line_1_26' title="bbox 363 2375 2334 2454; baseline 0 -17"><span class='ocrx_word' id='word_1_207' title='bbox 363 2376 545 2437; x_wconf 89' lang='lat' dir='ltr'><strong>simul</strong></span> <span class='ocrx_word' id='word_1_208' title='bbox 575 2382 636 2437; x_wconf 88' lang='lat' dir='ltr'><strong>et</strong></span> <span class='ocrx_word' id='word_1_209' title='bbox 665 2375 941 2453; x_wconf 88' lang='lat' dir='ltr'><strong>peditum</strong></span> <span class='ocrx_word' id='word_1_210' title='bbox 969 2375 1129 2451; x_wconf 82' lang='lat' dir='ltr'><strong>legio</strong></span> <span class='ocrx_word' id='word_1_211' title='bbox 1163 2376 1546 2451; x_wconf 88' lang='lat' dir='ltr'><strong>duodecima,</strong></span> <span class='ocrx_word' id='word_1_212' title='bbox 1574 2392 1796 2452; x_wconf 82' lang='lat' dir='ltr'><strong>magna</strong></span> <span class='ocrx_word' id='word_1_213' title='bbox 1825 2392 1904 2437; x_wconf 85' lang='lat' dir='ltr'><strong>ex</strong></span> <span class='ocrx_word' id='word_1_214' title='bbox 1928 2382 2100 2454; x_wconf 89' lang='lat' dir='ltr'><strong>parte</strong></span> <span class='ocrx_word' id='word_1_215' title='bbox 2129 2392 2334 2451; x_wconf 86' lang='lat' dir='ltr'><strong>caesa,</strong></span> 
     </span>
     <span class='ocr_line' id='line_1_27' title="bbox 362 2458 2334 2536; baseline 0.001 -16"><span class='ocrx_word' id='word_1_216' title='bbox 362 2460 605 2535; x_wconf 88' lang='lat' dir='ltr'><strong>pudore</strong></span> <span class='ocrx_word' id='word_1_217' title='bbox 644 2460 842 2535; x_wconf 81' lang='lat' dir='ltr'><strong>magis</strong></span> <span class='ocrx_word' id='word_1_218' title='bbox 886 2476 1069 2536; x_wconf 90' lang='lat' dir='ltr'><strong>quam</strong></span> <span class='ocrx_word' id='word_1_219' title='bbox 1112 2458 1344 2521; x_wconf 89' lang='lat' dir='ltr'><strong>viribus</strong></span> <span class='ocrx_word' id='word_1_220' title='bbox 1387 2460 1636 2521; x_wconf 87' lang='lat' dir='ltr'><strong>tenebat</strong></span> <span class='ocrx_word' id='word_1_221' title='bbox 1675 2461 1906 2530; x_wconf 88' lang='lat' dir='ltr'><strong>locum;</strong></span> <span class='ocrx_word' id='word_1_222' title='bbox 1952 2475 2067 2521; x_wconf 89' lang='lat' dir='ltr'><strong>nec</strong></span> <span class='ocrx_word' id='word_1_223' title='bbox 2104 2460 2334 2522; x_wconf 88' lang='lat' dir='ltr'><strong>diutius</strong></span> 
     </span>
     <span class='ocr_line' id='line_1_28' title="bbox 361 2539 2335 2621; baseline 0.001 -18"><span class='ocrx_word' id='word_1_224' title='bbox 361 2545 691 2619; x_wconf 86' lang='lat' dir='ltr'><strong>tenuisset,</strong></span> <span class='ocrx_word' id='word_1_225' title='bbox 737 2545 798 2603; x_wconf 90' lang='lat' dir='ltr'><strong>ni</strong></span> <span class='ocrx_word' id='word_1_226' title='bbox 840 2560 922 2605; x_wconf 85' lang='lat' dir='ltr'><strong>ex</strong></span> <span class='ocrx_word' id='word_1_227' title='bbox 948 2543 1243 2606; x_wconf 89' lang='lat' dir='ltr'><strong>subsidiis</strong></span> <span class='ocrx_word' id='word_1_228' title='bbox 1285 2543 1462 2605; x_wconf 88' lang='lat' dir='ltr'><strong>tertia</strong></span> <span class='ocrx_word' id='word_1_229' title='bbox 1504 2539 1744 2605; x_wconf 82' lang='lat' dir='ltr'><strong>decima</strong></span> <span class='ocrx_word' id='word_1_230' title='bbox 1770 2544 1932 2621; x_wconf 81' lang='lat' dir='ltr'><strong>legio</strong></span> <span class='ocrx_word' id='word_1_231' title='bbox 1975 2543 2038 2604; x_wconf 91' lang='lat' dir='ltr'><strong>in</strong></span> <span class='ocrx_word' id='word_1_232' title='bbox 2075 2545 2335 2621; x_wconf 80' lang='lat' dir='ltr'><strong>primam</strong></span> 
     </span>
     <span class='ocr_line' id='line_1_29' title="bbox 362 2626 2338 2706; baseline 0.001 -19"><span class='ocrx_word' id='word_1_233' title='bbox 362 2628 558 2690; x_wconf 87' lang='lat' dir='ltr'><strong>aciem</strong></span> <span class='ocrx_word' id='word_1_234' title='bbox 588 2628 839 2689; x_wconf 88' lang='lat' dir='ltr'><strong>inducta</strong></span> <span class='ocrx_word' id='word_1_235' title='bbox 867 2628 1165 2704; x_wconf 89' lang='lat' dir='ltr'><strong>proelium</strong></span> <span class='ocrx_word' id='word_1_236' title='bbox 1194 2626 1445 2689; x_wconf 88' lang='lat' dir='ltr'><strong>dubium</strong></span> <span class='ocrx_word' id='word_1_237' title='bbox 1485 2628 1854 2706; x_wconf 87' lang='lat' dir='ltr'><strong>excepisset.</strong></span> <span class='ocrx_word' id='word_1_238' title='bbox 1917 2627 2227 2705; x_wconf 78' lang='lat' dir='ltr'><strong>Magoque</strong></span> <span class='ocrx_word' id='word_1_239' title='bbox 2255 2644 2338 2689; x_wconf 88' lang='lat' dir='ltr'><strong>ex</strong></span> 
     </span>
     <span class='ocr_line' id='line_1_30' title="bbox 363 2710 2336 2789; baseline 0.001 -17"><span class='ocrx_word' id='word_1_240' title='bbox 363 2710 662 2773; x_wconf 87' lang='lat' dir='ltr'><strong>subsidiis</strong></span> <span class='ocrx_word' id='word_1_241' title='bbox 690 2711 899 2773; x_wconf 88' lang='lat' dir='ltr'><strong>Gallos</strong></span> <span class='ocrx_word' id='word_1_242' title='bbox 942 2712 1215 2788; x_wconf 82' lang='lat' dir='ltr'><strong>integrae</strong></span> <span class='ocrx_word' id='word_1_243' title='bbox 1255 2712 1484 2787; x_wconf 80' lang='lat' dir='ltr'><strong>legioni</strong></span> <span class='ocrx_word' id='word_1_244' title='bbox 1523 2711 1838 2789; x_wconf 87' lang='lat' dir='ltr'><strong>opposuit.</strong></span> <span class='ocrx_word' id='word_1_245' title='bbox 1901 2713 2124 2789; x_wconf 88' lang='lat' dir='ltr'><strong>quibus</strong></span> <span class='ocrx_word' id='word_1_246' title='bbox 2167 2713 2336 2773; x_wconf 81' lang='lat' dir='ltr'><strong>haud</strong></span> 
     </span>
     <span class='ocr_line' id='line_1_31' title="bbox 365 2795 2336 2873; baseline 0.002 -18"><span class='ocrx_word' id='word_1_247' title='bbox 365 2811 585 2872; x_wconf 77' lang='lat' dir='ltr'><strong>magno</strong></span> <span class='ocrx_word' id='word_1_248' title='bbox 611 2795 941 2857; x_wconf 88' lang='lat' dir='ltr'><strong>certamine</strong></span> <span class='ocrx_word' id='word_1_249' title='bbox 967 2797 1124 2857; x_wconf 84' lang='lat' dir='ltr'><strong>susis</strong></span> <span class='ocrx_word' id='word_1_250' title='bbox 1149 2795 1374 2857; x_wconf 86' lang='lat' dir='ltr'><strong>hastati</strong></span> <span class='ocrx_word' id='word_1_251' title='bbox 1402 2796 1663 2873; x_wconf 83' lang='lat' dir='ltr'><strong>legionis</strong></span> <span class='ocrx_word' id='word_1_252' title='bbox 1689 2795 2056 2859; x_wconf 86' lang='lat' dir='ltr'><strong>undecimae</strong></span> <span class='ocrx_word' id='word_1_253' title='bbox 2080 2798 2336 2871; x_wconf 82' lang='lat' dir='ltr'><strong>conglo-</strong></span> 
     </span>
     <span class='ocr_line' id='line_1_32' title="bbox 364 2878 2332 2957; baseline 0.001 -18"><span class='ocrx_word' id='word_1_254' title='bbox 364 2886 511 2941; x_wconf 79' lang='lat' dir='ltr'><strong>bant</strong></span> <span class='ocrx_word' id='word_1_255' title='bbox 538 2895 701 2955; x_wconf 89' lang='lat' dir='ltr'><strong>sese,</strong></span> <span class='ocrx_word' id='word_1_256' title='bbox 732 2885 917 2955; x_wconf 86' lang='lat' dir='ltr'><strong>atque</strong></span> <span class='ocrx_word' id='word_1_257' title='bbox 946 2880 1310 2957; x_wconf 88' lang='lat' dir='ltr'><strong>elephantos</strong></span> <span class='ocrx_word' id='word_1_258' title='bbox 1339 2878 1462 2941; x_wconf 84' lang='lat' dir='ltr'><strong>iam</strong></span> <span class='ocrx_word' id='word_1_259' title='bbox 1488 2880 1762 2957; x_wconf 89' lang='lat' dir='ltr'><strong>peditum</strong></span> <span class='ocrx_word' id='word_1_260' title='bbox 1791 2880 1988 2943; x_wconf 88' lang='lat' dir='ltr'><strong>aciem</strong></span> <span class='ocrx_word' id='word_1_261' title='bbox 2018 2880 2332 2942; x_wconf 86' lang='lat' dir='ltr'><strong>turbantes</strong></span> 
     </span>
     <span class='ocr_line' id='line_1_33' title="bbox 362 2963 2331 3040; baseline 0.001 -17"><span class='ocrx_word' id='word_1_262' title='bbox 362 2963 679 3025; x_wconf 87' lang='lat' dir='ltr'><strong>invadunt.</strong></span> <span class='ocrx_word' id='word_1_263' title='bbox 742 2964 805 3023; x_wconf 87' lang='lat' dir='ltr'><strong>iu</strong></span> <span class='ocrx_word' id='word_1_264' title='bbox 834 2979 995 3039; x_wconf 91' lang='lat' dir='ltr'><strong>quos</strong></span> <span class='ocrx_word' id='word_1_265' title='bbox 1025 2979 1164 3025; x_wconf 89' lang='lat' dir='ltr'><strong>cum</strong></span> <span class='ocrx_word' id='word_1_266' title='bbox 1192 2964 1321 3040; x_wconf 86' lang='lat' dir='ltr'><strong>pila</strong></span> <span class='ocrx_word' id='word_1_267' title='bbox 1348 2965 1661 3026; x_wconf 85' lang='lat' dir='ltr'><strong>confertos</strong></span> <span class='ocrx_word' id='word_1_268' title='bbox 1691 2964 2119 3040; x_wconf 87' lang='lat' dir='ltr'><strong>coniecissent,</strong></span> <span class='ocrx_word' id='word_1_269' title='bbox 2163 2966 2331 3026; x_wconf 89' lang='lat' dir='ltr'><strong>nullo</strong></span> 
     </span>
     <span class='ocr_line' id='line_1_34' title="bbox 365 3046 2335 3111; baseline 0.002 -3"><span class='ocrx_word' id='word_1_270' title='bbox 365 3059 557 3108; x_wconf 65' lang='lat' dir='ltr'><strong>terme</strong></span> <span class='ocrx_word' id='word_1_271' title='bbox 584 3046 810 3107; x_wconf 80' lang='lat' dir='ltr'><strong>trustra</strong></span> <span class='ocrx_word' id='word_1_272' title='bbox 850 3047 1081 3109; x_wconf 88' lang='lat' dir='ltr'><strong>emisso</strong></span> <span class='ocrx_word' id='word_1_273' title='bbox 1128 3063 1344 3109; x_wconf 90' lang='lat' dir='ltr'><strong>omnes</strong></span> <span class='ocrx_word' id='word_1_274' title='bbox 1369 3055 1534 3111; x_wconf 89' lang='lat' dir='ltr'><strong>retro</strong></span> <span class='ocrx_word' id='word_1_275' title='bbox 1563 3048 1626 3109; x_wconf 90' lang='lat' dir='ltr'><strong>in</strong></span> <span class='ocrx_word' id='word_1_276' title='bbox 1655 3048 1851 3111; x_wconf 87' lang='lat' dir='ltr'><strong>aciem</strong></span> <span class='ocrx_word' id='word_1_277' title='bbox 1879 3063 2128 3111; x_wconf 85' lang='lat' dir='ltr'><strong>suorum</strong></span> <span class='ocrx_word' id='word_1_278' title='bbox 2157 3065 2335 3111; x_wconf 88' lang='lat' dir='ltr'><strong>aver—</strong></span> 
     </span>
     <span class='ocr_line' id='line_1_35' title="bbox 362 3131 2338 3209; baseline 0.002 -17"><span class='ocrx_word' id='word_1_279' title='bbox 362 3137 595 3203; x_wconf 73' lang='lat' dir='ltr'><strong>terunt3</strong></span> <span class='ocrx_word' id='word_1_280' title='bbox 629 3136 914 3207; x_wconf 83' lang='lat' dir='ltr'><strong>quattuor</strong></span> <span class='ocrx_word' id='word_1_281' title='bbox 932 3131 1168 3207; x_wconf 80' lang='lat' dir='ltr'><strong>gravati</strong></span> <span class='ocrx_word' id='word_1_282' title='bbox 1188 3133 1544 3195; x_wconf 86' lang='lat' dir='ltr'><strong>vulneribus</strong></span> <span class='ocrx_word' id='word_1_283' title='bbox 1569 3139 1946 3195; x_wconf 86' lang='lat' dir='ltr'><strong>corruerunt.</strong></span> <span class='ocrx_word' id='word_1_284' title='bbox 1987 3140 2116 3195; x_wconf 88' lang='lat' dir='ltr'><strong>tum</strong></span> <span class='ocrx_word' id='word_1_285' title='bbox 2136 3132 2338 3209; x_wconf 81' lang='lat' dir='ltr'><strong>prima</strong></span> 
     </span>
     <span class='ocr_line' id='line_1_36' title="bbox 365 3214 2338 3294; baseline 0.001 -17"><span class='ocrx_word' id='word_1_286' title='bbox 365 3221 672 3277; x_wconf 82' lang='lat' dir='ltr'><strong>commota</strong></span> <span class='ocrx_word' id='word_1_287' title='bbox 691 3214 959 3278; x_wconf 86' lang='lat' dir='ltr'><strong>hostium</strong></span> <span class='ocrx_word' id='word_1_288' title='bbox 978 3214 1165 3293; x_wconf 83' lang='lat' dir='ltr'><strong>acies,</strong></span> <span class='ocrx_word' id='word_1_289' title='bbox 1196 3216 1376 3279; x_wconf 87' lang='lat' dir='ltr'><strong>simul</strong></span> <span class='ocrx_word' id='word_1_290' title='bbox 1406 3217 1687 3279; x_wconf 88' lang='lat' dir='ltr'><strong>omnibus</strong></span> <span class='ocrx_word' id='word_1_291' title='bbox 1709 3216 2038 3294; x_wconf 86' lang='lat' dir='ltr'><strong>equitibus,</strong></span> <span class='ocrx_word' id='word_1_292' title='bbox 2066 3225 2135 3280; x_wconf 91' lang='lat' dir='ltr'><strong>ut</strong></span> <span class='ocrx_word' id='word_1_293' title='bbox 2155 3232 2338 3279; x_wconf 82' lang='lat' dir='ltr'><strong>aver·</strong></span> 
     </span>
     <span class='ocr_line' id='line_1_37' title="bbox 364 3299 2336 3378; baseline 0.002 -18"><span class='ocrx_word' id='word_1_294' title='bbox 364 3315 477 3360; x_wconf 90' lang='lat' dir='ltr'><strong>sos</strong></span> <span class='ocrx_word' id='word_1_295' title='bbox 503 3299 721 3361; x_wconf 87' lang='lat' dir='ltr'><strong>videre</strong></span> <span class='ocrx_word' id='word_1_296' title='bbox 761 3299 1155 3377; x_wconf 88' lang='lat' dir='ltr'><strong>elephantos,</strong></span> <span class='ocrx_word' id='word_1_297' title='bbox 1199 3300 1282 3362; x_wconf 87' lang='lat' dir='ltr'><strong>ad</strong></span> <span class='ocrx_word' id='word_1_298' title='bbox 1313 3302 1660 3378; x_wconf 84' lang='lat' dir='ltr'><strong>augendum</strong></span> <span class='ocrx_word' id='word_1_299' title='bbox 1687 3317 1986 3378; x_wconf 83' lang='lat' dir='ltr'><strong>pavorem</strong></span> <span class='ocrx_word' id='word_1_300' title='bbox 2013 3318 2087 3363; x_wconf 87' lang='lat' dir='ltr'><strong>ac</strong></span> <span class='ocrx_word' id='word_1_301' title='bbox 2113 3302 2336 3363; x_wconf 81' lang='lat' dir='ltr'><strong>tumul·</strong></span> 
     </span>
     <span class='ocr_line' id='line_1_38' title="bbox 368 3382 2336 3462; baseline 0.002 -19"><span class='ocrx_word' id='word_1_302' title='bbox 368 3389 497 3443; x_wconf 88' lang='lat' dir='ltr'><strong>tum</strong></span> <span class='ocrx_word' id='word_1_303' title='bbox 540 3382 775 3445; x_wconf 80' lang='lat' dir='ltr'><strong>effusis.</strong></span> <span class='ocrx_word' id='word_1_304' title='bbox 855 3384 973 3447; x_wconf 82' lang='lat' dir='ltr'><strong>sed</strong></span> <span class='ocrx_word' id='word_1_305' title='bbox 1013 3383 1213 3445; x_wconf 89' lang='lat' dir='ltr'><strong>donec</strong></span> <span class='ocrx_word' id='word_1_306' title='bbox 1240 3387 1408 3447; x_wconf 89' lang='lat' dir='ltr'><strong>stetit</strong></span> <span class='ocrx_word' id='word_1_307' title='bbox 1447 3393 1586 3447; x_wconf 87' lang='lat' dir='ltr'><strong>ante</strong></span> <span class='ocrx_word' id='word_1_308' title='bbox 1615 3385 1794 3462; x_wconf 77' lang='lat' dir='ltr'><strong>sig-na</strong></span> <span class='ocrx_word' id='word_1_309' title='bbox 1819 3386 2033 3462; x_wconf 81' lang='lat' dir='ltr'><strong>Mago,</strong></span> <span class='ocrx_word' id='word_1_310' title='bbox 2072 3385 2336 3462; x_wconf 75' lang='lat' dir='ltr'><strong>gradum</strong></span> 
     </span>
     <span class='ocr_line' id='line_1_39' title="bbox 370 3466 2340 3549; baseline 0.003 -24"><span class='ocrx_word' id='word_1_311' title='bbox 370 3466 601 3527; x_wconf 84' lang='lat' dir='ltr'><strong>sensim</strong></span> <span class='ocrx_word' id='word_1_312' title='bbox 630 3468 967 3531; x_wconf 77' lang='lat' dir='ltr'><strong>referentes</strong></span> <span class='ocrx_word' id='word_1_313' title='bbox 1010 3468 1261 3531; x_wconf 85' lang='lat' dir='ltr'><strong>ordines</strong></span> <span class='ocrx_word' id='word_1_314' title='bbox 1305 3476 1366 3531; x_wconf 88' lang='lat' dir='ltr'><strong>et</strong></span> <span class='ocrx_word' id='word_1_315' title='bbox 1392 3476 1665 3549; x_wconf 84' lang='lat' dir='ltr'><strong>tenorem</strong></span> <span class='ocrx_word' id='word_1_316' title='bbox 1696 3486 1941 3547; x_wconf 84' lang='lat' dir='ltr'><strong>pugnae</strong></span> <span class='ocrx_word' id='word_1_317' title='bbox 1969 3468 2340 3543; x_wconf 64' lang='lat' dir='ltr'><strong>servabant2·</strong></span> 
     </span>
    </p>
   </div>
  </div>
 </body>
</html>
