2550 3959
47 3 67 188 ἶ

41 211 50 454 l

578 222 812 282 LIBER
837 222 1078 282 XXVII.
1124 223 1289 283 CAP.
1319 235 1406 284 31.
1437 231 1526 285 32.
1571 231 1646 297 [a.
1681 231 1744 280 C.
1775 229 1903 296 208]
2101 222 2227 286 199

266 374 690 448 rensiAetoliS‚
724 391 883 452 quos
898 376 1237 436 Romanum
1264 391 1512 450 quoque
1533 374 1836 434 adversus
1861 392 1932 434 se
1953 377 2226 437 movisse

263 458 487 519 bellum
526 459 879 520 credebant.
944 459 1202 536 profecti
1232 459 1312 519 ab
1336 461 1552 538 Dymis
1584 458 1910 520 coniuncto
1952 461 2226 521 exercitu

264 549 577 606 transeunt
614 543 891 604 Larisum
934 559 1203 617 amnem,
1248 543 1354 619 qui
1381 544 1579 604 Elium
1620 557 1832 618 agrum
1870 559 1908 602 a
1947 545 2225 620 Dymaeo

266 625 506 688 dirimit.
556 625 794 688 XXXII.
824 627 1086 702 primum
1115 627 1294 700 diem,
1329 643 1454 703 quo
1483 627 1640 686 fines
1670 626 1936 687 hostiurn
1963 628 2226 702 ingressi

266 717 425 784 sunt,
454 710 808 788 populando
838 711 1331 787 absumpserunt.
1375 717 1624 786 postero
1649 709 1748 772 die
1773 712 1907 771 acie
1934 711 2227 771 instructa

264 793 346 854 ad
384 793 594 856 urbem
633 802 1027 856 accesserunt
1052 795 1413 870 praemissis
1442 794 1782 870 equitibuS‚
1829 796 1933 870 qui
1971 794 2226 870 obequi-

262 878 452 938 tando
482 885 831 954 promptum
860 877 939 938 ad
974 879 1376 940 excursiones
1407 894 1604 953 genus
1635 879 2011 939 lacesserent
2037 881 2225 939 Aeto-

262 961 481 1021 lorum.
545 963 907 1038 ignorabant
936 961 1271 1038 Sulpicium
1302 977 1440 1022 cum
1478 961 1827 1036 quindecim
1857 963 2118 1023 navibus
2147 961 2226 1023 ab

258 1043 579 1120 Naupacto
605 1046 894 1124 Cyllenen
924 1045 1259 1118 traiecisse,
1292 1051 1354 1106 et
1381 1045 1681 1122 expositis
1709 1043 1773 1103 in
1801 1052 2024 1106 terram
2054 1053 2225 1121 quat-

259 1133 400 1189 tuor
420 1129 662 1190 milibus
692 1138 1059 1190 armatorum
1080 1129 1325 1191 silentio
1348 1129 1565 1204 noctis,
1596 1145 1674 1188 ne
1697 1130 1975 1204 conspici
2006 1145 2225 1205 agmen

258 1219 497 1289 posset,
537 1214 803 1274 intrasse
829 1213 1004 1272 Elim.
1063 1213 1271 1288 itaque
1301 1213 1637 1290 improvisa
1665 1228 1767 1272 res
1799 1213 2106 1289 ingentem
2135 1216 2225 1274 in-

258 1295 405 1356 iecit
428 1303 754 1372 terrorem,
798 1302 1129 1372 postquam
1156 1297 1313 1357 inter
1339 1299 1610 1359 Aetolos.
1623 1297 1921 1372 Eliosque
1950 1298 2226 1357 Romana

261 1381 443 1455 signa
470 1387 655 1456 atque
684 1395 853 1440 arma
882 1396 1251 1456 cognovere.
1317 1387 1378 1440 et
1406 1381 1601 1457 primo
1630 1381 1907 1456 recipere
1936 1397 2088 1441 suos
2117 1396 2224 1440 vo·

258 1462 457 1523 iuerat
481 1480 623 1535 rex3
670 1463 893 1524 deinde
936 1471 1245 1525 contracto
1275 1464 1398 1524 iam
1436 1465 1593 1524 inter
1620 1465 1876 1525 Aetolos
1907 1471 1970 1525 et
1993 1464 2226 1525 Tralles

257 1577 346 1592 —
370 1546 717 1626 Illyriorum
745 1547 810 1608 id
838 1553 934 1607 est
958 1563 1155 1622 genus
1190 1581 1267 1594 —-
1299 1549 1626 1608 certamine
1657 1563 1794 1608 cum
1823 1549 2026 1623 urgeri
2053 1549 2226 1609 vide-

256 1636 353 1690 ret
380 1645 549 1706 suos,
592 1637 653 1690 et
680 1629 817 1706 ipse
844 1646 955 1690 rex
986 1647 1124 1691 cum
1153 1631 1426 1706 equitatu
1458 1633 1518 1692 in
1553 1631 1866 1691 cohortem
1887 1633 2226 1692 Romanam

257 1713 527 1774 incurrit.
593 1713 676 1773 ibi
717 1729 915 1788 equus
947 1714 1071 1788 pilo
1101 1715 1390 1774 traiectus
1419 1729 1558 1774 cum
1587 1715 1946 1790 prolapsum
1974 1730 2086 1789 per
2125 1730 2225 1774 ca-

257 1803 370 1873 put
395 1813 604 1872 regem
644 1795 995 1872 effudisset,
1035 1803 1213 1856 atrox
1242 1813 1450 1873 pugna
1491 1796 1795 1872 utrimque
1839 1811 2104 1858 accensa
2131 1804 2226 1861 est

258 1887 319 1940 et
349 1879 427 1940 ab
454 1880 747 1941 Romanis
777 1880 1009 1956 impetu
1037 1880 1098 1940 in
1126 1895 1334 1955 regem
1363 1881 1524 1940 racto
1553 1886 1614 1940 et
1642 1880 2100 1956 protegentibus
2129 1897 2222 1941 re-

240 1963 397 2040 giis.
459 1963 718 2040 insignis
747 1970 809 2024 et
838 1963 1034 2039 ipsius
1064 1979 1272 2040 pugna
1303 1963 1430 2040 suit,
1472 1979 1612 2024 cum
1637 1964 1838 2040 pedes
1868 1964 2026 2024 inter
2052 1965 2221 2041 equi-

256 2055 353 2108 tes
397 2055 645 2108 coactus
686 2047 855 2108 esset
891 2049 1194 2123 proelium
1234 2047 1406 2108 inire.
1473 2048 1645 2122 dein,
1691 2065 1829 2108 cum
1870 2048 1988 2108 iam
2029 2049 2224 2124 impar

258 2137 568 2191 certamen
609 2136 808 2206 esset,
853 2131 1265 2206 caderentque
1293 2131 1458 2192 circa
1494 2147 1635 2193 eum
1662 2133 1830 2193 multi
1859 2139 1920 2191 et
1946 2133 2226 2193 vulnera·

256 2221 483 2290 rentur,
512 2221 724 2291 raptus
755 2214 832 2274 ab
862 2215 994 2275 suis
1025 2221 1214 2291 atque
1243 2215 1418 2275 alteri
1445 2231 1605 2292 equo
1634 2217 1892 2276 iniectus
1923 2216 2090 2290 fugit.
2149 2231 2226 2276 eo

259 2295 361 2358 die
388 2303 591 2358 castra
610 2299 881 2375 quinque
901 2298 1069 2362 milia
1089 2314 1388 2374 passuum
1417 2297 1496 2358 ab
1522 2299 1676 2360 urbe
1695 2297 1967 2359 Eliorum
1997 2299 2224 2375 posuit.

256 2387 512 2458 postero
522 2381 622 2443 die
636 2382 717 2441 ad
733 2384 1045 2442 castellum
1062 2381 1398 2458 -Pyrgum
1416 2389 1648 2443 vocant
1663 2415 1730 2426 --
1761 2383 1976 2457 copias
2005 2398 2224 2443 omnes

259 2464 502 2540 eduxit,
549 2480 671 2541 quo
702 2465 1033 2541 agrestium
1060 2465 1502 2525 multitudinem
1531 2479 1669 2525 cum
1700 2465 2030 2540 pecoribus
2059 2473 2227 2539 metu

256 2549 722 2624 populationum
761 2549 1147 2625 compulsam
1186 2548 1480 2608 audierat.
1543 2562 1680 2608 eam
1721 2547 2092 2608 inconditam
2135 2548 2225 2608 in-

255 2645 611 2708 ermemque
650 2632 1089 2694 multitudinem
1131 2631 1329 2708 primo
1373 2631 1572 2693 statim
1611 2637 1846 2692 terrore
1887 2632 2224 2693 adveniens

256 2713 457 2790 cepit;
502 2723 1135 2792 compensaveratque
1176 2731 1253 2776 ea
1277 2716 1515 2791 praeda
1545 2715 1714 2792 quod
1748 2715 2116 2790 ignominiae
2145 2716 2225 2775 ad

251 2797 412 2860 Elim
440 2806 759 2875 acceptum
788 2801 1001 2860 ruerat.
1058 2799 1353 2860 dividenti
1381 2800 1676 2875 praedam
1705 2799 2113 2874 captivosque
2138 2830 2225 2843 —

252 2881 430 2943 fuere
472 2890 673 2944 autem
702 2889 988 2959 quattuor
1026 2883 1190 2944 milia
1217 2883 1580 2958 hominum„
1599 2881 1844 2960 pecoris
1889 2883 2088 2942 omnis
2119 2895 2223 2958 ge·

250 2966 421 3028 neris
452 2967 533 3027 ad
562 2965 728 3028 milia
754 2965 967 3042 viginti
992 2999 1080 3012 -—
1106 2967 1353 3028 nuntius
1383 2983 1462 3028 ex
1490 2966 1856 3028 Macedonia
1885 2967 2052 3027 venit
2069 2965 2223 3026 Ero-

252 3066 401 3126 pum
426 3049 735 3126 quendam
757 3057 1048 3126 corrupto
1071 3051 1232 3111 arcis
1255 3051 1670 3127 praesidiique
1692 3053 2006 3127 praefecto
2020 3050 2222 3128 Lych-

251 3133 468 3196 nidum
510 3134 783 3209 cepisse,
827 3141 1035 3195 tenere
1076 3141 1137 3194 et
1164 3134 1653 3196 Dassaretiorum
1684 3136 1988 3211 quosdam
2025 3135 2221 3209 vicos,

252 3224 319 3279 et
343 3216 670 3278 Dardanos
715 3219 896 3280 etiam
930 3217 1195 3279 concire.
1260 3219 1494 3280 omisso
1523 3219 1705 3294 igitur
1730 3217 2005 3278 Achaico
2035 3218 2219 3291 bello,

249 3301 481 3362 relictis
508 3307 710 3362 tamen
741 3301 984 3364 duobus
1006 3301 1249 3364 milibus
1279 3308 1340 3363 et
1369 3303 1716 3379 quingentis
1748 3301 1947 3362 omnis
1975 3301 2218 3376 generis

250 3393 625 3447 armatorum
654 3401 792 3446 eum
818 3385 1111 3462 Menippo
1142 3392 1203 3446 et
1229 3385 1618 3464 Polyphanta
1645 3385 1905 3446 ducibus
1935 3385 2016 3446 ad
2046 3399 2223 3461 prae-

252 3467 480 3530 sidium
510 3465 835 3544 sociorum,
884 3472 1196 3545 proiectus
1227 3467 1304 3529 ab
1326 3469 1544 3544 Dymis
1571 3485 1686 3546 per
1704 3469 1998 3529 Achaiam
2023 3469 2216 3530 Boeo-
