2550 3959
604 223 835 285 LIBER
862 222 1048 283 XXV.
1095 223 1373 285 CAP.1⁷.
1404 230 1488 286 18.
1533 237 1601 302 [a.
1630 230 1692 283 ο.
1717 228 1846 305 212]
2127 224 2207 289 73

228 378 295 439 in
316 374 457 435 viro
471 379 598 433 tam
622 372 788 432 claro
814 378 875 431 et
894 372 1119 447 insigni
1142 380 1400 435 constat.
1430 375 1661 436 funeris
1681 392 1932 452 quoquc
1947 377 2206 440 Gracchi

232 458 409 519 varia
439 463 537 517 est
566 457 745 515 fama.
812 457 913 517 alii
942 456 1003 515 in
1035 457 1251 517 castris
1282 458 1574 519 Romanis
1606 461 1914 535 sepultum
1941 462 2018 521 ab
2051 462 2202 537 suis,

232 542 337 605 alii
379 542 461 602 ab
489 540 830 601 Hannibale
868 570 955 583 —
984 547 1046 601 et
1072 556 1147 601 ea
1176 542 1479 617 vulgatior
1510 543 1670 603 fama
1699 551 1796 604 est
1819 574 1906 589 --
1943 546 2207 622 tradunt,

230 629 297 687 in
319 624 629 686 vestibulo
645 624 1012 685 Punicorum
1035 632 1373 686 castrorum
1393 643 1609 702 rogum
1639 634 2014 689 exstructum
2045 645 2206 707 esse,

232 715 536 771 armatum
576 710 911 769 exercitum
954 708 1377 771 decucurrisse
1410 726 1546 770 cum
1587 712 1870 787 tripudiis
1900 714 2205 788 Hispano-

232 810 371 856 rum
401 793 793 867 motibusque
828 807 1141 853 armorum
1168 800 1229 853 et
1256 809 1583 871 corporum
1613 812 1764 857 suae
1795 797 2014 873 cuique
2043 798 2204 872 genti

232 878 533 953 adsuetis,
561 878 702 953 ipso
717 876 1055 937 Hannibale
1085 878 1247 938 omni
1270 894 1474 939 rerum
1494 880 1948 957 verborumque
1971 881 2207 942 honore

232 962 572 1039 exsequias
626 961 993 1023 celebrante.
1070 962 1224 1021 haec
1264 962 1508 1023 tradunt
1551 964 1653 1039 qui
1707 964 1769 1025 in
1810 965 2075 1027 Lucanis
2115 966 2205 1026 rei

234 1054 456 1123 gestae
483 1052 767 1107 auctores
798 1051 957 1106 sunt.
1020 1046 1074 1105 si
1106 1046 1243 1122 illis,
1276 1046 1382 1123 qui
1412 1047 1492 1106 ad
1525 1047 1798 1109 Calorem
1828 1047 2084 1110 fluvium
2113 1050 2205 1110 in-

232 1132 557 1191 terfectum
584 1136 943 1205 memorant,
974 1130 1225 1190 credere
1249 1129 1422 1204 velis,
1453 1131 1671 1207 capitis
1700 1139 1928 1193 tantum
1945 1133 2200 1194 Gracchi

232 1216 451 1276 hostes
498 1214 669 1290 potiti
710 1221 880 1275 sunta
933 1230 1012 1275 eo
1044 1214 1247 1275 delato
1281 1214 1362 1273 ad
1390 1214 1820 1291 Hannibalem,
1866 1217 2095 1277 missus
2125 1218 2204 1277 ab

232 1315 311 1362 eo
342 1297 671 1360 confestim
701 1297 1001 1371 Carthalo,
1050 1298 1153 1373 qui
1182 1297 1245 1358 in
1276 1305 1479 1359 castra
1506 1299 1784 1360 Romana
1813 1300 1893 1359 ad
1925 1300 2030 1360 Cn.
2059 1301 2199 1361 Cor-

231 1384 463 1443 nelium
506 1389 896 1457 quaestorem
938 1382 1221 1443 deferret.
1284 1382 1338 1443 is
1369 1384 1553 1443 funus
1595 1384 1978 1459 imperatoris
2008 1384 2070 1443 in
2101 1399 2195 1446 ca-

234 1468 384 1529 stris
416 1464 864 1528 celebrantibus
896 1482 1032 1527 cum
1063 1466 1337 1528 exercitu
1361 1468 1812 1529 Beneventanis
1845 1469 2006 1529 fecit.

404 1551 619 1611 XVIII.
665 1551 963 1611 Consules
988 1566 1197 1625 agrum
1214 1550 1589 1627 Campanum
1613 1551 1876 1627 ingressi
1899 1568 2038 1614 cum
2057 1570 2193 1631 pas·

234 1636 355 1695 sim
379 1634 836 1711 popularentur,
868 1636 1187 1710 eruptione
1210 1636 1664 1711 oppidanorum
1683 1636 2040 1711 etMagonis
2064 1653 2202 1697 cum

232 1720 514 1795 equitatu
554 1719 741 1779 territi
782 1724 843 1778 et
868 1719 1089 1793 trepidi
1120 1720 1200 1778 ad
1229 1719 1408 1793 signa
1447 1720 1665 1779 milites
1695 1720 1936 1794 palatos
1965 1722 2201 1795 passim
2260 1764 2268 1771 .

230 1809 631 1875 revocarunt,
679 1809 737 1863 et
776 1802 1027 1863 vixdum
1065 1802 1358 1863 instructa
1397 1802 1528 1863 acie
1558 1802 1678 1863 fusi
1722 1819 1910 1879 supra
1938 1803 2101 1863 mille
2141 1812 2201 1865 et

234 1888 611 1963 quingentos
642 1887 860 1947 milites
891 1887 1239 1947 amiserunt.
1305 1887 1449 1947 inde
1477 1887 1694 1962 ingens
1725 1887 1956 1947 ferocia
1981 1904 2199 1963 super-

230 1971 351 2031 bae
382 1979 606 2046 suopte
632 1970 878 2047 ingenio
909 1970 1072 2045 genti
1105 1970 1314 2045 crevit,
1359 1972 1690 2047 multisque
1721 1971 1972 2046 proeliis
2002 1972 2199 2031 Iaces-

230 2054 454 2115 sebant
480 2055 828 2133 quanosz
873 2054 988 2115 sed
1027 2054 1382 2115 intentiores
1412 2056 1490 2115 ad
1537 2056 1877 2115 cavendum
1907 2057 2201 2117 consules

228 2154 357 2199 una
385 2154 595 2214 pugna
623 2137 853 2199 fecerat
878 2138 1119 2199 incaute
1149 2145 1334 2215 atque
1360 2140 1703 2200 inconsulte
1731 2139 1894 2200 inita.
1939 2140 2200 2201 restituit

227 2231 437 2283 tamen
464 2222 563 2283 his
592 2222 834 2282 animos
862 2229 921 2281 et
950 2222 1069 2281 illis
1099 2222 1313 2283 minuit
1341 2223 1661 2284 audaciam
1691 2239 1884 2299 parva
1909 2240 2034 2284 una
2061 2240 2163 2284 res
2180 2246 2198 2279 ε

228 2306 435 2368 sedin
457 2305 620 2367 bello
646 2304 791 2365 nihil
814 2312 935 2365 tam
958 2308 1095 2366 leve
1124 2314 1235 2381 est,
1267 2308 1439 2382 quod
1461 2323 1584 2367 non
1608 2323 1864 2383 magnae
1896 2307 2196 2367 interdum

226 2390 321 2451 rei
360 2397 731 2451 momentum
778 2389 978 2450 faciat.
1040 2391 1105 2449 T.
1140 2390 1418 2464 Quinctio
1451 2390 1730 2466 Crispino
1758 2391 1991 2451 Badius
2023 2391 2196 2451 Cam-

228 2490 437 2550 panus
466 2472 703 2549 hospes
734 2480 863 2534 erat
890 2474 1284 2549 perfamiliari
1311 2473 1583 2550 hospitio
1615 2474 1875 2537 iunctus.
1922 2481 2200 2534 creverat

228 2557 654 2634 consuetudo,
700 2558 868 2633 quod
910 2573 1097 2633 aeger
1122 2558 1358 2619 Romae
1397 2558 1564 2633 apud
1595 2557 1936 2633 Crispinum
1964 2557 2198 2617 Badius

228 2648 372 2703 ante
427 2642 831 2702 defectionem
876 2641 1245 2717 Campanam
1300 2641 1629 2704 liberaliter
1681 2642 2052 2717 comiterque
2094 2658 2197 2701 cu·

226 2734 403 2787 ratus
446 2727 660 2787 fuerat.
741 2726 795 2786 is
836 2732 960 2784 tum
998 2724 1231 2786 Badius
1281 2741 1654 2801 progressus
1697 2732 1837 2785 ante
1880 2726 2197 2799 stationeS,

232 2826 399 2885 quae
440 2825 553 2885 pro
599 2814 779 2885 porta
819 2808 1090 2884 stabant,
1132 2810 1344 2869 vocari
1387 2809 1731 2885 Crispinum
1768 2809 1965 2871 iussit.
2029 2809 2198 2884 quod

233 2893 337 2955 ubi
370 2900 469 2954 est
496 2892 777 2969 Crispino
818 2892 1174 2968 nuntiatum,
1216 2900 1386 2955 ratus
1416 2894 1786 2969 colloquium
1822 2893 2084 2970 amicum
2119 2907 2196 2953 ac

234 2976 535 3037 familiare
566 2978 810 3053 quaeri,
857 2983 1139 3038 manente
1167 2978 1464 3038 memoria
1489 2979 1670 3039 etiam
1699 2978 1758 3038 in
1790 2978 2052 3039 discidio
2083 2994 2196 3053 pu‘

228 3060 530 3123 blicorum
553 3061 869 3122 foederum
902 3060 1122 3136 privati
1149 3061 1319 3137 iuriS‚
1349 3062 1598 3139 paulum
1627 3079 1667 3122 a
1695 3062 1914 3123 ceteris
1943 3075 2196 3138 proces-

228 3144 330 3206 sit.
392 3152 721 3221 postquam
762 3144 822 3203 in
866 3151 1265 3220 conspectum
1306 3161 1566 3221 venere,
1609 3161 1924 3223 „provoco
1965 3148 2068 3205 te“
2107 3144 2195 3203 in-

230 3229 367 3305 quit
391 3229 509 3304 „ad
535 3244 818 3305 pugnam,
845 3228 1139 3303 crispine,
1168 3228 1432 3291 Badius=
1466 3230 1954 3291 conscendamus
1979 3242 2195 3302 eqUOS,

228 3313 680 3389 summotisque
720 3312 885 3388 aliis,
939 3318 1072 3373 uter
1110 3312 1272 3373 bello
1313 3314 1530 3373 melior
1569 3313 1678 3387 sit,
1734 3313 2195 3373 decernamus“.

229 3397 311 3457 ad
342 3412 422 3457 ea
445 3396 761 3472 Crispinus
790 3412 905 3457 nec
934 3395 1051 3457 sibi
1084 3396 1310 3457 necilli
1341 3396 1424 3458 ait
1445 3397 1656 3457 hostes
1688 3398 1930 3471 deesse,
1973 3395 2033 3457 in
2065 3394 2184 3470 qui-

230 3480 351 3543 bus
396 3480 677 3543 virtutem
719 3481 1075 3543 ostendant:
1135 3496 1236 3555 se,
1291 3480 1526 3541 etiamsi
1568 3480 1629 3540 in
1672 3480 1806 3541 acie
1847 3479 2190 3541 occurrerit.
