<?xml version="1.0" encoding="UTF-8"?>
<!DOCTYPE html PUBLIC "-//W3C//DTD XHTML 1.0 Transitional//EN"
    "http://www.w3.org/TR/xhtml1/DTD/xhtml1-transitional.dtd">
<html xmlns="http://www.w3.org/1999/xhtml" xml:lang="en" lang="en">
 <head>
  <title>
</title>
<meta http-equiv="Content-Type" content="text/html;charset=utf-8" />
  <meta name='ocr-system' content='tesseract 3.04.00' />
  <meta name='ocr-capabilities' content='ocr_page ocr_carea ocr_par ocr_line ocrx_word'/>
</head>
<body>
  <div class='ocr_page' id='page_1' title='image "./aburbeconditali13livygoog_0221.png"; bbox 0 0 2550 3959; ppageno 0'>
   <div class='ocr_carea' id='block_1_1' title="bbox 368 200 2046 277">
    <p class='ocr_par' dir='ltr' id='par_1_1' title="bbox 368 200 2046 277">
     <span class='ocr_line' id='line_1_1' title="bbox 368 200 2046 277; baseline 0.002 -12"><span class='ocrx_word' id='word_1_1' title='bbox 368 200 493 265; x_wconf 76' lang='lat'><strong>194</strong></span> <span class='ocrx_word' id='word_1_2' title='bbox 645 201 875 263; x_wconf 84' lang='lat' dir='ltr'>LIBER</span> <span class='ocrx_word' id='word_1_3' title='bbox 901 201 1143 262; x_wconf 84' lang='lat' dir='ltr'><strong>XXVII.</strong></span> <span class='ocrx_word' id='word_1_4' title='bbox 1189 203 1355 262; x_wconf 84' lang='lat' dir='ltr'>CAP.</span> <span class='ocrx_word' id='word_1_5' title='bbox 1387 211 1476 266; x_wconf 76' lang='lat'><strong>27.</strong></span> <span class='ocrx_word' id='word_1_6' title='bbox 1507 211 1593 266; x_wconf 80' lang='lat'><strong>28.</strong></span> <span class='ocrx_word' id='word_1_7' title='bbox 1641 210 1713 276; x_wconf 76' lang='lat' dir='ltr'><strong>[a.</strong></span> <span class='ocrx_word' id='word_1_8' title='bbox 1741 211 1810 262; x_wconf 88' lang='lat' dir='ltr'><strong>U.</strong></span> <span class='ocrx_word' id='word_1_9' title='bbox 1842 226 1889 262; x_wconf 72' lang='grc' dir='ltr'><strong>ο.</strong></span> <span class='ocrx_word' id='word_1_10' title='bbox 1919 210 2046 277; x_wconf 79' lang='lat'>544]</span> 
     </span>
    </p>
   </div>
   <div class='ocr_carea' id='block_1_2' title="bbox 340 352 2343 3526">
    <p class='ocr_par' dir='ltr' id='par_1_2' title="bbox 344 352 2341 1001">
     <span class='ocr_line' id='line_1_2' title="bbox 536 352 2339 430; baseline 0.002 -18"><span class='ocrx_word' id='word_1_11' title='bbox 536 353 759 413; x_wconf 85' lang='lat' dir='ltr'><strong>Multos</strong></span> <span class='ocrx_word' id='word_1_12' title='bbox 791 353 955 412; x_wconf 84' lang='lat' dir='ltr'><strong>circa</strong></span> <span class='ocrx_word' id='word_1_13' title='bbox 982 369 1161 414; x_wconf 88' lang='lat' dir='ltr'><strong>unam</strong></span> <span class='ocrx_word' id='word_1_14' title='bbox 1190 368 1320 412; x_wconf 87' lang='lat' dir='ltr'><strong>rem</strong></span> <span class='ocrx_word' id='word_1_15' title='bbox 1349 352 1610 416; x_wconf 76' lang='lat' dir='ltr'><strong>ambitus</strong></span> <span class='ocrx_word' id='word_1_16' title='bbox 1640 353 1904 426; x_wconf 75' lang='lat' dir='ltr'><strong>fecerim,</strong></span> <span class='ocrx_word' id='word_1_17' title='bbox 1944 353 2018 428; x_wconf 90' lang='lat' dir='ltr'><strong>si,</strong></span> <span class='ocrx_word' id='word_1_18' title='bbox 2063 369 2225 430; x_wconf 88' lang='lat' dir='ltr'><strong>quae</strong></span> <span class='ocrx_word' id='word_1_19' title='bbox 2253 354 2339 415; x_wconf 89' lang='lat' dir='ltr'><strong>de</strong></span> 
     </span>
     <span class='ocr_line' id='line_1_3' title="bbox 344 436 2340 512; baseline 0.001 -13"><span class='ocrx_word' id='word_1_20' title='bbox 344 437 635 499; x_wconf 74' lang='lat' dir='ltr'><strong>Marcelli</strong></span> <span class='ocrx_word' id='word_1_21' title='bbox 666 445 860 498; x_wconf 90' lang='lat' dir='ltr'><strong>morte</strong></span> <span class='ocrx_word' id='word_1_22' title='bbox 888 437 1127 496; x_wconf 83' lang='lat' dir='ltr'><strong>variant</strong></span> <span class='ocrx_word' id='word_1_23' title='bbox 1152 445 1456 510; x_wconf 81' lang='lat' dir='ltr'><strong>auctoreS,</strong></span> <span class='ocrx_word' id='word_1_24' title='bbox 1487 438 1692 497; x_wconf 87' lang='lat' dir='ltr'><strong>omnia</strong></span> <span class='ocrx_word' id='word_1_25' title='bbox 1719 436 1978 512; x_wconf 84' lang='lat' dir='ltr'><strong>exsequi</strong></span> <span class='ocrx_word' id='word_1_26' title='bbox 2005 437 2206 498; x_wconf 87' lang='lat' dir='ltr'><strong>velim.</strong></span> <span class='ocrx_word' id='word_1_27' title='bbox 2271 441 2340 500; x_wconf 62' lang='lat' dir='ltr'><strong>tt</strong></span> 
     </span>
     <span class='ocr_line' id='line_1_4' title="bbox 369 520 2337 596; baseline -0.001 -14"><span class='ocrx_word' id='word_1_28' title='bbox 369 522 638 582; x_wconf 83' lang='lat' dir='ltr'><strong>omittam</strong></span> <span class='ocrx_word' id='word_1_29' title='bbox 681 522 868 594; x_wconf 75' lang='lat' dir='ltr'><strong>aliOS,</strong></span> <span class='ocrx_word' id='word_1_30' title='bbox 913 521 1157 581; x_wconf 89' lang='lat' dir='ltr'><strong>Coelius</strong></span> <span class='ocrx_word' id='word_1_31' title='bbox 1186 521 1484 596; x_wconf 79' lang='lat' dir='ltr'><strong>triplicem</strong></span> <span class='ocrx_word' id='word_1_32' title='bbox 1513 529 1726 596; x_wconf 82' lang='lat' dir='ltr'><strong>gestae</strong></span> <span class='ocrx_word' id='word_1_33' title='bbox 1751 521 1840 580; x_wconf 88' lang='lat' dir='ltr'><strong>rei</strong></span> <span class='ocrx_word' id='word_1_34' title='bbox 1870 520 2146 580; x_wconf 83' lang='lat' dir='ltr'><strong>ordinem</strong></span> <span class='ocrx_word' id='word_1_35' title='bbox 2177 521 2337 595; x_wconf 68' lang='lat' dir='ltr'><strong>editt</strong></span> 
     </span>
     <span class='ocr_line' id='line_1_5' title="bbox 369 604 2340 682; baseline 0.001 -17"><span class='ocrx_word' id='word_1_36' title='bbox 369 623 551 666; x_wconf 86' lang='lat' dir='ltr'><strong>unam</strong></span> <span class='ocrx_word' id='word_1_37' title='bbox 574 606 855 665; x_wconf 84' lang='lat' dir='ltr'><strong>traditam</strong></span> <span class='ocrx_word' id='word_1_38' title='bbox 880 605 1058 677; x_wconf 78' lang='lat' dir='ltr'><strong>fama,</strong></span> <span class='ocrx_word' id='word_1_39' title='bbox 1088 605 1344 664; x_wconf 85' lang='lat' dir='ltr'><strong>alteram</strong></span> <span class='ocrx_word' id='word_1_40' title='bbox 1375 605 1663 680; x_wconf 80' lang='lat' dir='ltr'><strong>scriptam</strong></span> <span class='ocrx_word' id='word_1_41' title='bbox 1692 604 2043 666; x_wconf 76' lang='lat' dir='ltr'><strong>laudatione</strong></span> <span class='ocrx_word' id='word_1_42' title='bbox 2071 604 2200 682; x_wconf 85' lang='lat' dir='ltr'><strong>filii,</strong></span> <span class='ocrx_word' id='word_1_43' title='bbox 2231 604 2340 682; x_wconf 83' lang='lat' dir='ltr'><strong>qui</strong></span> 
     </span>
     <span class='ocr_line' id='line_1_6' title="bbox 366 687 2341 774; baseline 0.001 -25"><span class='ocrx_word' id='word_1_44' title='bbox 366 691 455 749; x_wconf 84' lang='lat' dir='ltr'><strong>rei</strong></span> <span class='ocrx_word' id='word_1_45' title='bbox 487 698 699 763; x_wconf 86' lang='lat' dir='ltr'><strong>gestae</strong></span> <span class='ocrx_word' id='word_1_46' title='bbox 728 688 1083 762; x_wconf 74' lang='lat' dir='ltr'><strong>interfuerit,</strong></span> <span class='ocrx_word' id='word_1_47' title='bbox 1128 689 1386 774; x_wconf 81' lang='lat' dir='ltr'><strong>tertiam,</strong></span> <span class='ocrx_word' id='word_1_48' title='bbox 1432 705 1612 764; x_wconf 87' lang='lat' dir='ltr'><strong>quam</strong></span> <span class='ocrx_word' id='word_1_49' title='bbox 1640 690 1778 764; x_wconf 87' lang='lat' dir='ltr'><strong>ipse</strong></span> <span class='ocrx_word' id='word_1_50' title='bbox 1797 703 1912 764; x_wconf 87' lang='lat' dir='ltr'><strong>pro</strong></span> <span class='ocrx_word' id='word_1_51' title='bbox 1941 687 2234 764; x_wconf 84' lang='lat' dir='ltr'><strong>inquisita</strong></span> <span class='ocrx_word' id='word_1_52' title='bbox 2260 705 2341 750; x_wconf 81' lang='lat' dir='ltr'><strong>ac</strong></span> 
     </span>
     <span class='ocr_line' id='line_1_7' title="bbox 369 771 2337 848; baseline 0 -14"><span class='ocrx_word' id='word_1_53' title='bbox 369 773 486 834; x_wconf 87' lang='lat' dir='ltr'><strong>sibi</strong></span> <span class='ocrx_word' id='word_1_54' title='bbox 529 781 845 847; x_wconf 85' lang='lat' dir='ltr'><strong>comperta</strong></span> <span class='ocrx_word' id='word_1_55' title='bbox 883 773 1103 832; x_wconf 78' lang='lat' dir='ltr'><strong>adfert.</strong></span> <span class='ocrx_word' id='word_1_56' title='bbox 1169 781 1437 832; x_wconf 87' lang='lat' dir='ltr'><strong>ceterum</strong></span> <span class='ocrx_word' id='word_1_57' title='bbox 1475 773 1560 834; x_wconf 86' lang='lat' dir='ltr'><strong>ita</strong></span> <span class='ocrx_word' id='word_1_58' title='bbox 1587 773 1748 833; x_wconf 85' lang='lat' dir='ltr'><strong>fama</strong></span> <span class='ocrx_word' id='word_1_59' title='bbox 1779 771 1999 848; x_wconf 79' lang='lat' dir='ltr'><strong>variat,</strong></span> <span class='ocrx_word' id='word_1_60' title='bbox 2039 779 2106 832; x_wconf 87' lang='lat' dir='ltr'><strong>ut</strong></span> <span class='ocrx_word' id='word_1_61' title='bbox 2130 779 2337 834; x_wconf 84' lang='lat' dir='ltr'><strong>tamen</strong></span> 
     </span>
     <span class='ocr_line' id='line_1_8' title="bbox 368 855 2306 933; baseline 0.002 -19"><span class='ocrx_word' id='word_1_62' title='bbox 368 857 647 933; x_wconf 78' lang='lat' dir='ltr'><strong>plerique</strong></span> <span class='ocrx_word' id='word_1_63' title='bbox 662 857 781 916; x_wconf 85' lang='lat' dir='ltr'><strong>loci</strong></span> <span class='ocrx_word' id='word_1_64' title='bbox 804 855 1164 930; x_wconf 85' lang='lat' dir='ltr'><strong>speculandi</strong></span> <span class='ocrx_word' id='word_1_65' title='bbox 1186 872 1380 916; x_wconf 88' lang='lat' dir='ltr'><strong>causa</strong></span> <span class='ocrx_word' id='word_1_66' title='bbox 1401 856 1618 918; x_wconf 88' lang='lat' dir='ltr'><strong>castris</strong></span> <span class='ocrx_word' id='word_1_67' title='bbox 1641 871 1978 932; x_wconf 81' lang='lat' dir='ltr'><strong>egressum,</strong></span> <span class='ocrx_word' id='word_1_68' title='bbox 2005 871 2220 918; x_wconf 88' lang='lat' dir='ltr'><strong>omnes</strong></span> <span class='ocrx_word' id='word_1_69' title='bbox 2243 857 2306 918; x_wconf 87' lang='lat' dir='ltr'><strong>in</strong></span> 
     </span>
     <span class='ocr_line' id='line_1_9' title="bbox 368 941 1344 1001; baseline -0.001 0"><span class='ocrx_word' id='word_1_70' title='bbox 368 941 546 1001; x_wconf 88' lang='lat' dir='ltr'><strong>sidiis</strong></span> <span class='ocrx_word' id='word_1_71' title='bbox 578 942 1053 1000; x_wconf 87' lang='lat' dir='ltr'><strong>circumventum</strong></span> <span class='ocrx_word' id='word_1_72' title='bbox 1081 941 1344 1000; x_wconf 86' lang='lat' dir='ltr'><strong>tradant.</strong></span> 
     </span>
    </p>

    <p class='ocr_par' dir='ltr' id='par_1_3' title="bbox 340 1023 2343 3526">
     <span class='ocr_line' id='line_1_10' title="bbox 536 1023 2339 1098; baseline 0.001 -15"><span class='ocrx_word' id='word_1_73' title='bbox 536 1023 805 1085; x_wconf 83' lang='lat' dir='ltr'><strong>XXvffl.</strong></span> <span class='ocrx_word' id='word_1_74' title='bbox 867 1024 1170 1084; x_wconf 79' lang='lat' dir='ltr'><strong>Hannibal</strong></span> <span class='ocrx_word' id='word_1_75' title='bbox 1198 1039 1486 1098; x_wconf 84' lang='lat' dir='ltr'><strong>magnum</strong></span> <span class='ocrx_word' id='word_1_76' title='bbox 1513 1029 1807 1084; x_wconf 85' lang='lat' dir='ltr'><strong>terrorem</strong></span> <span class='ocrx_word' id='word_1_77' title='bbox 1827 1023 2110 1084; x_wconf 81' lang='lat' dir='ltr'><strong>hostibus</strong></span> <span class='ocrx_word' id='word_1_78' title='bbox 2138 1030 2339 1085; x_wconf 89' lang='lat' dir='ltr'><strong>morte</strong></span> 
     </span>
     <span class='ocr_line' id='line_1_11' title="bbox 371 1106 2339 1182; baseline 0 -14"><span class='ocrx_word' id='word_1_79' title='bbox 371 1109 642 1168; x_wconf 89' lang='lat' dir='ltr'><strong>consulis</strong></span> <span class='ocrx_word' id='word_1_80' title='bbox 666 1109 865 1182; x_wconf 84' lang='lat' dir='ltr'><strong>unius,</strong></span> <span class='ocrx_word' id='word_1_81' title='bbox 895 1108 1147 1170; x_wconf 87' lang='lat' dir='ltr'><strong>vulnere</strong></span> <span class='ocrx_word' id='word_1_82' title='bbox 1169 1107 1418 1168; x_wconf 89' lang='lat' dir='ltr'><strong>alterius</strong></span> <span class='ocrx_word' id='word_1_83' title='bbox 1441 1106 1730 1168; x_wconf 88' lang='lat' dir='ltr'><strong>iniectum</strong></span> <span class='ocrx_word' id='word_1_84' title='bbox 1749 1122 1895 1179; x_wconf 82' lang='lat' dir='ltr'><strong>esse</strong></span> <span class='ocrx_word' id='word_1_85' title='bbox 1909 1114 2100 1180; x_wconf 75' lang='lat' dir='ltr'><strong>ratus,</strong></span> <span class='ocrx_word' id='word_1_86' title='bbox 2131 1122 2211 1168; x_wconf 88' lang='lat' dir='ltr'><strong>ne</strong></span> <span class='ocrx_word' id='word_1_87' title='bbox 2236 1108 2339 1168; x_wconf 87' lang='lat' dir='ltr'><strong>cui</strong></span> 
     </span>
     <span class='ocr_line' id='line_1_12' title="bbox 370 1191 2339 1267; baseline 0 -15"><span class='ocrx_word' id='word_1_88' title='bbox 370 1191 623 1252; x_wconf 83' lang='lat' dir='ltr'><strong>deesset</strong></span> <span class='ocrx_word' id='word_1_89' title='bbox 662 1191 1008 1265; x_wconf 87' lang='lat' dir='ltr'><strong>occasioni,</strong></span> <span class='ocrx_word' id='word_1_90' title='bbox 1055 1200 1259 1256; x_wconf 82' lang='lat' dir='ltr'><strong>eastra</strong></span> <span class='ocrx_word' id='word_1_91' title='bbox 1295 1192 1358 1252; x_wconf 88' lang='lat' dir='ltr'><strong>in</strong></span> <span class='ocrx_word' id='word_1_92' title='bbox 1385 1193 1714 1265; x_wconf 82' lang='lat' dir='ltr'><strong>tumulum,</strong></span> <span class='ocrx_word' id='word_1_93' title='bbox 1756 1192 1818 1250; x_wconf 87' lang='lat' dir='ltr'><strong>in</strong></span> <span class='ocrx_word' id='word_1_94' title='bbox 1850 1207 1972 1265; x_wconf 91' lang='lat' dir='ltr'><strong>quo</strong></span> <span class='ocrx_word' id='word_1_95' title='bbox 2001 1197 2339 1267; x_wconf 78' lang='lat' dir='ltr'><strong>pugnatum</strong></span> 
     </span>
     <span class='ocr_line' id='line_1_13' title="bbox 370 1275 2340 1350; baseline 0.001 -15"><span class='ocrx_word' id='word_1_96' title='bbox 370 1285 529 1349; x_wconf 84' lang='lat' dir='ltr'><strong>erat,</strong></span> <span class='ocrx_word' id='word_1_97' title='bbox 586 1277 895 1350; x_wconf 81' lang='lat' dir='ltr'><strong>extemplo</strong></span> <span class='ocrx_word' id='word_1_98' title='bbox 936 1276 1239 1335; x_wconf 78' lang='lat' dir='ltr'><strong>transfert.</strong></span> <span class='ocrx_word' id='word_1_99' title='bbox 1316 1275 1398 1335; x_wconf 91' lang='lat' dir='ltr'><strong>ibi</strong></span> <span class='ocrx_word' id='word_1_100' title='bbox 1449 1275 1759 1336; x_wconf 85' lang='lat' dir='ltr'><strong>inventum</strong></span> <span class='ocrx_word' id='word_1_101' title='bbox 1795 1275 2068 1335; x_wconf 76' lang='lat' dir='ltr'><strong>Marcelli</strong></span> <span class='ocrx_word' id='word_1_102' title='bbox 2108 1289 2340 1350; x_wconf 87' lang='lat' dir='ltr'><strong>corpus</strong></span> 
     </span>
     <span class='ocr_line' id='line_1_14' title="bbox 371 1359 2332 1435; baseline -0.001 -16"><span class='ocrx_word' id='word_1_103' title='bbox 371 1360 608 1435; x_wconf 90' lang='lat' dir='ltr'><strong>sepelit.</strong></span> <span class='ocrx_word' id='word_1_104' title='bbox 675 1359 1024 1434; x_wconf 84' lang='lat' dir='ltr'><strong>Crispinus,</strong></span> <span class='ocrx_word' id='word_1_105' title='bbox 1069 1366 1131 1418; x_wconf 89' lang='lat' dir='ltr'><strong>et</strong></span> <span class='ocrx_word' id='word_1_106' title='bbox 1157 1367 1352 1420; x_wconf 89' lang='lat' dir='ltr'><strong>morte</strong></span> <span class='ocrx_word' id='word_1_107' title='bbox 1379 1359 1653 1433; x_wconf 79' lang='lat' dir='ltr'><strong>collegae</strong></span> <span class='ocrx_word' id='word_1_108' title='bbox 1693 1365 1754 1418; x_wconf 90' lang='lat' dir='ltr'><strong>et</strong></span> <span class='ocrx_word' id='word_1_109' title='bbox 1781 1373 1896 1418; x_wconf 89' lang='lat' dir='ltr'><strong>suo</strong></span> <span class='ocrx_word' id='word_1_110' title='bbox 1923 1361 2177 1421; x_wconf 88' lang='lat' dir='ltr'><strong>vulnere</strong></span> <span class='ocrx_word' id='word_1_111' title='bbox 2218 1365 2332 1420; x_wconf 60' lang='lat' dir='ltr'><strong>ter*</strong></span> 
     </span>
     <span class='ocr_line' id='line_1_15' title="bbox 371 1442 2336 1518; baseline 0 -16"><span class='ocrx_word' id='word_1_112' title='bbox 371 1444 540 1516; x_wconf 85' lang='lat' dir='ltr'><strong>ritus,</strong></span> <span class='ocrx_word' id='word_1_113' title='bbox 570 1443 812 1503; x_wconf 87' lang='lat' dir='ltr'><strong>silentio</strong></span> <span class='ocrx_word' id='word_1_114' title='bbox 842 1442 1224 1516; x_wconf 86' lang='lat' dir='ltr'><strong>insequentis</strong></span> <span class='ocrx_word' id='word_1_115' title='bbox 1253 1442 1452 1503; x_wconf 83' lang='lat' dir='ltr'><strong>noctis</strong></span> <span class='ocrx_word' id='word_1_116' title='bbox 1477 1443 1807 1518; x_wconf 75' lang='lat' dir='ltr'><strong>profectuS‚</strong></span> <span class='ocrx_word' id='word_1_117' title='bbox 1839 1457 2163 1516; x_wconf 84' lang='lat' dir='ltr'><strong>quosquos</strong></span> <span class='ocrx_word' id='word_1_118' title='bbox 2193 1459 2336 1518; x_wconf 76' lang='lat' dir='ltr'><strong>pro-</strong></span> 
     </span>
     <span class='ocr_line' id='line_1_16' title="bbox 369 1525 2337 1601; baseline -0.001 -14"><span class='ocrx_word' id='word_1_119' title='bbox 369 1529 573 1588; x_wconf 89' lang='lat' dir='ltr'><strong>ximos</strong></span> <span class='ocrx_word' id='word_1_120' title='bbox 603 1535 865 1585; x_wconf 87' lang='lat' dir='ltr'><strong>nanctus</strong></span> <span class='ocrx_word' id='word_1_121' title='bbox 892 1533 990 1586; x_wconf 85' lang='lat' dir='ltr'><strong>est</strong></span> <span class='ocrx_word' id='word_1_122' title='bbox 1011 1532 1269 1597; x_wconf 86' lang='lat' dir='ltr'><strong>montes,</strong></span> <span class='ocrx_word' id='word_1_123' title='bbox 1302 1527 1362 1584; x_wconf 89' lang='lat' dir='ltr'><strong>in</strong></span> <span class='ocrx_word' id='word_1_124' title='bbox 1392 1525 1467 1588; x_wconf 89' lang='lat' dir='ltr'><strong>iis</strong></span> <span class='ocrx_word' id='word_1_125' title='bbox 1494 1527 1634 1587; x_wconf 88' lang='lat' dir='ltr'><strong>loco</strong></span> <span class='ocrx_word' id='word_1_126' title='bbox 1668 1525 1790 1586; x_wconf 86' lang='lat' dir='ltr'><strong>alto</strong></span> <span class='ocrx_word' id='word_1_127' title='bbox 1823 1532 1882 1584; x_wconf 87' lang='lat' dir='ltr'><strong>et</strong></span> <span class='ocrx_word' id='word_1_128' title='bbox 1901 1532 2028 1586; x_wconf 87' lang='lat' dir='ltr'><strong>tuto</strong></span> <span class='ocrx_word' id='word_1_129' title='bbox 2058 1525 2337 1601; x_wconf 84' lang='lat' dir='ltr'><strong>undique</strong></span> 
     </span>
     <span class='ocr_line' id='line_1_17' title="bbox 372 1609 2343 1685; baseline 0.001 -16"><span class='ocrx_word' id='word_1_130' title='bbox 372 1617 575 1670; x_wconf 88' lang='lat' dir='ltr'><strong>castra</strong></span> <span class='ocrx_word' id='word_1_131' title='bbox 614 1610 839 1685; x_wconf 88' lang='lat' dir='ltr'><strong>posuit.</strong></span> <span class='ocrx_word' id='word_1_132' title='bbox 915 1609 999 1668; x_wconf 87' lang='lat' dir='ltr'><strong>ibi</strong></span> <span class='ocrx_word' id='word_1_133' title='bbox 1042 1609 1165 1668; x_wconf 90' lang='lat' dir='ltr'><strong>duo</strong></span> <span class='ocrx_word' id='word_1_134' title='bbox 1210 1611 1402 1670; x_wconf 85' lang='lat' dir='ltr'><strong>duces</strong></span> <span class='ocrx_word' id='word_1_135' title='bbox 1437 1609 1741 1684; x_wconf 77' lang='lat' dir='ltr'><strong>sagaciter</strong></span> <span class='ocrx_word' id='word_1_136' title='bbox 1781 1609 1928 1670; x_wconf 89' lang='lat' dir='ltr'><strong>moti</strong></span> <span class='ocrx_word' id='word_1_137' title='bbox 1969 1616 2141 1684; x_wconf 89' lang='lat' dir='ltr'><strong>sunt,</strong></span> <span class='ocrx_word' id='word_1_138' title='bbox 2184 1609 2343 1670; x_wconf 86' lang='lat' dir='ltr'><strong>alter</strong></span> 
     </span>
     <span class='ocr_line' id='line_1_18' title="bbox 368 1691 2340 1767; baseline 0 -17"><span class='ocrx_word' id='word_1_139' title='bbox 368 1692 447 1751; x_wconf 88' lang='lat' dir='ltr'><strong>ad</strong></span> <span class='ocrx_word' id='word_1_140' title='bbox 478 1693 879 1767; x_wconf 77' lang='lat' dir='ltr'><strong>inferendam,</strong></span> <span class='ocrx_word' id='word_1_141' title='bbox 929 1695 1085 1752; x_wconf 77' lang='lat' dir='ltr'><strong>alter</strong></span> <span class='ocrx_word' id='word_1_142' title='bbox 1110 1693 1199 1752; x_wconf 78' lang='lat' dir='ltr'><strong>ad</strong></span> <span class='ocrx_word' id='word_1_143' title='bbox 1222 1693 1552 1752; x_wconf 77' lang='lat' dir='ltr'><strong>cavendam</strong></span> <span class='ocrx_word' id='word_1_144' title='bbox 1591 1693 1890 1753; x_wconf 76' lang='lat' dir='ltr'><strong>fraudem.</strong></span> <span class='ocrx_word' id='word_1_145' title='bbox 1951 1693 2150 1752; x_wconf 88' lang='lat' dir='ltr'><strong>anulis</strong></span> <span class='ocrx_word' id='word_1_146' title='bbox 2173 1691 2340 1752; x_wconf 87' lang='lat' dir='ltr'><strong>Mar·</strong></span> 
     </span>
     <span class='ocr_line' id='line_1_19' title="bbox 372 1775 2340 1850; baseline 0.001 -15"><span class='ocrx_word' id='word_1_147' title='bbox 372 1777 509 1836; x_wconf 89' lang='lat' dir='ltr'><strong>celli</strong></span> <span class='ocrx_word' id='word_1_148' title='bbox 538 1776 719 1836; x_wconf 89' lang='lat' dir='ltr'><strong>simul</strong></span> <span class='ocrx_word' id='word_1_149' title='bbox 748 1791 889 1836; x_wconf 89' lang='lat' dir='ltr'><strong>cum</strong></span> <span class='ocrx_word' id='word_1_150' title='bbox 918 1791 1181 1850; x_wconf 88' lang='lat' dir='ltr'><strong>corpore</strong></span> <span class='ocrx_word' id='word_1_151' title='bbox 1208 1775 1512 1835; x_wconf 82' lang='lat' dir='ltr'><strong>Hannibal</strong></span> <span class='ocrx_word' id='word_1_152' title='bbox 1541 1775 1770 1849; x_wconf 86' lang='lat' dir='ltr'><strong>potitus</strong></span> <span class='ocrx_word' id='word_1_153' title='bbox 1801 1781 1948 1834; x_wconf 87' lang='lat' dir='ltr'><strong>erat.</strong></span> <span class='ocrx_word' id='word_1_154' title='bbox 2011 1775 2144 1836; x_wconf 89' lang='lat' dir='ltr'><strong>eius</strong></span> <span class='ocrx_word' id='word_1_155' title='bbox 2175 1775 2340 1850; x_wconf 85' lang='lat' dir='ltr'><strong>signi</strong></span> 
     </span>
     <span class='ocr_line' id='line_1_20' title="bbox 371 1857 2338 1934; baseline -0.001 -15"><span class='ocrx_word' id='word_1_156' title='bbox 371 1875 581 1920; x_wconf 83' lang='lat' dir='ltr'><strong>errore</strong></span> <span class='ocrx_word' id='word_1_157' title='bbox 609 1875 687 1920; x_wconf 89' lang='lat' dir='ltr'><strong>ne</strong></span> <span class='ocrx_word' id='word_1_158' title='bbox 714 1859 830 1923; x_wconf 60' lang='lat' dir='ltr'><strong>cui„</strong></span> <span class='ocrx_word' id='word_1_159' title='bbox 856 1858 1037 1919; x_wconf 90' lang='lat' dir='ltr'><strong>dolus</strong></span> <span class='ocrx_word' id='word_1_160' title='bbox 1068 1865 1411 1918; x_wconf 85' lang='lat' dir='ltr'><strong>necteretur</strong></span> <span class='ocrx_word' id='word_1_161' title='bbox 1446 1874 1484 1918; x_wconf 88' lang='lat' dir='ltr'><strong>a</strong></span> <span class='ocrx_word' id='word_1_162' title='bbox 1511 1857 1722 1917; x_wconf 88' lang='lat' dir='ltr'><strong>Poeno</strong></span> <span class='ocrx_word' id='word_1_163' title='bbox 1753 1863 2063 1933; x_wconf 81' lang='lat' dir='ltr'><strong>metuenS‚</strong></span> <span class='ocrx_word' id='word_1_164' title='bbox 2111 1858 2338 1934; x_wconf 84' lang='lat' dir='ltr'><strong>Crispi-</strong></span> 
     </span>
     <span class='ocr_line' id='line_1_21' title="bbox 340 1940 2340 2016; baseline -0.001 -13"><span class='ocrx_word' id='word_1_165' title='bbox 340 1949 343 1952; x_wconf 86' lang='grc'><strong>’</strong></span> <span class='ocrx_word' id='word_1_166' title='bbox 372 1961 489 2003; x_wconf 85' lang='lat' dir='ltr'><strong>nus</strong></span> <span class='ocrx_word' id='word_1_167' title='bbox 512 1944 677 2003; x_wconf 87' lang='lat' dir='ltr'><strong>circa</strong></span> <span class='ocrx_word' id='word_1_168' title='bbox 704 1943 983 2002; x_wconf 79' lang='lat' dir='ltr'><strong>civitates</strong></span> <span class='ocrx_word' id='word_1_169' title='bbox 1006 1943 1320 2016; x_wconf 88' lang='lat' dir='ltr'><strong>proximas</strong></span> <span class='ocrx_word' id='word_1_170' title='bbox 1343 1941 1592 2005; x_wconf 81' lang='lat' dir='ltr'><strong>miserat</strong></span> <span class='ocrx_word' id='word_1_171' title='bbox 1617 1940 1881 2014; x_wconf 80' lang='lat' dir='ltr'><strong>nuntiOS‚</strong></span> <span class='ocrx_word' id='word_1_172' title='bbox 1915 1941 2185 2004; x_wconf 89' lang='lat' dir='ltr'><strong>occisum</strong></span> <span class='ocrx_word' id='word_1_173' title='bbox 2209 1942 2340 2002; x_wconf 79' lang='lat' dir='ltr'><strong>col-</strong></span> 
     </span>
     <span class='ocr_line' id='line_1_22' title="bbox 370 2025 2339 2102; baseline 0 -16"><span class='ocrx_word' id='word_1_174' title='bbox 370 2029 571 2100; x_wconf 83' lang='lat' dir='ltr'><strong>legam</strong></span> <span class='ocrx_word' id='word_1_175' title='bbox 620 2039 764 2085; x_wconf 89' lang='lat' dir='ltr'><strong>esse</strong></span> <span class='ocrx_word' id='word_1_176' title='bbox 814 2026 1137 2099; x_wconf 81' lang='lat' dir='ltr'><strong>anulisque</strong></span> <span class='ocrx_word' id='word_1_177' title='bbox 1186 2026 1322 2086; x_wconf 89' lang='lat' dir='ltr'><strong>eius</strong></span> <span class='ocrx_word' id='word_1_178' title='bbox 1363 2025 1608 2087; x_wconf 86' lang='lat' dir='ltr'><strong>hostem</strong></span> <span class='ocrx_word' id='word_1_179' title='bbox 1648 2025 1934 2102; x_wconf 79' lang='lat' dir='ltr'><strong>potitum:</strong></span> <span class='ocrx_word' id='word_1_180' title='bbox 1991 2041 2070 2084; x_wconf 93' lang='lat' dir='ltr'><strong>ne</strong></span> <span class='ocrx_word' id='word_1_181' title='bbox 2110 2025 2339 2100; x_wconf 89' lang='lat' dir='ltr'><strong>quibus</strong></span> 
     </span>
     <span class='ocr_line' id='line_1_23' title="bbox 372 2109 2341 2185; baseline 0.001 -16"><span class='ocrx_word' id='word_1_182' title='bbox 372 2111 583 2176; x_wconf 82' lang='lat' dir='ltr'><strong>litteris</strong></span> <span class='ocrx_word' id='word_1_183' title='bbox 613 2109 933 2168; x_wconf 84' lang='lat' dir='ltr'><strong>crederent</strong></span> <span class='ocrx_word' id='word_1_184' title='bbox 962 2109 1208 2168; x_wconf 88' lang='lat' dir='ltr'><strong>nomine</strong></span> <span class='ocrx_word' id='word_1_185' title='bbox 1235 2109 1506 2170; x_wconf 86' lang='lat' dir='ltr'><strong>Marcelli</strong></span> <span class='ocrx_word' id='word_1_186' title='bbox 1535 2109 1914 2185; x_wconf 85' lang='lat' dir='ltr'><strong>compositis.</strong></span> <span class='ocrx_word' id='word_1_187' title='bbox 1981 2109 2163 2184; x_wconf 86' lang='lat' dir='ltr'><strong>paulo</strong></span> <span class='ocrx_word' id='word_1_188' title='bbox 2193 2116 2341 2170; x_wconf 88' lang='lat' dir='ltr'><strong>ante</strong></span> 
     </span>
     <span class='ocr_line' id='line_1_24' title="bbox 371 2192 2338 2269; baseline 0.001 -17"><span class='ocrx_word' id='word_1_189' title='bbox 371 2193 471 2252; x_wconf 89' lang='lat' dir='ltr'><strong>hic</strong></span> <span class='ocrx_word' id='word_1_190' title='bbox 512 2193 757 2254; x_wconf 85' lang='lat' dir='ltr'><strong>nuntius</strong></span> <span class='ocrx_word' id='word_1_191' title='bbox 800 2193 1073 2254; x_wconf 84' lang='lat' dir='ltr'><strong>consulis</strong></span> <span class='ocrx_word' id='word_1_192' title='bbox 1116 2192 1428 2267; x_wconf 82' lang='lat' dir='ltr'><strong>Salapiam</strong></span> <span class='ocrx_word' id='word_1_193' title='bbox 1470 2200 1752 2269; x_wconf 86' lang='lat' dir='ltr'><strong>venerat,</strong></span> <span class='ocrx_word' id='word_1_194' title='bbox 1804 2209 1943 2252; x_wconf 89' lang='lat' dir='ltr'><strong>eum</strong></span> <span class='ocrx_word' id='word_1_195' title='bbox 1982 2193 2218 2254; x_wconf 84' lang='lat' dir='ltr'><strong>litterae</strong></span> <span class='ocrx_word' id='word_1_196' title='bbox 2255 2193 2338 2254; x_wconf 84' lang='lat' dir='ltr'><strong>ab</strong></span> 
     </span>
     <span class='ocr_line' id='line_1_25' title="bbox 374 2276 2342 2352; baseline 0.001 -17"><span class='ocrx_word' id='word_1_197' title='bbox 374 2277 709 2338; x_wconf 88' lang='lat' dir='ltr'><strong>Hannibale</strong></span> <span class='ocrx_word' id='word_1_198' title='bbox 751 2277 991 2344; x_wconf 80' lang='lat' dir='ltr'><strong>adlatae</strong></span> <span class='ocrx_word' id='word_1_199' title='bbox 1034 2284 1177 2336; x_wconf 89' lang='lat' dir='ltr'><strong>sunt</strong></span> <span class='ocrx_word' id='word_1_200' title='bbox 1207 2277 1480 2338; x_wconf 86' lang='lat' dir='ltr'><strong>Marcelli</strong></span> <span class='ocrx_word' id='word_1_201' title='bbox 1521 2276 1768 2336; x_wconf 89' lang='lat' dir='ltr'><strong>nomine</strong></span> <span class='ocrx_word' id='word_1_202' title='bbox 1810 2277 2219 2352; x_wconf 60' lang='lat' dir='ltr'><strong>compositam</strong></span> <span class='ocrx_word' id='word_1_203' title='bbox 2265 2293 2342 2338; x_wconf 88' lang='lat' dir='ltr'><strong>se</strong></span> 
     </span>
     <span class='ocr_line' id='line_1_26' title="bbox 373 2359 2337 2436; baseline -0.002 -16"><span class='ocrx_word' id='word_1_204' title='bbox 373 2369 557 2421; x_wconf 85' lang='lat' dir='ltr'><strong>nocte</strong></span> <span class='ocrx_word' id='word_1_205' title='bbox 581 2377 742 2436; x_wconf 82' lang='lat' dir='ltr'><strong>quae</strong></span> <span class='ocrx_word' id='word_1_206' title='bbox 766 2361 926 2420; x_wconf 90' lang='lat' dir='ltr'><strong>diem</strong></span> <span class='ocrx_word' id='word_1_207' title='bbox 956 2360 1124 2420; x_wconf 89' lang='lat' dir='ltr'><strong>illum</strong></span> <span class='ocrx_word' id='word_1_208' title='bbox 1146 2368 1436 2422; x_wconf 81' lang='lat' dir='ltr'><strong>secutura</strong></span> <span class='ocrx_word' id='word_1_209' title='bbox 1464 2366 1633 2420; x_wconf 90' lang='lat' dir='ltr'><strong>esset</strong></span> <span class='ocrx_word' id='word_1_210' title='bbox 1651 2359 1963 2436; x_wconf 82' lang='lat' dir='ltr'><strong>Salapiam</strong></span> <span class='ocrx_word' id='word_1_211' title='bbox 1984 2367 2337 2422; x_wconf 78' lang='lat' dir='ltr'><strong>venturum=</strong></span> 
     </span>
     <span class='ocr_line' id='line_1_27' title="bbox 371 2443 2342 2520; baseline -0.001 -16"><span class='ocrx_word' id='word_1_212' title='bbox 371 2445 579 2505; x_wconf 89' lang='lat' dir='ltr'><strong>intenti</strong></span> <span class='ocrx_word' id='word_1_213' title='bbox 608 2445 828 2506; x_wconf 89' lang='lat' dir='ltr'><strong>milites</strong></span> <span class='ocrx_word' id='word_1_214' title='bbox 858 2452 1085 2518; x_wconf 85' lang='lat' dir='ltr'><strong>essent,</strong></span> <span class='ocrx_word' id='word_1_215' title='bbox 1120 2445 1223 2517; x_wconf 85' lang='lat' dir='ltr'><strong>qui</strong></span> <span class='ocrx_word' id='word_1_216' title='bbox 1250 2445 1313 2504; x_wconf 89' lang='lat' dir='ltr'><strong>in</strong></span> <span class='ocrx_word' id='word_1_217' title='bbox 1345 2443 1656 2519; x_wconf 86' lang='lat' dir='ltr'><strong>pracsidio</strong></span> <span class='ocrx_word' id='word_1_218' title='bbox 1687 2449 1875 2519; x_wconf 89' lang='lat' dir='ltr'><strong>erant,</strong></span> <span class='ocrx_word' id='word_1_219' title='bbox 1907 2443 1959 2504; x_wconf 90' lang='lat' dir='ltr'><strong>si</strong></span> <span class='ocrx_word' id='word_1_220' title='bbox 1993 2459 2114 2519; x_wconf 88' lang='lat' dir='ltr'><strong>quo</strong></span> <span class='ocrx_word' id='word_1_221' title='bbox 2145 2458 2342 2520; x_wconf 86' lang='lat' dir='ltr'><strong>opera</strong></span> 
     </span>
     <span class='ocr_line' id='line_1_28' title="bbox 374 2527 2340 2604; baseline 0 -16"><span class='ocrx_word' id='word_1_222' title='bbox 374 2545 585 2589; x_wconf 89' lang='lat' dir='ltr'><strong>eorum</strong></span> <span class='ocrx_word' id='word_1_223' title='bbox 617 2545 777 2604; x_wconf 88' lang='lat' dir='ltr'><strong>opus</strong></span> <span class='ocrx_word' id='word_1_224' title='bbox 806 2536 992 2588; x_wconf 86' lang='lat' dir='ltr'><strong>esset.</strong></span> <span class='ocrx_word' id='word_1_225' title='bbox 1056 2543 1312 2588; x_wconf 87' lang='lat' dir='ltr'><strong>sensere</strong></span> <span class='ocrx_word' id='word_1_226' title='bbox 1341 2527 1678 2603; x_wconf 86' lang='lat' dir='ltr'><strong>Salapitani</strong></span> <span class='ocrx_word' id='word_1_227' title='bbox 1707 2528 2002 2601; x_wconf 81' lang='lat' dir='ltr'><strong>fraudem,</strong></span> <span class='ocrx_word' id='word_1_228' title='bbox 2049 2535 2110 2590; x_wconf 91' lang='lat' dir='ltr'><strong>et</strong></span> <span class='ocrx_word' id='word_1_229' title='bbox 2137 2527 2213 2588; x_wconf 87' lang='lat' dir='ltr'><strong>ab</strong></span> <span class='ocrx_word' id='word_1_230' title='bbox 2243 2527 2340 2588; x_wconf 86' lang='lat' dir='ltr'><strong>ira</strong></span> 
     </span>
     <span class='ocr_line' id='line_1_29' title="bbox 373 2611 2340 2686; baseline 0 -14"><span class='ocrx_word' id='word_1_231' title='bbox 373 2629 495 2673; x_wconf 91' lang='lat' dir='ltr'><strong>non</strong></span> <span class='ocrx_word' id='word_1_232' title='bbox 539 2613 902 2672; x_wconf 76' lang='lat' dir='ltr'><strong>defectionis</strong></span> <span class='ocrx_word' id='word_1_233' title='bbox 944 2612 1131 2671; x_wconf 91' lang='lat' dir='ltr'><strong>modo</strong></span> <span class='ocrx_word' id='word_1_234' title='bbox 1174 2611 1290 2672; x_wconf 89' lang='lat' dir='ltr'><strong>sed</strong></span> <span class='ocrx_word' id='word_1_235' title='bbox 1333 2613 1515 2672; x_wconf 86' lang='lat' dir='ltr'><strong>etiam</strong></span> <span class='ocrx_word' id='word_1_236' title='bbox 1553 2611 1828 2686; x_wconf 83' lang='lat' dir='ltr'><strong>equitum</strong></span> <span class='ocrx_word' id='word_1_237' title='bbox 1881 2611 2340 2672; x_wconf 78' lang='lat' dir='ltr'><strong>interfectorum</strong></span> 
     </span>
     <span class='ocr_line' id='line_1_30' title="bbox 371 2694 2338 2770; baseline -0.001 -14"><span class='ocrx_word' id='word_1_238' title='bbox 371 2697 485 2756; x_wconf 88' lang='lat' dir='ltr'><strong>rati</strong></span> <span class='ocrx_word' id='word_1_239' title='bbox 512 2697 905 2756; x_wconf 86' lang='lat' dir='ltr'><strong>occasionem</strong></span> <span class='ocrx_word' id='word_1_240' title='bbox 929 2694 1215 2770; x_wconf 86' lang='lat' dir='ltr'><strong>supplicii</strong></span> <span class='ocrx_word' id='word_1_241' title='bbox 1236 2695 1383 2770; x_wconf 85' lang='lat' dir='ltr'><strong>peti,</strong></span> <span class='ocrx_word' id='word_1_242' title='bbox 1407 2695 1670 2758; x_wconf 90' lang='lat' dir='ltr'><strong>remisso</strong></span> <span class='ocrx_word' id='word_1_243' title='bbox 1689 2702 1854 2756; x_wconf 87' lang='lat' dir='ltr'><strong>retro</strong></span> <span class='ocrx_word' id='word_1_244' title='bbox 1878 2695 2088 2756; x_wconf 89' lang='lat' dir='ltr'><strong>nuntio</strong></span> <span class='ocrx_word' id='word_1_245' title='bbox 2106 2727 2180 2740; x_wconf 91' lang='lat'>—</span> <span class='ocrx_word' id='word_1_246' title='bbox 2197 2710 2338 2770; x_wconf 87' lang='lat' dir='ltr'><strong>per-</strong></span> 
     </span>
     <span class='ocr_line' id='line_1_31' title="bbox 371 2779 2340 2855; baseline 0 -15"><span class='ocrx_word' id='word_1_247' title='bbox 371 2781 513 2855; x_wconf 81' lang='lat' dir='ltr'><strong>fuga</strong></span> <span class='ocrx_word' id='word_1_248' title='bbox 544 2788 745 2840; x_wconf 88' lang='lat' dir='ltr'><strong>autem</strong></span> <span class='ocrx_word' id='word_1_249' title='bbox 758 2780 1073 2839; x_wconf 90' lang='lat' dir='ltr'><strong>Romanus</strong></span> <span class='ocrx_word' id='word_1_250' title='bbox 1102 2786 1233 2839; x_wconf 89' lang='lat' dir='ltr'><strong>erat</strong></span> <span class='ocrx_word' id='word_1_251' title='bbox 1254 2813 1356 2853; x_wconf 86' lang='lat'><strong>-,</strong></span> <span class='ocrx_word' id='word_1_252' title='bbox 1399 2788 1463 2840; x_wconf 92' lang='lat' dir='ltr'><strong>ut</strong></span> <span class='ocrx_word' id='word_1_253' title='bbox 1491 2780 1626 2840; x_wconf 89' lang='lat' dir='ltr'><strong>sine</strong></span> <span class='ocrx_word' id='word_1_254' title='bbox 1655 2779 1902 2840; x_wconf 87' lang='lat' dir='ltr'><strong>arbitrio</strong></span> <span class='ocrx_word' id='word_1_255' title='bbox 1931 2780 2154 2841; x_wconf 91' lang='lat' dir='ltr'><strong>milites</strong></span> <span class='ocrx_word' id='word_1_256' title='bbox 2175 2793 2340 2854; x_wconf 88' lang='lat' dir='ltr'><strong>quae</strong></span> 
     </span>
     <span class='ocr_line' id='line_1_32' title="bbox 372 2864 2341 2940; baseline -0.001 -17"><span class='ocrx_word' id='word_1_257' title='bbox 372 2866 599 2924; x_wconf 88' lang='lat' dir='ltr'><strong>vellent</strong></span> <span class='ocrx_word' id='word_1_258' title='bbox 621 2873 889 2937; x_wconf 84' lang='lat' dir='ltr'><strong>agerent,</strong></span> <span class='ocrx_word' id='word_1_259' title='bbox 921 2864 1270 2938; x_wconf 87' lang='lat' dir='ltr'><strong>oppidanos</strong></span> <span class='ocrx_word' id='word_1_260' title='bbox 1295 2877 1408 2938; x_wconf 91' lang='lat' dir='ltr'><strong>per</strong></span> <span class='ocrx_word' id='word_1_261' title='bbox 1428 2879 1638 2924; x_wconf 89' lang='lat' dir='ltr'><strong>muros</strong></span> <span class='ocrx_word' id='word_1_262' title='bbox 1661 2864 1958 2940; x_wconf 90' lang='lat' dir='ltr'><strong>urbisque</strong></span> <span class='ocrx_word' id='word_1_263' title='bbox 1987 2869 2341 2940; x_wconf 85' lang='lat' dir='ltr'><strong>opportuna</strong></span> 
     </span>
     <span class='ocr_line' id='line_1_33' title="bbox 369 2945 2339 3022; baseline 0.001 -16"><span class='ocrx_word' id='word_1_264' title='bbox 369 2949 510 3006; x_wconf 85' lang='lat' dir='ltr'><strong>loca</strong></span> <span class='ocrx_word' id='word_1_265' title='bbox 528 2947 590 3006; x_wconf 92' lang='lat' dir='ltr'><strong>in</strong></span> <span class='ocrx_word' id='word_1_266' title='bbox 612 2945 976 3006; x_wconf 86' lang='lat' dir='ltr'><strong>stationibus</strong></span> <span class='ocrx_word' id='word_1_267' title='bbox 1001 2947 1354 3020; x_wconf 86' lang='lat' dir='ltr'><strong>disponunt,</strong></span> <span class='ocrx_word' id='word_1_268' title='bbox 1385 2947 1702 3008; x_wconf 82' lang='lat' dir='ltr'><strong>custodias</strong></span> <span class='ocrx_word' id='word_1_269' title='bbox 1726 2947 2090 3022; x_wconf 87' lang='lat' dir='ltr'><strong>vigiliasque</strong></span> <span class='ocrx_word' id='word_1_270' title='bbox 2111 2947 2176 3008; x_wconf 89' lang='lat' dir='ltr'><strong>in</strong></span> <span class='ocrx_word' id='word_1_271' title='bbox 2197 2962 2339 3008; x_wconf 87' lang='lat' dir='ltr'><strong>eam</strong></span> 
     </span>
     <span class='ocr_line' id='line_1_34' title="bbox 370 3029 2338 3106; baseline 0.001 -16"><span class='ocrx_word' id='word_1_272' title='bbox 370 3037 609 3090; x_wconf 87' lang='lat' dir='ltr'><strong>noctem</strong></span> <span class='ocrx_word' id='word_1_273' title='bbox 650 3029 936 3090; x_wconf 87' lang='lat' dir='ltr'><strong>intentius</strong></span> <span class='ocrx_word' id='word_1_274' title='bbox 977 3038 1309 3104; x_wconf 81' lang='lat' dir='ltr'><strong>instruunt,</strong></span> <span class='ocrx_word' id='word_1_275' title='bbox 1355 3032 1520 3092; x_wconf 89' lang='lat' dir='ltr'><strong>circa</strong></span> <span class='ocrx_word' id='word_1_276' title='bbox 1547 3037 1816 3106; x_wconf 83' lang='lat' dir='ltr'><strong>portam,</strong></span> <span class='ocrx_word' id='word_1_277' title='bbox 1863 3047 1990 3106; x_wconf 86' lang='lat' dir='ltr'><strong>qua</strong></span> <span class='ocrx_word' id='word_1_278' title='bbox 2014 3036 2338 3092; x_wconf 85' lang='lat' dir='ltr'><strong>venturum</strong></span> 
     </span>
     <span class='ocr_line' id='line_1_35' title="bbox 369 3113 2339 3191; baseline 0 -17"><span class='ocrx_word' id='word_1_279' title='bbox 369 3113 611 3174; x_wconf 88' lang='lat' dir='ltr'><strong>hostem</strong></span> <span class='ocrx_word' id='word_1_280' title='bbox 650 3114 969 3186; x_wconf 86' lang='lat' dir='ltr'><strong>rebantur,</strong></span> <span class='ocrx_word' id='word_1_281' title='bbox 1022 3116 1192 3189; x_wconf 89' lang='lat' dir='ltr'><strong>quod</strong></span> <span class='ocrx_word' id='word_1_282' title='bbox 1232 3114 1477 3174; x_wconf 85' lang='lat' dir='ltr'><strong>roboris</strong></span> <span class='ocrx_word' id='word_1_283' title='bbox 1517 3115 1582 3176; x_wconf 91' lang='lat' dir='ltr'><strong>in</strong></span> <span class='ocrx_word' id='word_1_284' title='bbox 1622 3114 1933 3191; x_wconf 86' lang='lat' dir='ltr'><strong>praesidio</strong></span> <span class='ocrx_word' id='word_1_285' title='bbox 1967 3120 2098 3175; x_wconf 89' lang='lat' dir='ltr'><strong>erat</strong></span> <span class='ocrx_word' id='word_1_286' title='bbox 2137 3129 2339 3190; x_wconf 89' lang='lat' dir='ltr'><strong>oppo-</strong></span> 
     </span>
     <span class='ocr_line' id='line_1_36' title="bbox 368 3197 2339 3273; baseline 0.002 -16"><span class='ocrx_word' id='word_1_287' title='bbox 368 3207 537 3259; x_wconf 88' lang='lat' dir='ltr'><strong>nunt.</strong></span> <span class='ocrx_word' id='word_1_288' title='bbox 604 3197 903 3258; x_wconf 87' lang='lat' dir='ltr'><strong>Hannibal</strong></span> <span class='ocrx_word' id='word_1_289' title='bbox 950 3207 1167 3273; x_wconf 88' lang='lat' dir='ltr'><strong>quarta</strong></span> <span class='ocrx_word' id='word_1_290' title='bbox 1209 3198 1416 3272; x_wconf 83' lang='lat' dir='ltr'><strong>vigilia</strong></span> <span class='ocrx_word' id='word_1_291' title='bbox 1457 3199 1646 3258; x_wconf 83' lang='lat' dir='ltr'><strong>ferme</strong></span> <span class='ocrx_word' id='word_1_292' title='bbox 1675 3199 1755 3258; x_wconf 90' lang='lat' dir='ltr'><strong>ad</strong></span> <span class='ocrx_word' id='word_1_293' title='bbox 1793 3197 2008 3258; x_wconf 88' lang='lat' dir='ltr'><strong>urbem</strong></span> <span class='ocrx_word' id='word_1_294' title='bbox 2046 3198 2339 3260; x_wconf 83' lang='lat' dir='ltr'><strong>accessit.</strong></span> 
     </span>
     <span class='ocr_line' id='line_1_37' title="bbox 370 3281 2338 3358; baseline 0.002 -17"><span class='ocrx_word' id='word_1_295' title='bbox 370 3282 545 3357; x_wconf 91' lang='lat' dir='ltr'><strong>primi</strong></span> <span class='ocrx_word' id='word_1_296' title='bbox 592 3283 851 3357; x_wconf 82' lang='lat' dir='ltr'><strong>agminis</strong></span> <span class='ocrx_word' id='word_1_297' title='bbox 895 3292 1067 3344; x_wconf 88' lang='lat' dir='ltr'><strong>erant</strong></span> <span class='ocrx_word' id='word_1_298' title='bbox 1095 3284 1394 3358; x_wconf 81' lang='lat' dir='ltr'><strong>perfugae</strong></span> <span class='ocrx_word' id='word_1_299' title='bbox 1421 3283 1868 3354; x_wconf 87' lang='lat' dir='ltr'><strong>Romanorum,</strong></span> <span class='ocrx_word' id='word_1_300' title='bbox 1912 3288 1975 3342; x_wconf 91' lang='lat' dir='ltr'><strong>et</strong></span> <span class='ocrx_word' id='word_1_301' title='bbox 2014 3297 2184 3344; x_wconf 84' lang='lat' dir='ltr'><strong>arma</strong></span> <span class='ocrx_word' id='word_1_302' title='bbox 2211 3281 2338 3344; x_wconf 88' lang='lat' dir='ltr'><strong>Ro·</strong></span> 
     </span>
     <span class='ocr_line' id='line_1_38' title="bbox 370 3365 2340 3441; baseline 0.001 -17"><span class='ocrx_word' id='word_1_303' title='bbox 370 3382 549 3425; x_wconf 90' lang='lat' dir='ltr'><strong>mana</strong></span> <span class='ocrx_word' id='word_1_304' title='bbox 564 3366 887 3426; x_wconf 83' lang='lat' dir='ltr'><strong>habebant.</strong></span> <span class='ocrx_word' id='word_1_305' title='bbox 916 3366 975 3440; x_wconf 90' lang='lat' dir='ltr'><strong>ii,</strong></span> <span class='ocrx_word' id='word_1_306' title='bbox 1000 3366 1105 3427; x_wconf 90' lang='lat' dir='ltr'><strong>ubi</strong></span> <span class='ocrx_word' id='word_1_307' title='bbox 1128 3367 1207 3426; x_wconf 89' lang='lat' dir='ltr'><strong>ad</strong></span> <span class='ocrx_word' id='word_1_308' title='bbox 1227 3373 1464 3441; x_wconf 82' lang='lat' dir='ltr'><strong>portam</strong></span> <span class='ocrx_word' id='word_1_309' title='bbox 1485 3372 1583 3426; x_wconf 88' lang='lat' dir='ltr'><strong>est</strong></span> <span class='ocrx_word' id='word_1_310' title='bbox 1594 3372 1861 3439; x_wconf 87' lang='lat' dir='ltr'><strong>ventum,</strong></span> <span class='ocrx_word' id='word_1_311' title='bbox 1883 3365 2097 3426; x_wconf 84' lang='lat' dir='ltr'><strong>Latine</strong></span> <span class='ocrx_word' id='word_1_312' title='bbox 2119 3380 2340 3428; x_wconf 82' lang='lat' dir='ltr'><strong>omnes</strong></span> 
     </span>
     <span class='ocr_line' id='line_1_39' title="bbox 370 3447 2340 3526; baseline 0.001 -17"><span class='ocrx_word' id='word_1_313' title='bbox 370 3451 689 3525; x_wconf 86' lang='lat' dir='ltr'><strong>loquentes</strong></span> <span class='ocrx_word' id='word_1_314' title='bbox 721 3451 985 3510; x_wconf 87' lang='lat' dir='ltr'><strong>excitant</strong></span> <span class='ocrx_word' id='word_1_315' title='bbox 1006 3450 1243 3526; x_wconf 86' lang='lat' dir='ltr'><strong>vigiles,</strong></span> <span class='ocrx_word' id='word_1_316' title='bbox 1274 3449 1623 3526; x_wconf 88' lang='lat' dir='ltr'><strong>aperirique</strong></span> <span class='ocrx_word' id='word_1_317' title='bbox 1645 3457 1888 3525; x_wconf 85' lang='lat' dir='ltr'><strong>portam</strong></span> <span class='ocrx_word' id='word_1_318' title='bbox 1913 3447 2153 3511; x_wconf 69' lang='lat' dir='ltr'><strong>iubenti</strong></span> <span class='ocrx_word' id='word_1_319' title='bbox 2185 3463 2340 3510; x_wconf 83' lang='lat' dir='ltr'><strong>eon-</strong></span> 
     </span>
    </p>
   </div>
   <div class='ocr_carea' id='block_1_3' title="bbox 2537 3349 2541 3927">
    <p class='ocr_par' dir='ltr' id='par_1_4' title="bbox 2537 3349 2541 3927">
     <span class='ocr_line' id='line_1_40' title="bbox 2537 3349 2541 3927; baseline 0 0"><span class='ocrx_word' id='word_1_320' title='bbox 2537 3349 2541 3927; x_wconf 95' lang='lat' dir='ltr'><strong> </strong></span> 
     </span>
    </p>
   </div>
  </div>
 </body>
</html>
