2550 3959
587 228 814 293 LIBER
848 231 1037 293 XXV.
1082 230 1471 321 CAP.Jo.11.
1514 240 1585 308 [a.
1617 239 1680 294 e.
1710 241 1835 309 212]
2110 234 2195 300 63

226 384 568 463 inscriptae
609 402 736 446 non
779 391 1016 461 essent,
1061 386 1242 462 signo
1272 388 1581 463 extemplo
1610 387 1754 448 dato
1783 387 1965 463 diripi
1992 389 2197 451 iussu-

227 486 384 532 rum.
453 470 508 529 si
553 470 694 546 quis
735 469 796 529 in
837 470 1110 546 hospitio
1155 469 1308 531 civis
1336 470 1595 531 Romani
1621 502 1707 515 -
1732 485 1963 532 vacuas
1995 478 2198 535 autem

230 553 526 614 tenebant
554 554 775 616 domos
798 586 880 599 ·-—
903 568 1126 616 nomen
1155 554 1593 631 inscripsisset,
1622 569 1762 615 eum
1786 570 1856 614 se
1878 572 1991 631 pro
2016 556 2200 618 hoste

226 636 600 699 habiturum.
675 639 960 700 contione
1011 636 1266 699 dimissa
1314 654 1453 699 cum
1501 639 1687 700 titulis
1738 646 1985 701 notatae
2028 640 2197 702 fores

229 720 561 782 discrimen
604 728 860 798 pacatae
900 723 978 783 ab
1016 721 1223 784 hostili
1265 722 1447 784 domo
1478 722 1798 797 fecissent,
1842 723 2026 799 signo
2052 723 2198 785 dato

225 806 308 865 ad
350 804 694 881 diripienda
737 802 1004 883 hospitia
1029 807 1307 867 Romana
1346 806 1579 883 passim
1612 806 1959 869 discursum
1987 814 2099 869 est.
2138 812 2199 869 et

229 890 342 949 fuit
367 890 642 964 praedae
677 890 1068 967 aliquantum.

393 973 498 1032 XI.
542 973 798 1035 Postero
825 973 924 1034 die
945 974 1024 1034 ad
1049 974 1527 1051 oppugnandam
1550 989 1753 1034 arcem
1778 975 1977 1045 ducit;
2012 991 2195 1051 quam

225 1072 369 1117 eum
411 1064 472 1117 et
511 1073 550 1117 a
587 1058 770 1133 mari,
815 1074 938 1134 quo
981 1057 1042 1117 in
1085 1058 1486 1134 paeninsulae
1526 1058 1775 1119 modum
1813 1074 1959 1134 pars
2000 1060 2197 1119 maior

225 1141 671 1216 circumluitur,
716 1142 1003 1217 praealtis
1041 1142 1333 1217 rupibus,
1377 1148 1439 1202 et
1466 1141 1543 1201 ab
1584 1142 1723 1217 ipsa
1750 1142 1905 1203 urbe
1930 1159 2105 1205 muro
2135 1149 2196 1204 et

224 1226 403 1286 fossa
431 1224 658 1300 ingenti
687 1232 964 1301 saeptam
991 1226 1258 1299 videret,
1291 1240 1493 1301 eoque
1518 1240 1635 1286 nec
1660 1225 1724 1286 vi
1752 1240 1871 1287 nec
1899 1227 2191 1301 operibus

225 1309 705 1383 expugnabilem
747 1324 919 1384 esse,
963 1324 1042 1370 ne
1083 1317 1185 1371 aut
1225 1324 1299 1370 se
1325 1311 1530 1385 ipsum
1560 1324 1707 1369 cura
1736 1309 1943 1369 tuendi
1968 1309 2189 1370 Taren·

221 1392 388 1453 tinos
432 1408 468 1453 a
507 1393 840 1455 maioribus
882 1392 1068 1455 rebus
1111 1401 1478 1469 moraretur,
1528 1400 1635 1454 aut
1672 1393 1734 1453 in
1767 1393 2015 1454 relictos
2058 1393 2191 1454 sine

218 1476 433 1537 valido
463 1476 774 1552 praesidio
802 1478 1164 1539 Tarentinos
1193 1479 1489 1553 impetum
1517 1492 1597 1537 ex
1626 1492 1771 1539 arce
1798 1492 1939 1537 cum
1966 1478 2187 1540 vellent

219 1560 484 1621 Romani
515 1561 801 1637 facerent,
829 1562 994 1623 vallo
1023 1562 1237 1623 urbem
1267 1562 1346 1621 ab
1375 1576 1521 1622 arce
1541 1562 1942 1637 intersaepire
1964 1562 2187 1637 statuit,

219 1658 346 1706 non
377 1643 514 1705 sine
542 1645 646 1705 illa
673 1646 850 1707 etiam
879 1660 1012 1721 spe,
1045 1660 1181 1707 cum
1210 1644 1673 1721 prohibentibus
1706 1662 1867 1721 opus
1894 1642 2189 1706 Romanis

217 1744 470 1789 manum
527 1744 718 1804 posse
767 1729 1043 1804 conseri,
1104 1736 1166 1789 et
1213 1730 1266 1789 si
1316 1729 1582 1789 ferocius
1634 1728 2189 1805 procucurrissent,

217 1826 446 1888 magna
475 1813 668 1873 caede
693 1813 775 1874 ita
803 1814 1100 1874 attenuari
1131 1812 1421 1889 praesidii
1447 1812 1611 1872 vires
1628 1856 1642 1885 ,
1672 1817 1743 1871 ut
1769 1810 1947 1871 facile
1976 1826 2090 1885 per
2118 1827 2189 1873 se

216 1895 340 1971 ipsi
377 1895 686 1974 Tarentini
725 1897 940 1959 urbem
982 1896 1060 1957 ab
1099 1896 1174 1958 iis
1217 1896 1367 1957 tueri
1410 1901 1686 1971 possent.
1752 1894 1859 1955 ubi
1902 1900 2189 1970 coeptum

217 1996 385 2056 opus
427 1986 550 2053 est,
598 1982 902 2056 patefacta
939 1987 1193 2056 repente
1223 1986 1402 2055 porta
1434 1979 1724 2055 impetum
1753 1978 1813 2038 in
1842 1978 2185 2039 munientes

215 2065 497 2125 fecerunt
527 2065 822 2140 Romani,
866 2063 1134 2140 pellique
1174 2079 1246 2125 se
1282 2062 1461 2125 statio
1502 2079 1695 2138 passa
1734 2069 1829 2124 est
1868 2078 2029 2138 quae
2069 2077 2187 2138 pro

215 2161 416 2223 opere
456 2154 614 2220 erat,
656 2154 726 2210 ut
765 2163 1068 2211 successu
1109 2154 1417 2209 cresceret
1457 2147 1715 2207 audacia
1758 2148 2095 2223 pluresque
2126 2153 2185 2207 et

215 2232 464 2307 longius
496 2234 714 2307 pulsos
744 2239 1282 2308 persequerentur.
1330 2237 1453 2291 tum
1482 2231 1658 2306 signo
1683 2232 1826 2292 dato
1851 2230 2045 2292 coorti
2064 2247 2183 2295 un·

215 2315 412 2391 dique
433 2314 622 2376 Poeni
653 2323 810 2390 sunt,
846 2332 1004 2392 quos
1033 2316 1369 2377 instructos
1397 2315 1478 2375 ad
1506 2314 1627 2376 hoc
1648 2313 1951 2375 Hannibal
1971 2319 2181 2375 tenue-

211 2405 330 2460 rat.
374 2414 492 2460 nec
527 2401 876 2461 sustinuere
904 2400 1197 2475 impetum
1223 2398 1513 2473 Romani,
1557 2398 1670 2459 sed
1702 2399 1779 2459 ab
1809 2396 2010 2459 effusa
2038 2398 2184 2473 fuga

213 2482 341 2545 loci
393 2482 714 2558 angustiae
755 2498 865 2545 eos
917 2482 1334 2559 impeditaque
1381 2482 1501 2541 alia
1551 2496 1742 2556 opere
1788 2481 1909 2540 iam
1959 2486 2183 2555 coepto

211 2566 336 2626 alia
363 2572 664 2642 apparatu
693 2568 902 2643 operis
931 2567 1342 2629 morabantur.
1390 2563 1625 2641 plurimi
1654 2562 1714 2623 in
1747 2564 1981 2625 fossam
2003 2578 2180 2639 prae-

209 2650 580 2725 cipitavere,
622 2651 941 2727 occisique
969 2658 1114 2713 sunt
1139 2650 1349 2727 plures
1376 2649 1440 2708 in
1474 2649 1621 2724 fuga
1640 2664 1836 2723 ¹quam
1862 2648 1925 2707 in
1952 2662 2179 2723 pugna.

209 2732 358 2793 inde
389 2742 448 2795 et
477 2750 636 2810 opus
667 2737 833 2797 nullo
862 2735 1225 2811 prohibente
1253 2733 1387 2793 fieri
1416 2738 1730 2807 coeptum=
1767 2733 1941 2793 fossa
1961 2730 2180 2807 ingens

210 2817 402 2877 ducta
430 2824 490 2878 et
515 2820 741 2879 vallum
771 2818 930 2880 intra
957 2834 1090 2879 eam
1114 2817 1393 2893 erigitur;
1438 2816 1809 2892 modicoque
1832 2820 1977 2891 post
1996 2814 2173 2875 intor-

211 2902 380 2963 vallo
423 2918 660 2962 murum
705 2903 882 2964 etiam
923 2903 1138 2963 eadem
1183 2901 1437 2977 regione
1480 2900 1709 2960 addere
1736 2906 1941 2976 parat,
1985 2905 2050 2960 ut
2080 2900 2178 2959 vel

207 2985 348 3045 sine
391 2986 704 3060 praesidio
750 2987 906 3048 tueri
937 3000 1010 3047 se
1038 2986 1341 3046 adversus
1371 2985 1685 3045 Romanos
1715 2990 1993 3061 possent.
2036 2982 2176 3043 reli-

207 3068 342 3143 quit
383 3074 584 3131 tamen
615 3070 952 3145 modicum,
997 3068 1176 3131 simul
1204 3068 1361 3131 utin
1390 3066 1769 3143 perficiendo
1798 3084 1974 3130 muro
2004 3066 2177 3126 adiu-

204 3157 400 3212 varet.
475 3152 612 3230 lpse
661 3154 978 3229 protectus
1031 3168 1170 3214 cum
1220 3151 1439 3214 ceteris
1490 3152 1685 3228 copiis
1726 3152 1807 3211 ad
1850 3151 2173 3211 Galaesum

204 3235 440 3296 flumen
475 3271 540 3283 -
585 3237 858 3313 quinque
897 3236 1064 3297 milia
1104 3236 1180 3298 ab
1220 3238 1375 3298 urbe
1404 3235 1579 3297 abest
1612 3270 1684 3279 —
1720 3233 1927 3310 posuit
1954 3237 2174 3293 castra.

201 3335 284 3380 ex
317 3320 414 3380 his
445 3321 681 3383 statixis
710 3336 1038 3396 regressus
1067 3321 1148 3381 ad
1176 3320 1645 3396 inspiciendum,
1676 3318 1846 3395 quod
1880 3332 2039 3392 opus
2068 3315 2175 3375 ali·-

201 3408 504 3479 quantum
562 3404 854 3481 opinione
907 3405 1042 3466 eius
1103 3403 1365 3465 celerius
1422 3407 1729 3477 creverat,
1785 3416 1958 3477 spem
2014 3398 2177 3475 cepit

199 3487 387 3547 etiam
429 3503 634 3550 arcem
679 3489 1023 3565 expugnari
1071 3504 1283 3565 posse.
1347 3492 1409 3548 et
1436 3490 1533 3548 est
1572 3501 1695 3547 non
1725 3484 2067 3557 altitudine,
2109 3488 2173 3543 ut
