2550 3959
540 224 1068 287 1⁴113ER²XXV11L
1114 225 1284 288 CAP.
1307 232 1404 290 29.
1433 233 1521 290 so.
1566 229 1640 306 [a.
1673 233 1738 287 c.
1767 219 1892 307 ποθ]
2063 225 2201 291 255

220 377 427 443 'omnis
458 383 792 457 apparatus
818 379 1113 456 'supplicii
1151 371 1668 456 expromebatun·
1703 380 1951 456 deligati
1979 382 2062 456 ad
2089 399 2199 460 pa·-

226 465 353 527 l‘um
380 462 707 540 virgisque·
725 463 896 525 caesi
938 469 999 525 et
1026 463 1228 526 securi
1256 463 1570 540 percussi,
1597 461 1773 527 -adeo
1815 465 2198 541 torpentibus

216 555 387 612 metu
432 549 537 625 qui
578 543 873 624 aderant,'
918 551 987 610 ut
1024 563 1149 609 non
1190 548 1378 610 modo
1420 547 1688 610 ferocior
1723 563 1850 609 vox
1889 550 2196 612 adversus

223 632 603 704 atrocitatem
646 641 887 708 poenae
929 633 1045 693 sed
1084 647 1169 692 ne
1203 633 1464 708 gemitus
1501 633 1747 708 quidem
1785 633 2197 695 exaudiretur.

222 717 399 780 tracti
426 717 573 778 inde
600 717 681 778 de
704 717 907 778 medio
940 730 1175 792 omnes,
1205 723 1594 792 purgatoque
1620 719 1761 778 loce
1791 716 1954 778 citati
1976 717 2196 779 milites

223 801 579 864 nominatim
617 801 785 877 apud
826 800 1105 862 tribunos
1148 801 1404 862 militum·
1441 801 1503 864 in
1545 802 1738 862 verba
1775 800 1842 860 P.
1885 801 2194 879 Scipionis

223 887 524 962 iurarunt,
580 882 1079 961 stipendiumque
1127 885 1209 945 ad
1249 899 1474 946 nomen
1518 885 1776 961 singulis
1816 889 2194 962 persolutum

222 977 342 1032 est.
408 970 573 1031 hn'nc
614 969 799 1030 finem
841 969 1192 1047 exitumque
1222 968 1446 1030 seditio
1473 970 1726 1030 militum
1761 977 1983 1048 coepta
2026 970 2196 1048 apud
2309 1045 2320 1054 .

225 1054 565 1116 Sucronem
593 1053 819 1130 habuit.

242 1164 247 1174 ·
308 1167 313 1174 ·
391 1137 575 1200 XXX.
614 1138 755 1198 ‘Per
793 1137 957 1199 idem
996 1142 1239 1214 tempus
1281 1137 1363 1198 ad
1401 1137 1637 1198 Baetim
1677 1136 1930 1198 fluvium
1973 1139 2192 1200 Hanno

215 1222 574 1300 praefectus
600 1222 884 1297 Magonis
899 1270 915 1296 ,
960 1222 1191 1284 missus
1234 1238 1273 1282 a
1297 1221 1578 1283 Gadibus
1605 1237 1744 1283 cum
1774 1239 1970 1298 parva
2009 1239 2192 1284 manu

215 1306 533 1384 Ari-cmm,
578 1307 865 1368 mercede
892 1305 1207 1384 Hispan-os
1238 1307 1626 1368 sollicitando
1655 1307 1736 1366 ad
1767 1313 2056 1384 quattuor
2078 1307 2191 1368 mi-

226 1391 307 1453 lia
332 1392 622 1452 iuvenum
651 1391 925 1452 armavit.
982 1390 1215 1452 castris·
1232 1392 1456 1452 deinde
1483 1397 1704 1452 exutus
1734 1391 1816 1452 ab
1843 1393 1908 1455 L.
1938 1390 2189 1468 Marcio,

222 1474 487 1551 maxima
508 1481 679 1551 parte
702 1475 954 1537 militum
976 1476 1132 1537 inter
1144 1477 1470 1537 tumultum
1491 1483 1811 1552 captorum
1832 1482 2191 1552 castrorum,

226 1559 597 1636 quibusdam
638 1560 820 1620 etiam
850 1561 922 1622 *in
960 1561 1107 1636 fuga
1158 1560 1434 1635 amissis,
1473 1561 1730 1636 palates
1777 1564 2194 1637 persequente

225 1643 450 1721 equite,
495 1660 632 1705 cum
664 1644 879 1721 paucis
910 1645 1048 1722 ipse
1076 1643 1307 1720 effugit.

328 1747 359 1782 .’
390 1727 551 1790 Dum
591 1728 745 1789 haec
786 1730 867 1789 ad
893 1729 1129 1790 Baetim
1158 1728 1413 1788 fluvium
1453 1736 1771 1804 geruntur,
1815 1725 2060 1789 Laelius
2099 1726 2188 1788 in·

210 1812 398 1874 'terim¹
418 1814 581 1875 freto
612 1813 672 1872 in
692 1812 1001 1875 Oceanum
1032 1818 1284 1875 evectus
1316 1812 1396 1872 ad
1418 1811 1715 1874 Carteiam
1745 1813 1950 1874 classe
1978 1826 2188 1872 acces-

227 1897 323 1958 sit.
366 1898 517 1958 urbs
548 1911 623 1957 ea
640 1897 709 1957 'in
744 1909 853 1959 ora
874 1896 1102 1960 Oceani
1129 1897 1249 1958 sita
1279 1903 1402 1972 est,·
1420 1895 1526 1958 ubi
1554 1893 1816 1972 primurn
1842 1911 1884 1956 e
1911 1894 2190 1957 faucibus

223 1982 499 2058 angustis
541 1983 1056 2060 panditur-mare.
1121 1981 1328 2042 Gades
1356 1980 1493 2041 sine
1535 1980 1864 2042 certamine
1893 1995 2006 2058 per
2046 1995 2189 2056 pro-

210 2065 515 2127 ditionem
553 2067 920 2142 recipiendi,
964 2067 1125 2129 ultro
1169 2082 1275 2143 qui
1309 2081 1452 2126 eam
1483 2079 1618 2125 -rem
1659 2066 2094 2142 pollicerentur
2121 2063 2191 2124 in

226 2158 431 2212 castra
456 2151 736 2212 Romana
758 2146 1192 2226 -venientibus,
1235 2165 1417 2226 spes,
1465 2151 1624 2212 sicut
1649 2157 1790 2212 ante
1821 2149 2048 2211 dictum
2077 2151 2189 2221 est,

223 2236 438 2296 ruerat.
512 2235 1161 2312 patefactaimmatura
1191 2235 1458 2310 proditio
1491 2241 1612 2310 est,
1657 2247 2189 2310 comprensosque

208 2320 646 2394 omnes-Mago
670 2319 1003 2381 Adherbali
1036 2319 1305 2395 praetori
1338 2317 1758 2392 Carthaginem
1789 2315 2189 2378 devehendos

211 2403 423 2465 tradit.
486 2403 797 2465 Adherbal
842 2403 1174 2466 coniuratis
1214 2403 1275 2463 in
1321 2401 1822 2479 quinqueremem
1849 2399 2187 2476 impositiS,

209 2488 689 2564 praemissaque
729 2503 833 2564 ea,
880 2488 1025 2564 quia
1065 2487 1298 2548 tardior
1338 2503 1522 2562 quam
1549 2481 1812 2546 triremis
1851 2491 2008 2559 erat,
2053 2484 2190 2558 ipse

210 2587 365 2633 ‘cum
394 2578 537 2633 octo
566 2572 913 2635 triremibus
942 2571 1185 2634 modico
1216 2571 1536 2632 intervallo
1568 2569 1863 2646 sequitur..
1917 2568 2040 2628 iam
2071 2567 2189 2626 sre—

222 2663 349 2718 tum
390 2655 653 2717 intrabat
694 2656 1181 2732 quinqueremis,
1224 2670 1367 2718 cum
1391 2654 1637 2716 Laelius
1667 2654 1893 2730 etipse
1921 2651 1984 2712 iu
2013 2651 2184 2728 quin-

224 2738 499 2816 queremi
540 2754 575 2800 e
614 2748 798 2817 portu
824 2740 1097 2802 Carteiae
1140 2739 1537 2816 sequentibus
1565 2745 1805 2815 septem
1843 2735 2189 2799 triremibus

222 2832 476 2887 evectus
528 2825 590 2886 in
630 2823 1042 2886 Adherbalem
1093 2823 1397 2886 invehitur
1410 2871 1425 2897 ‚
1485 2824 1984 2900 quinqueremem
2037 2817 2188 2881 satis

206 2909 487 2970 credens
516 2910 887 2986 deprensam
930 2909 1149 2986 rapido
1192 2909 1253 2982 in
1283 2909 1439 2971 freto
1479 2908 1541 2969 in
1584 2907 1912 2968 adversum
1951 2911 2189 2967 aestum

223 2991 595 3071 reciprocari
624 3007 749 3055 non
779 3007 991 3070 posse.
1053 2993 1299 3054 Poenas
1328 2993 1390 3054 in
1417 3009 1486 3054 re
1509 2991 1718 3054 subita
1744 3004 2080 3068 parumper·
2095 2988 2188 3050 in-

224 3085 428 3140 certus
454 3077 801 3154 trepidavit,
839 3084 1037 3139 utrum
1067 3078 1568 3153 quinqueremem
1599 3082 1976 3154 sequeretur,
2019 3089 2096 3134 an
2127 3071 2188 3135 in

223 3163 437 3224 hostes
478 3167 683 3224 rostra
728 3167 1127 3225 converteret.
1194 3161 1340 3239 ipsa·
1374 3162 1676 3224 cunctatio
1706 3160 2051 3221 facultatem
2082 3156 2187 3217 de-

223 3247 581 3309 tractandae
620 3257 883 3323 pugnae·
906 3245 1161 3308 adamita
1205 3247 1328 3307 iam
1353 3246 1516 3307 enim
1547 3245 1662 3306 sub
1705 3244 1826 3305 ictu
1854 3241 1956 3304 teli
1999 3247 2187 3316 erant,

218 3337 289 3392 ‘et
330 3330 609 3408 undique
656 3331 965 3394 instabant
1012 3331 1247 3391 hostes.
1319 3337 1530 3392 aestus
1581 3343 1833 3404 quoque
1879 3325 2190 3388 arbitrium

226 3415 588 3478 moderandi
619 3431 813 3478 naves
855 3414 1184 3476 ademerat·
1245 3429 1450 3490 neque
1479 3419 1607 3475 erat
1633 3412 1835 3473 navali
1865 3427 2074 3490 pugna
2107 3409 2187 3471 si-

226 3501 405 3579 milis,
438 3501 671 3579 quippe
700 3500 979 3562 u'binihil
1008 3498 1433 3575 voluntarium,
1465 3498 1612 3558 nihil
1630 3497 1788 3567 ,artis
1819 3504 1924 3558 aut
1951 3491 2187 3558 consilii
