2550 3959
390 235 517 300 258
688 219 918 298 umen
940 237 1207 297 xxvm.
1254 237 1640 301 masma.
1686 245 1758 312 [a.
1781 243 1851 297 U.
1875 262 1923 298 c.
1946 247 2072 312 546]

388 393 509 454 dici
555 399 793 470 posset.
862 390 1122 468 proinde
1172 389 1308 450 deis
1361 389 1516 451 bene
1557 390 1904 453 iuvantibus
1947 403 2358 469 sequerentur

388 493 514 538 non
566 483 689 537 tam
731 476 811 536 ad
850 474 1079 536 bellum
1118 474 1563 549 gerendum-
1587 490 1791 551 neque
1829 476 1990 536 enim
2036 493 2174 539 cum
2215 481 2354 555 pari

387 562 565 623 hoste
608 567 914 621 certamen
958 573 1101 618 esse
1122 586 1209 602 ——-
1231 573 1416 634 quam
1457 558 1536 619 ad
1564 561 1946 634 expetendas
1976 562 2052 622 ab
2091 561 2352 625 homini·

384 644 503 706 bus
534 643 815 706 scelestis
849 655 1106 719 poenas.

552 727 818 788 XXXIII.
862 725 958 786 Ab
1000 725 1119 787 hac
1162 726 1438 786 oratione
1473 725 1766 788 dimissos
1808 727 1888 788 ad
1931 729 2048 789 iter
2083 745 2153 791 se
2182 746 2352 793 com·

386 827 605 892 parare
654 813 716 870 in
768 809 929 870 diem
986 803 1302 888 posterum
1348 809 1542 886 iubet,
1601 811 2041 888 profectusque
2092 814 2352 877 decimis

390 895 605 958 castris
640 894 917 994 pervenit
944 895 1025 955 ad
1050 893 1358 955 Hiberum·
1371 892 1618 956 flumen.
1689 896 1830 956 inde
1861 904 2152 974 superato
2183 903 2348 961 amni

386 981 485 1042 die
529 985 744 1057 quarto
786 971 847 1040 in
892 984 1230 1077 conspectu
1264 978 1532 1040 hostium
1563 978 1768 1056 posuit
1797 988 2016 1042 castra.
2087 997 2352 1060 campus

384 1071 523 1126 ante
562 1063 870 1125 montibus
913 1063 1078 1124 circa
1119 1067 1371 1140 saeptus
1413 1069 1560 1124 erat.
1630 1064 1694 1124 in
1723 1079 1856 1125 eam
1885 1065 2106 1126 vallem
2129 1066 2348 1145 Scipio

386 1165 522 1212 cum
564 1163 793 1227 pecora
832 1153 1009 1225 rapta
1047 1147 1344 1225 pleraque
1383 1161 1461 1208 ex
1489 1147 1754 1208 hostium
1782 1149 1944 1225 agris
1973 1151 2236 1227 propelli
2264 1154 2348 1212 ad

382 1233 733 1294 irritandam
775 1232 1074 1293 feritatem
1113 1231 1513 1292 barbarorum
1541 1231 1851 1309 iussisset,
1894 1234 2112 1296 velites
2143 1236 2346 1298 subsi-

385 1319 486 1379 dio
536 1317 726 1393 misit,
783 1333 821 1378 a
864 1315 1088 1394 quibus
1140 1314 1241 1376 ubi
1285 1331 1397 1392 per
1444 1317 1971 1393 procursationem
2011 1320 2348 1382 commissa

382 1418 592 1480 pugna
630 1407 826 1475 esset,
869 1400 1139 1460 Laelium
1178 1414 1320 1461 cum
1361 1399 1634 1477 equitatu
1673 1401 1964 1479 impetum
1991 1417 2071 1463 ex
2101 1406 2346 1466 occulto

385 1487 587 1546 facere
612 1485 798 1548 iubet.
841 1499 1019 1546 mons
1049 1489 1394 1567 opportune
1415 1484 1768 1561 prominens
1792 1486 2063 1562 equitum
2083 1488 2342 1551 insidias

382 1569 560 1640 texit;
610 1583 725 1628 nec
762 1569 887 1629 ulla
925 1583 1099 1629 mora
1141 1581 1388 1645 pugnae
1428 1568 1588 1629 facta
1629 1574 1741 1630 est.
1810 1570 2067 1647 Hispani
2105 1571 2164 1631 in
2195 1587 2337 1635 con-

383 1660 597 1730 specta
635 1653 850 1730 procul
891 1667 1147 1750 pecora,
1189 1649 1408 1712 velites
1449 1651 1508 1712 in
1537 1653 1850 1730 Hispanos
1892 1655 2126 1731 praeda
2157 1671 2342 1720 occu-

382 1745 562 1816 patos
618 1737 959 1798 incurrere·
1028 1735 1227 1814 primo
1283 1735 1618 1798 missilibus
1675 1737 2059 1818 territavere,
2117 1740 2346 1802 deinde

382 1821 625 1883 emissis
654 1822 893 1882 levibus
922 1821 1076 1896 telis,
1120 1835 1281 1898 quae
1310 1819 1543 1883 irritare
1573 1819 1765 1898 magis
1798 1838 1981 1901 quam
2010 1823 2342 1886 decernere

384 1921 647 1982 pugnam
676 1911 976 1983 poterant,
1008 1904 1247 1980 gladios
1279 1905 1530 1982 nudant,
1561 1911 1623 1966 et
1650 1906 1872 1966 collato
1895 1909 2061 1985 pede
2085 1925 2185 1970 res
2208 1914 2344 1986 aeri

382 1996 591 2067 coepta
606 1997 728 2060 est:
770 2005 1105 2067 ancepsque
1126 1989 1416 2064 pedestre
1444 1995 1746 2051 certamen
1777 1998 1922 2067 erat,
1953 1989 2071 2053 nisi
2101 1995 2344 2069 equites

383 2072 903 2150 supervenissent.
976 2087 1181 2149 neque
1230 2087 1312 2133 ex
1351 2073 1617 2136 adverso
1665 2082 1895 2137 tantum
1930 2075 2078 2138 illati
2120 2076 2344 2140 obvios

382 2157 714 2231 obtrivere,
757 2158 871 2218 sed
913 2155 1298 2218 circumvecti
1339 2157 1519 2218 etiam
1549 2158 1796 2234 quidam
1829 2176 1939 2238 per
1967 2160 2174 2222 infima
2203 2163 2343 2225 clivi

382 2243 458 2304 ab
488 2248 661 2318 tergo
692 2255 779 2317 se,
811 2247 873 2302 ut
901 2243 1234 2318 plerosque
1261 2241 1749 2319 intercluderent,
1782 2245 2170 2318 obiecerunt3
2214 2265 2342 2308 ma·

381 2328 597 2401 iorque
640 2324 864 2386 caedes
888 2325 1014 2386 ruit
1055 2341 1236 2403 quam
1269 2334 1554 2403 quantam
1583 2328 1767 2389 edere
1796 2328 2096 2407 leviaper
2124 2346 2340 2392 excur-

382 2411 590 2473 siones
621 2409 856 2487 proelia
886 2411 1104 2472 solent.
1168 2409 1259 2470 ira
1287 2411 1482 2488 magis
1512 2426 1778 2474 accensa
1807 2413 2072 2476 adverso
2105 2417 2342 2492 proelio

380 2495 655 2557 barbaris
686 2500 797 2571 est,
832 2510 1015 2573 quam
1042 2493 1339 2559 imminuti
1368 2494 1570 2557 animi.
1633 2497 1838 2575 itaque
1866 2513 1944 2558 ne
1973 2499 2136 2576 pulsi
2164 2499 2338 2561 vide-

379 2585 615 2654 rentur,
662 2580 860 2658 prima
887 2580 1026 2640 luce
1054 2586 1308 2655 postero
1341 2580 1442 2641 die
1470 2581 1531 2640 in
1561 2581 1755 2641 aciem
1783 2597 2168 2657 processere.
2216 2599 2341 2646 non

377 2663 659 2740 capiebat
708 2679 920 2724 omnes
975 2663 1188 2740 copias
1240 2671 1529 2740 angusta,
1583 2665 1740 2727 sicut
1780 2672 1918 2727 ante
1959 2667 2185 2729 dictum
2226 2676 2339 2744 est,

370 2748 601 2808 vallese
657 2747 815 2810 duae
855 2748 1046 2808 ferme
1087 2747 1362 2824 peditum
1402 2754 1638 2825 partes,
1693 2751 1890 2811 omnis
1931 2751 2238 2827 equitatus
2279 2753 2339 2812 in

376 2832 571 2894 aciem
614 2831 959 2904 descendit;
1022 2832 1191 2908 quod
1229 2833 1531 2909 reliquum
1572 2833 1846 2909 peditum
1885 2841 2044 2908 erat,
2087 2835 2339 2912 obliquo

380 2917 823 2978 constituerunt
864 2917 1039 2977 colle.
1112 2914 1355 2993 Scipio,
1407 2933 1522 2992 pro
1563 2933 1635 2978 se
1675 2933 1819 2980 esse
1860 2918 1980 2980 loci
2021 2919 2339 2996 angustias

379 3006 563 3074 ratus,
596 3006 657 3060 et
686 3000 853 3078 quod
881 3000 942 3060 in
972 3006 1103 3062 arto
1136 3015 1343 3076 pugna
1369 3001 1648 3063 Romano
1679 3002 1879 3078 aptior
1908 3019 2092 3080 quam
2119 3004 2338 3081 Hispa-

378 3102 457 3147 no
488 3083 656 3144 militi
686 3085 888 3146 futura
914 3084 1253 3160 videbatur,
1287 3092 1348 3148 et
1378 3088 1546 3163 quod
1574 3086 1634 3147 in
1665 3101 1804 3148 eum
1831 3088 2036 3149 locum
2065 3087 2340 3150 detracta

377 3169 643 3232 hosfium
672 3169 839 3230 acies
867 3175 1051 3244 esset,
1098 3170 1203 3249 qui
1231 3185 1356 3232 non
1387 3186 1628 3232 omnem
1656 3170 2097 3233 multitudinem
2126 3187 2340 3234 eorum

380 3261 645 3331 caperet,
675 3270 838 3316 novo
868 3254 1048 3315 etiam
1080 3255 1340 3317 consilio
1365 3255 1587 3316 adiecit
1609 3256 1902 3316 animum=
1933 3256 2202 3334 equitem
2223 3271 2339 3317 nec

378 3353 449 3398 se
488 3353 680 3416 posse
723 3339 1103 3401 circumdare
1145 3339 1434 3400 cornibus
1463 3339 1525 3399 in
1555 3345 1676 3400 tam
1705 3347 1968 3415 angusto
1999 3341 2232 3416 spatio,
2280 3347 2341 3401 et

376 3419 567 3497 hosti,
612 3439 797 3500 quem
825 3439 965 3485 cum
986 3423 1191 3500 pedite
1223 3423 1574 3499 eduxisset,
1617 3424 1886 3485 inutilem
1915 3426 2066 3486 rore.
2129 3425 2339 3500 itaque

378 3505 634 3584 imperat
674 3507 911 3583 Laelio,
950 3512 1018 3569 ut
1057 3524 1171 3585 per
1214 3507 1403 3570 colles
1437 3523 1618 3586 quam
1662 3508 2078 3570 occultissimo
2121 3507 2339 3569 itinere
