2550 3959
663 216 895 278 LIBER
921 218 1107 279 XXV.
1155 218 1320 279 cAP.
1350 228 1402 282 6.
1448 225 1523 293 [a.
1546 226 1613 278 e.
1642 226 1767 293 212]
2092 217 2175 283 57

212 368 407 429 factm
452 369 817 443 „consulem
853 374 941 443 te,
983 368 1064 429 M.
1092 369 1409 445 Marcelle,
1454 369 1515 429 in
1543 370 1771 429 Italiam
1811 370 2177 446 adissemuS,

213 468 356 513 cum
396 452 663 527 primum
695 452 772 512 de
801 452 980 514 nobis
1009 454 1123 514 etsi
1151 470 1273 517 non
1305 454 1578 529 iniquum
1608 459 1775 514 certe
1800 454 1973 515 triste
2000 469 2177 515 sena--

214 544 316 597 tus
350 537 702 597 consultum
732 537 957 597 factum
986 543 1110 611 est,
1153 538 1272 597 nIsi
1300 537 1420 598 hoc
1449 552 1910 613 sperassemuS,
1942 539 2001 597 in
2034 554 2177 613 pro-

211 619 480 679 vinciam
524 636 642 681 nos
683 628 876 682 morte
915 635 1126 695 regum
1169 621 1468 681 turbatam
1497 622 1576 681 ad
1604 634 1791 697 grave
1820 621 2042 682 bellum
2072 624 2179 681 ad-

211 718 441 763 versus
473 702 718 765 Siculos
748 704 928 765 simul
954 703 1325 780 Poenosque
1352 705 1519 780 mitti,
1550 711 1613 766 et
1638 704 1937 781 sanguine
1964 712 2177 767 nostro

215 787 705 864 vulneribusque
752 786 982 849 nostris
1036 790 1275 849 senatui
1327 789 1754 850 satisfacturos
1794 802 1965 862 esse,
2020 790 2180 850 sicut

209 876 460 946 patrum
487 871 799 946 memoria,
832 871 938 948 qui
967 873 1128 948 capti
1157 889 1194 932 a
1219 872 1458 951 Pyrrho
1490 873 1571 933 ad
1598 873 1957 933 Heracleam
1986 880 2176 948 erant,

210 954 522 1017 adversus
545 954 848 1033 Pyrrhum
876 956 1079 1031 ipsum
1109 963 1450 1031 pugnantes
1480 956 1923 1017 satisfecerunt.
1967 972 2175 1032 quam-

210 1055 400 1113 quam
429 1040 596 1115 quod
618 1040 698 1100 ob
721 1040 1000 1101 meritum
1021 1046 1297 1101 nostrum
1320 1040 1780 1115 succensuistiS,
1796 1046 2005 1115 patres
2030 1056 2173 1101 con-

208 1122 446 1197 scripti,
472 1121 670 1199 nobiS,
702 1131 805 1183 aut
827 1124 1253 1184 succensetis?
1279 1124 1459 1185 ambo
1480 1123 1625 1183 mihi
1650 1126 1939 1186 consules
1964 1132 2024 1185 et
2042 1126 2176 1185 uni·-

207 1220 463 1267 versum
485 1213 765 1268 senatum
793 1207 1013 1268 intueri
1041 1208 1270 1282 videor,
1304 1223 1441 1269 cum
1460 1214 1539 1283 te,
1567 1206 1873 1283 Marcelle,
1902 1208 2174 1278 intueor;

207 1306 394 1365 quem
425 1290 481 1350 si
523 1291 601 1351 ad
633 1291 870 1351 Cannas
902 1294 1216 1353 consulem
1255 1291 1717 1364 habuissemuS,
1760 1291 1975 1352 melior
2001 1300 2061 1351 et
2078 1293 2175 1352 rei

203 1374 496 1448 publicae
527 1380 586 1435 et
615 1380 826 1437 nostra
847 1376 1090 1437 fortuna
1117 1382 1302 1437 esset.
1344 1376 1494 1450 sine,
1528 1390 1782 1451 quaeso,
1813 1374 2171 1451 priusquam

203 1460 284 1517 de
316 1458 682 1520 condicione
711 1467 922 1521 nostra
950 1475 1205 1535 queror,
1255 1474 1483 1522 noxam
1519 1461 1692 1521 cuius
1729 1459 2036 1535 arguimur
2056 1476 2171 1521 nos

203 1557 494 1617 purgare.
549 1543 603 1603 si
631 1560 756 1605 non
785 1544 968 1604 deum
1008 1546 1100 1604 ira
1126 1560 1241 1604 nec
1269 1545 1425 1618 fato,
1468 1545 1641 1605 cuius
1672 1547 1810 1618 lege
1848 1542 2172 1605 immobilis

199 1641 410 1687 rerum
425 1626 826 1689 humanarum
849 1629 1002 1689 ordo
1027 1627 1264 1703 seritur,
1290 1628 1403 1689 sed
1421 1629 1602 1704 culpa
1615 1628 1907 1703 periimus
1924 1628 2004 1687 ad
2020 1628 2171 1688 Can·-

200 1724 338 1783 naS,
369 1710 548 1771 cuius
569 1708 816 1772 tandem
840 1728 916 1772 ea
938 1714 1120 1787 culpa
1141 1713 1295 1773 fuit?
1322 1712 1574 1772 militum
1594 1728 1671 1771 an
1697 1711 2174 1784 imperatorum?

200 1793 494 1869 equidem
534 1794 708 1855 miles
749 1795 897 1855 nihil
937 1812 1224 1871 umquam
1267 1796 1467 1857 dicam
1510 1796 1588 1854 de
1616 1794 1983 1868 imperatore
2009 1809 2166 1865 meo,

201 1877 300 1938 cui
342 1878 707 1952 praesertim
745 1880 972 1955 gratias
1015 1880 1207 1940 sciam
1246 1880 1325 1940 ab
1355 1884 1573 1940 senatu
1602 1868 1802 1953 actas,
1848 1878 2019 1952 quod
2045 1894 2169 1938 non

199 1962 630 2036 desperaverit
670 1962 750 2023 de
786 1979 856 2024 re
885 1964 1160 2039 publica,
1205 1963 1304 2023 cui
1332 1970 1478 2039 post
1506 1964 1712 2037 fugam
1742 1978 1780 2023 a
1806 1960 2029 2022 Cannis
2058 1976 2173 2039 per

199 2060 418 2105 omnes
450 2061 644 2109 annos
675 2053 1068 2123 prorogatum
1098 2046 1436 2123 imperium.
1482 2052 1722 2108 ceteros
1750 2048 1892 2107 item
1919 2062 1999 2107 ex
2029 2046 2167 2107 reli-

200 2128 368 2205 quiis
402 2130 595 2190 cladis
627 2131 778 2207 eiuS,
817 2148 975 2207 quos
1006 2130 1285 2191 tribunos
1314 2131 1567 2192 militum
1595 2129 1940 2204 habuimuS,
1971 2130 2165 2190 hono·

199 2228 305 2274 res
357 2220 575 2289 petere
617 2222 677 2274 et
717 2230 933 2290 gerere
973 2220 1034 2273 et
1082 2215 1436 2288 provincias
1482 2215 1757 2278 obtinere
1798 2214 2166 2274 audivimus.

197 2313 278 2357 an
307 2296 505 2358 'vobis
534 2299 888 2375 vestrisque
927 2296 1136 2358 liberis
1179 2298 1497 2373 ignoscitis
1527 2298 1736 2372 facile,
1779 2304 1989 2373 patres
2018 2312 2166 2358 con·-

193 2380 433 2456 scripti,
461 2382 524 2441 in
549 2380 706 2442 haec
739 2382 879 2442 vilia
909 2382 1112 2457 capita
1141 2384 1357 2442 saevi?
1408 2390 1469 2444 et
1497 2380 1733 2443 consuli
1764 2380 2165 2456 primoribus-

195 2478 322 2540 que
351 2464 486 2525 aliis
518 2465 776 2529 civitatis
806 2466 1048 2541 fugere,
1081 2480 1216 2525 cum
1249 2480 1399 2541 spes
1430 2467 1550 2527 alia
1578 2465 1745 2525 nulla
1772 2470 1958 2537 esset,
1988 2469 2167 2538 turpe

193 2564 323 2609 non
369 2549 513 2609 luit:
569 2548 789 2609 milites
833 2550 1044 2624 utiquc
1075 2550 1407 2609 morituros
1437 2549 1498 2608 in
1528 2548 1722 2608 aciem
1748 2546 2047 2607 misistis?
2086 2547 2167 2605 ad

189 2632 398 2692 Aliam
427 2646 624 2709 prope
656 2634 852 2694 omnis
876 2634 1179 2693 exercitus
1203 2633 1389 2709 fugit3
1432 2632 1513 2692 ad
1534 2632 1832 2693 Furculas
1857 2628 2165 2690 Caudinas

192 2731 271 2775 ne
301 2722 595 2792 expertus
629 2717 876 2792 quidem
905 2722 1210 2777 certamen
1240 2732 1410 2777 ami-a
1442 2716 1685 2777 tradidit
1710 2714 1890 2789 hosti,
1919 2720 1985 2779 ut
2012 2715 2164 2775 alias

193 2798 524 2873 pudendas
568 2801 778 2860 clades
808 2800 1183 2861 exercituum
1213 2807 1481 2862 taceame
1522 2807 1725 2860 tamen
1754 2805 1985 2860 tantum
2016 2798 2165 2859 afuit

193 2882 272 2942 ab
305 2897 381 2943 eo
424 2890 491 2943 ut
521 2884 642 2944 ulla
671 2883 1002 2959 ignominia
1026 2884 1102 2944 iis
1137 2884 1509 2945 exercitibus
1544 2889 1967 2958 quaereretur,
2010 2888 2167 2945 utet

193 2964 346 3027 urbs
371 2968 572 3027 Roma
612 2982 728 3043 per
767 2984 906 3029 eum
947 2969 1281 3029 exercitum
1328 2968 1433 3044 qui
1462 2967 1539 3027 ab
1570 2967 1711 3027 Alia
1734 2966 1932 3027 Veios
1962 2973 2161 3027 trans-

189 3050 433 3125 fugerat
457 3050 923 3127 reciperaretur,
955 3058 1016 3111 et
1045 3051 1357 3112 Caudinae
1380 3051 1676 3127 legiones,
1710 3066 1873 3127 quae
1900 3050 2036 3111 sine
2063 3064 2162 3110 ar-

188 3132 308 3193 mis
335 3133 650 3195 redierant
667 3136 942 3210 Romam,
973 3143 1240 3197 armatae
1268 3136 1569 3196 remissae
1589 3135 1650 3194 in
1676 3133 1989 3195 Samnium
2012 3148 2161 3191 eun-

191 3216 334 3277 dem
359 3219 533 3279 illum
560 3218 801 3280 hostem
831 3220 948 3280 sub
976 3219 1184 3295 iugum
1211 3219 1516 3293 miserint,
1564 3218 1669 3295 qui
1698 3218 1815 3277 hac
1845 3232 1959 3276 sua
1987 3216 2159 3289 igno-

187 3298 375 3362 minia
395 3304 654 3363 laetatus
671 3304 884 3365 fuerat.
915 3303 1297 3364 Cannensem
1310 3318 1459 3363 vero
1486 3303 1811 3378 quisquam
1826 3300 2163 3360 exercitum

188 3387 374 3461 t'ugae
398 3392 506 3447 aut
527 3388 780 3463 pavoris
803 3388 1154 3447 insimulare
1175 3392 1397 3464 potest,
1427 3386 1534 3447 ubi
1556 3387 1696 3460 plus
1721 3384 2162 3462 quinquaginta

187 3467 353 3531 milia
391 3469 712 3531 hominum
764 3471 1138 3544 ceciderunt,
1189 3470 1357 3531 unde
1408 3470 1624 3531 consul
1666 3484 1804 3529 cum
1851 3468 2159 3545 equitibus
