2550 3959
550 270 783 333 LIBER
810 270 1024 333 xxvi.
1072 270 1238 333 cAP.
1266 278 1354 335 47.
1393 280 1480 336 48.
1524 273 1597 351 [a.
1628 278 1694 333 c.
1723 274 1852 354 κιο]
2069 272 2195 337 155

212 426 398 483 centa
444 420 687 498 pondo,
744 436 1035 483 vasorum
1089 429 1515 497 argenteorum
1563 438 1825 499 magnus
1877 440 2196 487 numerus,

213 504 375 567 haec
416 504 622 566 omnia
652 504 721 566 G.
748 504 1043 566 Flaminio
1087 506 1402 581 quaestori
1444 523 1726 583 appensa
1769 507 2192 569 adnumerata·

216 602 344 665 que
385 595 547 650 sunt.
600 587 780 649 tritici
825 588 1271 665 quadringenta
1297 590 1461 651 milia
1487 591 1789 668 modium,
1839 592 2054 652 hordei
2084 592 2192 653 du-

214 680 401 733 centa
440 672 848 749 septuaginta.
916 689 991 733 ac
1033 688 1226 734 naves
1274 674 1596 735 onerariae
1625 675 1945 751 sexaginta
1974 682 2100 737 tres
2132 675 2190 735 in

214 762 402 833 portu
428 758 833 833 expugnatae,
866 755 1169 833 quaedam
1200 772 1338 819 cum
1371 757 1502 819 suis
1526 760 1836 837 oneribuS,
1867 760 2190 835 frumento,

218 840 429 915 armis,
454 854 600 901 aere
622 846 945 917 praeterea
967 841 1259 916 ferroque
1283 848 1344 902 et
1363 842 1563 903 linteis
1588 850 1650 905 et
1671 850 1883 921 sparto
1907 850 1969 905 et
1989 844 2190 905 navali

212 924 340 985 alia
358 924 614 985 materia
628 922 708 985 ad
724 924 987 985 classem
1012 922 1475 1001 aedificandam,
1501 932 1572 987 ut
1583 927 1893 989 minimum
1919 928 2188 991 omnium

212 1009 376 1069 inter
402 1014 605 1069 tantas
636 1022 789 1084 opes
818 1004 1073 1068 bellicas
1090 1004 1393 1083 Carthago
1423 1005 1560 1083 ipsa
1592 1006 1794 1069 fuerit.

386 1091 650 1152 XLvnl.
694 1090 787 1153 Eo
819 1092 920 1151 die
950 1088 1179 1167 Scipio,
1226 1090 1290 1152 C.
1319 1088 1528 1153 Laelio
1561 1106 1698 1151 cum
1732 1092 1924 1154 sociis
1953 1091 2188 1152 navali-

216 1171 337 1237 bus
374 1175 593 1235 urbem
634 1175 947 1237 custodire
989 1176 1195 1249 iusso,
1250 1174 1390 1251 ipse
1431 1174 1491 1234 in
1532 1178 1738 1236 >castra
1777 1174 2054 1251 legiones
2092 1190 2188 1235 re-

216 1260 425 1334 duxit,
476 1260 809 1335 fessosque
848 1258 1067 1320 milites
1100 1258 1384 1320 omnibus
1413 1274 1539 1320 uno
1571 1258 1672 1319 die
1698 1258 1841 1319 belli
1873 1258 2188 1335 operibuS,

216 1344 454 1421 quippe
494 1343 597 1420 qui
628 1348 688 1403 et
716 1343 848 1405 acie
877 1342 1302 1416 dimicassent,
1354 1348 1417 1403 et
1445 1342 1748 1419 capienda
1774 1342 1928 1403 urbe
1955 1347 2187 1403 tantum

213 1427 449 1489 laboris
472 1426 853 1503 periculique
874 1426 1167 1502 adissent,
1194 1433 1255 1487 et
1276 1433 1457 1503 capta
1480 1442 1618 1489 cum
1639 1428 1734 1499 iiS‚
1771 1426 1875 1503 qui
1897 1428 1958 1487 in
1986 1440 2189 1487 arcem

214 1513 648 1588 confugerant,
692 1510 905 1588 iniquo
946 1511 1126 1571 etiam
1166 1510 1307 1572 loco
1351 1516 1761 1587 pugnassent,
1809 1526 2024 1571 curare
2053 1526 2186 1570 cor-

213 1612 376 1673 pora
403 1594 599 1656 iussit.
646 1600 899 1671 postero
926 1593 1027 1655 die
1048 1594 1336 1657 militibus
1359 1594 2017 1671 navalibusque-sociis
2044 1609 2189 1655 con·

212 1678 457 1741 vocatis
498 1680 758 1755 primum
802 1678 899 1741 dis
940 1676 1384 1740 immortalibus
1427 1680 1643 1740 laudes
1685 1685 2018 1753 gratesque
2048 1676 2188 1752 egit,

217 1762 330 1842 qui
359 1778 431 1824 se
458 1778 582 1825 non
610 1762 783 1824 urbis
813 1764 1011 1823 solum
1045 1762 1549 1839 opulentissimae
1579 1762 1847 1823 omnium
1875 1761 1936 1822 in
1964 1760 2188 1836 Hispa·

214 1849 323 1909 nia
360 1864 487 1909 uno
528 1847 630 1908 die
658 1852 1005 1923 compotem
1035 1846 1360 1920 fecissent,
1413 1844 1528 1907 scd
1558 1852 1698 1907 ante
1728 1860 1804 1906 eo
1836 1844 2189 1919 congessis-

216 1937 358 1993 sent
387 1932 584 1993 omnis
613 1932 863 1992 Africae
892 1939 1077 2007 atque
1096 1930 1440 2006 Hispaniae
1468 1945 1642 2007 opeS,
1671 1936 1738 1991 ut
1765 1942 1970 2006 neque
1997 1928 2184 1990 hosti-

216 2017 337 2076 bus
370 2016 698 2091 quicquam
726 2016 1188 2090 relinqueretur,
1231 2019 1294 2074 et
1319 2012 1438 2075 sibi
1469 2030 1543 2075 ac
1573 2014 1702 2075 suis
1734 2014 1939 2075 omnia
1969 2026 2186 2090 super-

218 2108 451 2164 essent.
478 2098 729 2161 militum
761 2098 985 2160 deinde
1007 2098 1289 2161 virtutem
1319 2097 1705 2174 collaudavit,
1739 2098 1906 2175 quod
1929 2113 2042 2160 eos
2065 2114 2186 2160 non

216 2183 461 2260 emptio
490 2184 786 2258 hostium,
829 2198 953 2245 non
986 2180 1240 2246 altitudo
1270 2184 1609 2257 moenium,
1652 2198 1776 2243 non
1806 2182 2190 2257 inexplorata
2219 2182 2236 2198 ⁴

218 2266 421 2343 stagni
448 2268 628 2343 vada,
658 2280 781 2327 non
812 2266 1127 2328 castelium
1158 2266 1218 2327 in
1250 2268 1374 2329 alto
1403 2268 1632 2328 tumulo
1664 2266 1863 2341 situm,
1907 2280 2030 2325 non
2059 2280 2188 2325 mu-

217 2352 523 2417 nitissima
581 2362 693 2412 arx
757 2350 1184 2427 deterruisset,
1258 2368 1383 2427 quo
1433 2350 1634 2411 minus
1682 2348 2193 2411 transcenderent

220 2436 431 2499 omnia
456 2442 1065 2512 perrumperentque.
1108 2435 1318 2511 itaque
1350 2450 1720 2511 quamquam
1751 2434 2036 2494 omnibus
2066 2448 2190 2493 om·

218 2520 325 2583 nia
353 2520 622 2595 deberet,
652 2520 1054 2597 praecipuum
1081 2518 1335 2581 muralis
1359 2530 1628 2579 coronae
1652 2517 1844 2577 decus
1869 2517 2004 2577 eius
2027 2530 2192 2589 esse,

220 2604 330 2682 qui
354 2603 587 2681 primus
609 2614 846 2665 murum
872 2603 1288 2665 ascendissem
1311 2600 1702 2679 profiteretur
1722 2599 1827 2676 qui
1850 2612 1922 2660 se
1944 2599 2192 2675 dignum

220 2704 302 2750 eo
330 2686 583 2751 duceret
610 2687 797 2748 dono.
860 2687 985 2749 duo
1016 2684 1286 2763 professi
1317 2690 1489 2757 sunt,
1535 2685 1602 2759 Q.
1633 2682 1953 2746 Tiberilius
1985 2691 2189 2745 centu·

217 2770 315 2833 rio
356 2771 616 2847 legionis
649 2776 901 2847 quai-tae
941 2776 1004 2832 e‘t
1031 2770 1175 2831 Sex.
1206 2768 1466 2846 Digitius
1509 2769 1718 2831 socius
1759 2768 2018 2829 navalis.
2079 2782 2194 2828 nec

222 2855 346 2933 ipsi
372 2863 497 2916 tam
522 2855 681 2916 inter
708 2869 779 2915 se
808 2853 1027 2915 acriter
1056 2850 1539 2929 contendebant,
1583 2865 1764 2930 quam
1795 2851 1998 2913 studia
2027 2850 2194 2912 exci-

220 2944 505 3000 taverant
529 2945 787 3015 uterque
819 2937 913 2999 sui
944 2938 1228 3013 corporis
1257 2936 1593 2999 hominumn
1633 2936 1823 2999 sociis
1855 2934 1919 2995 C.
1947 2935 2193 2996 Laelius

220 3024 576 3099 praefectus
620 3022 875 3099 classis,
919 3021 1273 3098 legionariis
1313 3009 1396 3082 Μ.
1427 3019 1830 3099 Sempronius
1859 3018 2196 3081 Tuditanus

220 3107 459 3167 aderat.
506 3122 579 3167 ea
602 3096 908 3167 contentio
932 3110 1069 3168 'cum
1092 3116 1293 3185 prope
1314 3104 1681 3168 seditionem
1703 3104 1953 3179 veniret,
1985 3102 2194 3177 Scipio

220 3196 351 3251 tres
398 3190 865 3267 recuperatores
917 3202 1053 3251 cum
1102 3202 1173 3250 se
1222 3189 1502 3252 daturum
1551 3186 2036 3267 pronuntiasset,
2093 3185 2197 3262 qui

224 3274 474 3349 cognita
502 3286 693 3336 causa
720 3273 1103 3349 testibusque
1132 3272 1356 3335 auditis
1385 3273 1742 3347 iudicarent,
1781 3278 1915 3333 uter
1941 3270 2110 3347 prior
2136 3270 2199 3331 in

204 3358 531 3434 ’oppidum
568 3357 1087 3431 transcendisset,
1134 3356 1198 3417 C.
1226 3356 1438 3418 Laelio
1481 3362 1544 3417 et
1569 3356 1651 3416 M.
1683 3353 2048 3433 Sempronio
2090 3354 2200 3415 ad-

222 3440 467 3503 vocatis
518 3442 708 3519 partis
748 3442 1065 3518 utriusque
1108 3440 1453 3501 Cornelium
1497 3436 1836 3501 Caudinum
1875 3438 1956 3499 dc
1994 3436 2200 3499 medio

226 3525 487 3603 adiecit,
530 3542 766 3603 eosque
804 3532 929 3587 tres
970 3529 1440 3603 recuperatores
1483 3522 1810 3596 considere
1849 3528 1912 3582 et
1951 3536 2204 3583 causam
