2550 3959
560 195 791 254 LIBER
818 193 1087 254 xxvlu.
1136 193 1302 254 cAP.
1333 201 1423 256 43.
1449 203 1540 258 44.
1588 202 1662 270 [a.
1695 203 1759 255 O.
1785 204 1911 272 205]
2082 199 2203 264 273

240 351 363 412 tius
408 347 865 426 Syracusanum
906 359 1143 420 regem,
1196 359 1338 406 cum
1380 343 1487 406 diu
1529 342 1736 406 Sicilia
1773 345 2003 408 Punico
2043 348 2205 409 bello

244 438 537 504 ureretur,
564 436 1019 504 transgressum
1048 426 1108 486 in
1136 426 1298 488 hanc
1329 428 1588 490 eandem
1611 426 1879 490 Africam
1908 435 2207 494 avertisse

242 533 321 578 eo
365 515 625 588 bellum,
670 512 835 574 unde
864 517 1145 586 venerat,
1182 512 1422 572 refers?
1476 511 1684 574 XLIV.
1727 513 1844 574 sed
1873 515 2021 589 quid
2047 517 2204 579 ultro

242 607 467 663 metum
494 598 719 657 inferre
741 596 905 658 hosti
934 601 995 659 et
1022 594 1098 656 ab
1130 611 1199 656 se
1220 603 1454 658 remoto
1480 596 1755 671 periculo
1785 598 1970 660 alium
1996 599 2057 660 in
2081 600 2206 661 dis·

245 686 476 746 crimen
516 681 827 742 adducere
868 679 1049 755 quale
1092 679 1189 754 sit,
1229 677 1544 742 veteribus
1573 681 1970 757 externisque
1999 699 2204 746 exem·

244 769 365 844 plis
396 766 730 828 admonere
759 779 922 840 opus
951 769 1089 823 est?
1142 765 1396 824 multum
1423 763 1704 840 interest,
1744 765 1978 828 alienos
2008 784 2204 844 popu·

243 853 369 913 lere
410 851 567 914 fines
610 864 687 908 an
726 855 869 910 tuos
909 847 1009 910 uri
1054 847 1336 910 exscindi
1375 847 1622 920 videas;
1688 850 1829 930 plus
1880 851 2062 915 animi
2111 861 2207 915 est

242 934 523 998 niterenti
548 931 881 1008 periculum
906 947 1089 1006 quam
1117 931 1532 1006 propulsanti3
1575 933 1660 994 ad
1678 931 1798 994 hoc
1820 935 2016 1001 maior
2031 937 2206 1012 igno·

243 1026 439 1078 tarum
476 1033 679 1082 rerum
718 1021 815 1076 est
853 1021 1075 1076 terror=
1120 1013 1288 1078 bona
1325 1017 1607 1091 malaque
1645 1016 1914 1080 hostium
1954 1035 2033 1080 ex
2061 1036 2205 1096 pro-

244 1103 477 1178 pinquo
507 1101 823 1176 ingressus
852 1098 1011 1158 fines
1041 1097 1333 1174 aspicias.-
1369 1115 1493 1160 non
1524 1108 1884 1176 speraverat
1905 1101 2206 1169 Hannibal

244 1189 377 1248 fore
401 1193 468 1248 ut
496 1193 581 1246 tot
603 1184 671 1244 in
699 1183 871 1250 Italia
912 1182 1123 1259 populi
1154 1182 1235 1244 ad
1264 1199 1335 1247 sc
1367 1182 1727 1259 deficerent,
1775 1193 1924 1262 quot
1964 1188 2204 1248 defece-

242 1276 383 1334 runt
409 1275 553 1345 post
576 1268 957 1332 Cannensem
987 1266 1257 1326 cladcmz
1306 1272 1531 1341 quanto
1555 1267 1755 1330 minus
1788 1270 2116 1346 quicquam
2143 1273 2202 1332 in

241 1353 453 1416 Africa
498 1349 1095 1427 carthaginiensibus
1137 1349 1379 1413 firmum
1430 1358 1534 1412 aut
1573 1350 1792 1412 stabile
1831 1352 1941 1428 sit,
1997 1355 2203 1422 infidis

244 1436 467 1510 sociiS,
511 1433 803 1512 gravibus
833 1449 907 1496 ac
938 1433 1221 1510 superbis
1254 1433 1550 1496 dominis!
1599 1435 1681 1496 ad
1713 1435 1834 1497 hoc
1861 1453 1980 1500 nos
2023 1439 2202 1500 etiam

242 1483 469 1585 desem}
492 1519 577 1583 ab
608 1519 797 1583 sociis
829 1517 1058 1586 viribus
1090 1511 1339 1592 nostriS,
1371 1518 1557 1580 milite
1583 1519 1863 1585 Romano
1894 1521 2202 1585 stetimusae

230 1603 725 1680 carthaginiensi
764 1601 913 1667 nihil
958 1601 1153 1666 civilis
1182 1601 1427 1664 roboris
1457 1609 1580 1676 cst,
1627 1605 1912 1666 mercede
1951 1615 2201 1682 paratos

242 1689 463 1754 milites
491 1687 735 1761 habent,
762 1686 951 1754 Afros
979 1685 1420 1762 Numidasque,
1447 1686 1767 1750 levissima
1792 1687 1938 1750 fidei
1966 1699 2199 1753 mutan·

244 1774 362 1834 dae
388 1771 652 1848 ingenia.
732 1769 831 1830 hic
860 1769 1045 1832 modo
1076 1767 1225 1832 nihil
1253 1785 1464 1830 morae
1493 1770 1603 1831 sit=
1643 1787 1765 1832 una
1793 1780 1856 1832 et
1880 1773 2200 1836 traiecisse

243 1873 340 1916 mc
377 1855 643 1919 audietis
688 1860 749 1914 et
784 1853 1002 1920 ardere
1049 1853 1212 1916 bello
1252 1853 1527 1917 Africam
1569 1860 1630 1915 et
1671 1854 2016 1920 molientem
2057 1857 2201 1919 hinc

239 1940 639 2004 Hannibalem
666 1946 726 2004 et
746 1937 1019 2025 obsideri
1043 1935 1482 2012 Carthaginem
1525 1938 1812 2000 laetiores
1834 1945 1896 2001 et
1917 1941 2198 2017 frequen

241 2027 427 2090 tiores
476 2041 557 2090 ex
596 2025 806 2088 Africa
856 2029 1213 2100 exspectate
1260 2001 1528 2086 nuntios
1556 2039 1738 2098 quam
1786 2039 1867 2084 ex
1907 2023 2196 2102 Hispania

241 2108 655 2206 accipiebatis.
726 2107 845 2172 has
887 2108 1035 2174 mihi
1072 2124 1224 2184 spes
1267 2105 1491 2176 subicit
1538 2106 1782 2170 fortuna
1823 2108 2038 2186 populi
2077 2109 2199 2172 Ro·

240 2194 419 2269 mani,
449 2192 512 2254 di
541 2191 809 2254 foederis
837 2191 915 2251 ab
944 2190 1124 2256 hoste
1150 2190 1362 2257 violati
1387 2197 1597 2265 testes,
1644 2191 1904 2270 Syphax
1932 2200 1992 2253 et
2017 2193 2200 2257 Masi·

242 2278 412 2340 nissa
438 2293 649 2352 reges3
698 2291 956 2353 quorum
997 2290 1114 2351 ego
1146 2275 1292 2340 fidei
1331 2274 1416 2336 ita
1455 2274 1707 2350 innitar,
1751 2283 1818 2338 ut
1842 2274 2000 2337 bene
2036 2284 2200 2339 tutus

240 2378 279 2422 a
325 2361 589 2438 perfidia
631 2361 764 2422 sim.
842 2359 1059 2432 multa,
1106 2373 1265 2434 quae
1295 2373 1455 2418 nunc
1484 2373 1564 2418 ex
1589 2358 1908 2422 intervallo
1939 2376 2062 2422 non
2093 2377 2198 2438 ap·

246 2452 490 2519 parent,
534 2443 759 2506 bellum
789 2443 1039 2520 aperiet.
1102 2441 1169 2504 id
1208 2447 1304 2504 est
1331 2439 1444 2502 viri
1487 2449 1546 2501 et
1575 2442 1778 2517 ducis,
1823 2458 1948 2507 non
1978 2444 2201 2506 deesse

242 2530 520 2591 fortunae
541 2526 858 2604 praebenti
888 2543 958 2588 se
985 2533 1047 2587 et
1076 2525 1281 2587 oblata
1303 2540 1455 2588 casu
1476 2523 1723 2585 flectere
1751 2525 1833 2585 ad
1862 2527 2200 2589 consilium.

240 2612 514 2688 habebo,
559 2612 626 2686 Q.
666 2610 845 2685 Fabi,
890 2626 1131 2688 parem,
1179 2625 1362 2686 quem
1401 2609 1544 2685 daS,
1587 2608 2028 2681 Hannibalem;
2088 2614 2200 2672 sed

242 2698 409 2758 illum
451 2711 566 2773 ego
609 2695 815 2772 potius
856 2695 1091 2758 traham
1133 2709 1318 2770 quam
1357 2691 1460 2754 ille
1499 2709 1598 2756 me
1638 2693 1922 2756 retineam
1984 2695 2044 2756 in
2089 2713 2202 2756 sua

242 2789 406 2842 terra
436 2795 654 2854 cogam
684 2794 959 2856 pugnare
987 2795 1156 2853 eum,
1202 2786 1263 2839 et
1293 2777 1591 2854 Carthago
1635 2777 1970 2854 praemium
2010 2780 2200 2841 victo·

240 2865 369 2924 riae
408 2863 520 2926 erit
556 2878 745 2939 quam
784 2861 1073 2924 semiruta
1098 2862 1468 2924 Bruttiorum
1497 2861 1766 2928 castella.
1828 2877 1906 2924 ne
1938 2863 2086 2938 quid
2112 2863 2202 2922 in-

241 2946 433 3018 terim,
464 2947 610 3010 dum
636 2945 869 3020 traicio,
901 2946 1043 3008 dum
1075 2961 1322 3022 expono
1353 2944 1688 3008 exercitum
1718 2945 1776 3005 in
1797 2945 2027 3021 Africa,
2058 2946 2202 3007 dum

244 3037 449 3092 castra
490 3031 571 3096 ad
600 3029 1024 3106 Carthaginem
1064 3045 1434 3108 promoveo,
1473 3045 1577 3090 res
1607 3028 1853 3106 publica
1879 3029 1978 3092 hic
2022 3031 2201 3092 detri-

244 3114 429 3174 menti
455 3114 687 3190 capiat,
730 3113 902 3191 quod
929 3121 1011 3188 tu,
1060 3113 1126 3190 Q.
1154 3111 1335 3189 Fabi,
1381 3129 1520 3178 cum
1546 3113 1745 3176 victor
1770 3119 1898 3176 tota
1924 3113 2202 3175 volitaret

245 3198 416 3258 Italia
441 3196 761 3274 Hannibal,
804 3197 1056 3275 potuisti
1086 3205 1418 3274 praestare,
1463 3196 1584 3258 hoc
1612 3197 1757 3258 vide
1786 3212 1864 3260 ne
1894 3203 2200 3260 contume-

244 3281 467 3342 liosum
495 3282 573 3342 sit
602 3297 909 3344 concusso
938 3283 1058 3345 iam
1087 3289 1149 3344 et
1172 3297 1372 3358 paene
1400 3282 1593 3344 fracto
1610 3279 1950 3345 Hannibale
1975 3296 2204 3356 negare

248 3379 438 3442 posse
482 3365 548 3425 P.
588 3365 883 3433 Licinium
923 3367 1277 3446 consulem,
1317 3365 1514 3426 virum
1555 3365 1981 3441 fortissimum,
2027 3381 2198 3441 prae-

247 3457 439 3522 stare3
486 3450 620 3526 qui,
662 3465 741 3510 ne
780 3467 817 3509 a
846 3451 1040 3512 sacris
1084 3448 1245 3511 absit
1285 3450 1562 3525 pontifex
1588 3449 1918 3523 maximus,
1957 3447 2098 3510 ideo
2139 3446 2198 3509 in

330 3551 381 3593 τ.
412 3549 536 3594 1.1v1
565 3550 717 3594 mas
741 3533 839 3592 ΙΙΙ.
1722 3541 1790 3595 18
