<?xml version="1.0" encoding="UTF-8"?>
<!DOCTYPE html PUBLIC "-//W3C//DTD XHTML 1.0 Transitional//EN"
    "http://www.w3.org/TR/xhtml1/DTD/xhtml1-transitional.dtd">
<html xmlns="http://www.w3.org/1999/xhtml" xml:lang="en" lang="en">
 <head>
  <title>
</title>
<meta http-equiv="Content-Type" content="text/html;charset=utf-8" />
  <meta name='ocr-system' content='tesseract 3.04.00' />
  <meta name='ocr-capabilities' content='ocr_page ocr_carea ocr_par ocr_line ocrx_word'/>
</head>
<body>
  <div class='ocr_page' id='page_1' title='image "./aburbeconditali13livygoog_0268.png"; bbox 0 0 2550 3959; ppageno 0'>
   <div class='ocr_carea' id='block_1_1' title="bbox 540 155 2182 252">
    <p class='ocr_par' dir='ltr' id='par_1_1' title="bbox 540 155 2182 252">
     <span class='ocr_line' id='line_1_1' title="bbox 540 155 2182 252; baseline 0.003 -16"><span class='ocrx_word' id='word_1_1' title='bbox 540 178 771 238; x_wconf 73' lang='lat' dir='ltr'><strong>mann</strong></span> <span class='ocrx_word' id='word_1_2' title='bbox 800 177 1066 236; x_wconf 82' lang='lat' dir='ltr'><strong>xxvm.</strong></span> <span class='ocrx_word' id='word_1_3' title='bbox 1112 177 1275 239; x_wconf 72' lang='lat' dir='ltr'><strong>cAP.</strong></span> <span class='ocrx_word' id='word_1_4' title='bbox 1307 185 1394 240; x_wconf 70' lang='grc' dir='ltr'><strong>ιτ.</strong></span> <span class='ocrx_word' id='word_1_5' title='bbox 1427 155 1512 239; x_wconf 76' lang='grc' dir='ltr'><strong>ιε’.</strong></span> <span class='ocrx_word' id='word_1_6' title='bbox 1559 185 1632 252; x_wconf 65' lang='lat' dir='ltr'><strong>[a.</strong></span> <span class='ocrx_word' id='word_1_7' title='bbox 1664 185 1728 236; x_wconf 77' lang='lat' dir='ltr'><strong>c,</strong></span> <span class='ocrx_word' id='word_1_8' title='bbox 1758 186 1884 252; x_wconf 80' lang='lat'><strong>206]</strong></span> <span class='ocrx_word' id='word_1_9' title='bbox 2059 178 2182 242; x_wconf 80' lang='lat'><strong>241</strong></span> 
     </span>
    </p>
   </div>
   <div class='ocr_carea' id='block_1_2' title="bbox 207 327 2225 3576">
    <p class='ocr_par' dir='ltr' id='par_1_2' title="bbox 207 327 2225 3258">
     <span class='ocr_line' id='line_1_2' title="bbox 220 327 2184 406; baseline 0.001 -13"><span class='ocrx_word' id='word_1_10' title='bbox 220 329 462 393; x_wconf 77' lang='lat' dir='ltr'><strong>duabus</strong></span> <span class='ocrx_word' id='word_1_11' title='bbox 487 327 1027 404; x_wconf 71' lang='lat' dir='ltr'><strong>quinqueremibus</strong></span> <span class='ocrx_word' id='word_1_12' title='bbox 1048 327 1125 388; x_wconf 89' lang='lat' dir='ltr'><strong>ab</strong></span> <span class='ocrx_word' id='word_1_13' title='bbox 1144 327 1503 404; x_wconf 75' lang='lat' dir='ltr'>Carthagine</span> <span class='ocrx_word' id='word_1_14' title='bbox 1523 331 1834 406; x_wconf 79' lang='lat' dir='ltr'><strong>profectus</strong></span> <span class='ocrx_word' id='word_1_15' title='bbox 1857 333 2184 406; x_wconf 81' lang='lat' dir='ltr'><strong>tranquillo</strong></span> 
     </span>
     <span class='ocr_line' id='line_1_3' title="bbox 216 412 2182 490; baseline 0 -14"><span class='ocrx_word' id='word_1_16' title='bbox 216 414 373 476; x_wconf 83' lang='lat' dir='ltr'><strong>mari</strong></span> <span class='ocrx_word' id='word_1_17' title='bbox 401 412 725 490; x_wconf 66' lang='lat' dir='ltr'><strong>plurinum</strong></span> <span class='ocrx_word' id='word_1_18' title='bbox 748 413 953 487; x_wconf 72' lang='lat' dir='ltr'><strong>nemis,</strong></span> <span class='ocrx_word' id='word_1_19' title='bbox 984 412 1288 475; x_wconf 81' lang='lat' dir='ltr'><strong>interdum</strong></span> <span class='ocrx_word' id='word_1_20' title='bbox 1317 418 1377 472; x_wconf 87' lang='lat' dir='ltr'><strong>et</strong></span> <span class='ocrx_word' id='word_1_21' title='bbox 1398 413 1518 475; x_wconf 88' lang='lat' dir='ltr'><strong>leni</strong></span> <span class='ocrx_word' id='word_1_22' title='bbox 1547 414 1876 475; x_wconf 87' lang='lat' dir='ltr'><strong>adiuvante</strong></span> <span class='ocrx_word' id='word_1_23' title='bbox 1905 423 2090 482; x_wconf 84' lang='lat' dir='ltr'><strong>vento</strong></span> <span class='ocrx_word' id='word_1_24' title='bbox 2121 417 2182 478; x_wconf 89' lang='lat' dir='ltr'><strong>in</strong></span> 
     </span>
     <span class='ocr_line' id='line_1_4' title="bbox 218 495 2185 575; baseline 0.001 -17"><span class='ocrx_word' id='word_1_25' title='bbox 218 499 491 558; x_wconf 81' lang='lat' dir='ltr'><strong>Africam</strong></span> <span class='ocrx_word' id='word_1_26' title='bbox 540 495 788 558; x_wconf 79' lang='lat' dir='ltr'><strong>traiecit.</strong></span> <span class='ocrx_word' id='word_1_27' title='bbox 876 497 1030 560; x_wconf 73' lang='lat' dir='ltr'><strong>forte</strong></span> <span class='ocrx_word' id='word_1_28' title='bbox 1080 495 1163 556; x_wconf 88' lang='lat' dir='ltr'><strong>ita</strong></span> <span class='ocrx_word' id='word_1_29' title='bbox 1210 495 1451 572; x_wconf 82' lang='lat' dir='ltr'><strong>incidit,</strong></span> <span class='ocrx_word' id='word_1_30' title='bbox 1507 503 1572 559; x_wconf 82' lang='lat' dir='ltr'><strong>ut</strong></span> <span class='ocrx_word' id='word_1_31' title='bbox 1611 513 1688 560; x_wconf 85' lang='lat' dir='ltr'><strong>eo</strong></span> <span class='ocrx_word' id='word_1_32' title='bbox 1725 499 1867 575; x_wconf 83' lang='lat' dir='ltr'><strong>ipso</strong></span> <span class='ocrx_word' id='word_1_33' title='bbox 1905 505 2185 575; x_wconf 80' lang='lat' dir='ltr'><strong>tempore</strong></span> 
     </span>
     <span class='ocr_line' id='line_1_5' title="bbox 216 579 2182 659; baseline 0.002 -17"><span class='ocrx_word' id='word_1_34' title='bbox 216 580 569 642; x_wconf 81' lang='lat' dir='ltr'><strong>Hasdrubal</strong></span> <span class='ocrx_word' id='word_1_35' title='bbox 597 581 817 656; x_wconf 84' lang='lat' dir='ltr'><strong>pulsus</strong></span> <span class='ocrx_word' id='word_1_36' title='bbox 830 579 1145 656; x_wconf 79' lang='lat' dir='ltr'>Hispania,</span> <span class='ocrx_word' id='word_1_37' title='bbox 1176 587 1416 656; x_wconf 83' lang='lat' dir='ltr'><strong>septem</strong></span> <span class='ocrx_word' id='word_1_38' title='bbox 1433 581 1786 645; x_wconf 71' lang='lat' dir='ltr'><strong>-trioemibus</strong></span> <span class='ocrx_word' id='word_1_39' title='bbox 1817 590 2062 659; x_wconf 83' lang='lat' dir='ltr'><strong>portum</strong></span> <span class='ocrx_word' id='word_1_40' title='bbox 2090 585 2182 646; x_wconf 84' lang='lat' dir='ltr'><strong>in·</strong></span> 
     </span>
     <span class='ocr_line' id='line_1_6' title="bbox 216 664 2182 741; baseline 0.001 -15"><span class='ocrx_word' id='word_1_41' title='bbox 216 673 451 741; x_wconf 78' lang='lat' dir='ltr'><strong>vectae,</strong></span> <span class='ocrx_word' id='word_1_42' title='bbox 490 665 737 726; x_wconf 78' lang='lat' dir='ltr'><strong>ancoris</strong></span> <span class='ocrx_word' id='word_1_43' title='bbox 767 664 985 740; x_wconf 80' lang='lat' dir='ltr'><strong>positis</strong></span> <span class='ocrx_word' id='word_1_44' title='bbox 1014 671 1211 724; x_wconf 79' lang='lat' dir='ltr'><strong>terrae</strong></span> <span class='ocrx_word' id='word_1_45' title='bbox 1240 664 1580 740; x_wconf 70' lang='lat' dir='ltr'>applicaret</span> <span class='ocrx_word' id='word_1_46' title='bbox 1606 681 1830 741; x_wconf 79' lang='lat' dir='ltr'><strong>naveS,</strong></span> <span class='ocrx_word' id='word_1_47' title='bbox 1869 683 2006 728; x_wconf 86' lang='lat' dir='ltr'><strong>cum</strong></span> <span class='ocrx_word' id='word_1_48' title='bbox 2034 683 2182 728; x_wconf 87' lang='lat' dir='ltr'><strong>con-</strong></span> 
     </span>
     <span class='ocr_line' id='line_1_7' title="bbox 218 748 2182 826; baseline 0.002 -16"><span class='ocrx_word' id='word_1_49' title='bbox 218 748 673 826; x_wconf 69' lang='lat' dir='ltr'><strong>spectaeduae</strong></span> <span class='ocrx_word' id='word_1_50' title='bbox 702 749 1212 824; x_wconf 75' lang='lat' dir='ltr'><strong>‘quinqueremeS‚</strong></span> <span class='ocrx_word' id='word_1_51' title='bbox 1258 748 1426 808; x_wconf 87' lang='lat' dir='ltr'><strong>haud</strong></span> <span class='ocrx_word' id='word_1_52' title='bbox 1457 748 1742 824; x_wconf 76' lang='lat' dir='ltr'><strong>cuiquam</strong></span> <span class='ocrx_word' id='word_1_53' title='bbox 1773 750 1989 826; x_wconf 85' lang='lat' dir='ltr'><strong>dubio,</strong></span> <span class='ocrx_word' id='word_1_54' title='bbox 2037 751 2182 826; x_wconf 83' lang='lat' dir='ltr'><strong>quin</strong></span> 
     </span>
     <span class='ocr_line' id='line_1_8' title="bbox 214 831 2180 914; baseline 0.001 -20"><span class='ocrx_word' id='word_1_55' title='bbox 214 833 485 894; x_wconf 81' lang='lat' dir='ltr'><strong>hostium</strong></span> <span class='ocrx_word' id='word_1_56' title='bbox 514 839 744 908; x_wconf 77' lang='lat' dir='ltr'><strong>essent,</strong></span> <span class='ocrx_word' id='word_1_57' title='bbox 769 833 1158 907; x_wconf 82' lang='lat' dir='ltr'>opprimique</span> <span class='ocrx_word' id='word_1_58' title='bbox 1186 848 1224 890; x_wconf 85' lang='lat' dir='ltr'><strong>a</strong></span> <span class='ocrx_word' id='word_1_59' title='bbox 1247 831 1526 908; x_wconf 83' lang='lat' dir='ltr'><strong>pluribus</strong></span> <span class='ocrx_word' id='word_1_60' title='bbox 1554 833 1914 914; x_wconf 81' lang='lat' dir='ltr'><strong>priusquam</strong></span> <span class='ocrx_word' id='word_1_61' title='bbox 1940 843 2180 910; x_wconf 77' lang='lat' dir='ltr'><strong>portum</strong></span> 
     </span>
     <span class='ocr_line' id='line_1_9' title="bbox 216 916 2178 994; baseline 0 -16"><span class='ocrx_word' id='word_1_62' title='bbox 216 917 508 978; x_wconf 68' lang='lat' dir='ltr'><strong>intrarent</strong></span> <span class='ocrx_word' id='word_1_63' title='bbox 536 923 823 992; x_wconf 78' lang='lat' dir='ltr'><strong>possent,</strong></span> <span class='ocrx_word' id='word_1_64' title='bbox 869 917 1017 976; x_wconf 80' lang='lat' dir='ltr'><strong>nihil</strong></span> <span class='ocrx_word' id='word_1_65' title='bbox 1056 916 1223 976; x_wconf 70' lang='lat' dir='ltr'><strong>aliud</strong></span> <span class='ocrx_word' id='word_1_66' title='bbox 1253 931 1436 990; x_wconf 83' lang='lat' dir='ltr'><strong>quam</strong></span> <span class='ocrx_word' id='word_1_67' title='bbox 1461 919 1782 979; x_wconf 81' lang='lat' dir='ltr'><strong>tumultum</strong></span> <span class='ocrx_word' id='word_1_68' title='bbox 1810 927 1887 978; x_wconf 84' lang='lat' dir='ltr'><strong>ac</strong></span> <span class='ocrx_word' id='word_1_69' title='bbox 1912 920 2178 994; x_wconf 79' lang='lat' dir='ltr'><strong>trepida-</strong></span> 
     </span>
     <span class='ocr_line' id='line_1_10' title="bbox 216 999 2182 1077; baseline 0.003 -17"><span class='ocrx_word' id='word_1_70' title='bbox 216 1001 441 1076; x_wconf 75' lang='lat' dir='ltr'><strong>tionem</strong></span> <span class='ocrx_word' id='word_1_71' title='bbox 470 1000 651 1062; x_wconf 84' lang='lat' dir='ltr'><strong>simul</strong></span> <span class='ocrx_word' id='word_1_72' title='bbox 678 1000 929 1060; x_wconf 76' lang='lat' dir='ltr'><strong>miiitum</strong></span> <span class='ocrx_word' id='word_1_73' title='bbox 956 1015 1032 1060; x_wconf 91' lang='lat' dir='ltr'><strong>ac</strong></span> <span class='ocrx_word' id='word_1_74' title='bbox 1060 1005 1376 1062; x_wconf 82' lang='lat' dir='ltr'><strong>nautarum</strong></span> <span class='ocrx_word' id='word_1_75' title='bbox 1397 999 1771 1074; x_wconf 83' lang='lat' dir='ltr'><strong>nequiquam</strong></span> <span class='ocrx_word' id='word_1_76' title='bbox 1799 1017 2092 1077; x_wconf 69' lang='lat' dir='ltr'><strong>armaque</strong></span> <span class='ocrx_word' id='word_1_77' title='bbox 2119 1010 2182 1064; x_wconf 85' lang='lat' dir='ltr'><strong>et</strong></span> 
     </span>
     <span class='ocr_line' id='line_1_11' title="bbox 214 1083 2182 1161; baseline 0.003 -15"><span class='ocrx_word' id='word_1_78' title='bbox 214 1101 409 1146; x_wconf 69' lang='lat' dir='ltr'><strong>naves</strong></span> <span class='ocrx_word' id='word_1_79' title='bbox 438 1083 895 1161; x_wconf 83' lang='lat' dir='ltr'><strong>expedientium</strong></span> <span class='ocrx_word' id='word_1_80' title='bbox 924 1085 1215 1144; x_wconf 78' lang='lat' dir='ltr'><strong>recerunt.</strong></span> <span class='ocrx_word' id='word_1_81' title='bbox 1261 1099 1563 1159; x_wconf 85' lang='lat' dir='ltr'><strong>percussa</strong></span> <span class='ocrx_word' id='word_1_82' title='bbox 1589 1085 1752 1144; x_wconf 88' lang='lat' dir='ltr'><strong>enim</strong></span> <span class='ocrx_word' id='word_1_83' title='bbox 1781 1100 1860 1146; x_wconf 86' lang='lat' dir='ltr'><strong>ex</strong></span> <span class='ocrx_word' id='word_1_84' title='bbox 1889 1087 2012 1147; x_wconf 81' lang='lat' dir='ltr'><strong>alto</strong></span> <span class='ocrx_word' id='word_1_85' title='bbox 2044 1087 2182 1151; x_wconf 54' lang='lat' dir='ltr'><strong>uela</strong></span> 
     </span>
     <span class='ocr_line' id='line_1_12' title="bbox 214 1167 2176 1244; baseline 0.001 -16"><span class='ocrx_word' id='word_1_86' title='bbox 214 1169 402 1244; x_wconf 89' lang='lat' dir='ltr'><strong>paulo</strong></span> <span class='ocrx_word' id='word_1_87' title='bbox 433 1169 651 1229; x_wconf 88' lang='lat' dir='ltr'><strong>acriori</strong></span> <span class='ocrx_word' id='word_1_88' title='bbox 681 1174 863 1228; x_wconf 86' lang='lat' dir='ltr'><strong>vento</strong></span> <span class='ocrx_word' id='word_1_89' title='bbox 892 1169 1063 1243; x_wconf 89' lang='lat' dir='ltr'><strong>prius</strong></span> <span class='ocrx_word' id='word_1_90' title='bbox 1094 1167 1155 1227; x_wconf 92' lang='lat' dir='ltr'><strong>in</strong></span> <span class='ocrx_word' id='word_1_91' title='bbox 1186 1174 1430 1243; x_wconf 83' lang='lat' dir='ltr'><strong>portum</strong></span> <span class='ocrx_word' id='word_1_92' title='bbox 1457 1169 1784 1229; x_wconf 87' lang='lat' dir='ltr'><strong>intulerunt</strong></span> <span class='ocrx_word' id='word_1_93' title='bbox 1811 1169 2176 1244; x_wconf 86' lang='lat' dir='ltr'><strong>quinquere-</strong></span> 
     </span>
     <span class='ocr_line' id='line_1_13' title="bbox 212 1251 2178 1328; baseline 0.002 -16"><span class='ocrx_word' id='word_1_94' title='bbox 212 1268 365 1325; x_wconf 61' lang='lat' dir='ltr'><strong>mes</strong></span> <span class='ocrx_word' id='word_1_95' title='bbox 400 1269 583 1328; x_wconf 82' lang='lat' dir='ltr'><strong>quam</strong></span> <span class='ocrx_word' id='word_1_96' title='bbox 605 1251 797 1312; x_wconf 85' lang='lat' dir='ltr'><strong>Poeni</strong></span> <span class='ocrx_word' id='word_1_97' title='bbox 826 1267 1089 1312; x_wconf 82' lang='lat' dir='ltr'><strong>ancoras</strong></span> <span class='ocrx_word' id='word_1_98' title='bbox 1117 1252 1500 1323; x_wconf 73' lang='lat' dir='ltr'><strong>molirentur3</strong></span> <span class='ocrx_word' id='word_1_99' title='bbox 1533 1267 1648 1311; x_wconf 90' lang='lat' dir='ltr'><strong>nec</strong></span> <span class='ocrx_word' id='word_1_100' title='bbox 1677 1254 1834 1312; x_wconf 87' lang='lat' dir='ltr'><strong>ultra</strong></span> <span class='ocrx_word' id='word_1_101' title='bbox 1862 1255 2178 1315; x_wconf 88' lang='lat' dir='ltr'><strong>tumultum</strong></span> 
     </span>
     <span class='ocr_line' id='line_1_14' title="bbox 212 1335 2180 1413; baseline 0.001 -17"><span class='ocrx_word' id='word_1_102' title='bbox 212 1338 381 1396; x_wconf 79' lang='lat' dir='ltr'><strong>ciere</strong></span> <span class='ocrx_word' id='word_1_103' title='bbox 406 1337 730 1412; x_wconf 84' lang='lat' dir='ltr'><strong>quisquam</strong></span> <span class='ocrx_word' id='word_1_104' title='bbox 757 1337 818 1396; x_wconf 91' lang='lat' dir='ltr'><strong>in</strong></span> <span class='ocrx_word' id='word_1_105' title='bbox 840 1336 1008 1410; x_wconf 82' lang='lat' dir='ltr'><strong>regio</strong></span> <span class='ocrx_word' id='word_1_106' title='bbox 1040 1342 1219 1410; x_wconf 87' lang='lat' dir='ltr'><strong>portu</strong></span> <span class='ocrx_word' id='word_1_107' title='bbox 1246 1335 1532 1397; x_wconf 83' lang='lat' dir='ltr'><strong>audebat.</strong></span> <span class='ocrx_word' id='word_1_108' title='bbox 1575 1335 1659 1396; x_wconf 83' lang='lat' dir='ltr'><strong>ita</strong></span> <span class='ocrx_word' id='word_1_109' title='bbox 1679 1336 1741 1396; x_wconf 91' lang='lat' dir='ltr'><strong>in</strong></span> <span class='ocrx_word' id='word_1_110' title='bbox 1765 1342 1986 1398; x_wconf 85' lang='lat' dir='ltr'><strong>terram</strong></span> <span class='ocrx_word' id='word_1_111' title='bbox 2007 1338 2180 1413; x_wconf 86' lang='lat' dir='ltr'><strong>prior</strong></span> 
     </span>
     <span class='ocr_line' id='line_1_15' title="bbox 211 1419 2176 1496; baseline 0 -16"><span class='ocrx_word' id='word_1_112' title='bbox 211 1420 593 1494; x_wconf 78' lang='lat' dir='ltr'><strong>Hasdrubal,</strong></span> <span class='ocrx_word' id='word_1_113' title='bbox 636 1436 783 1480; x_wconf 85' lang='lat' dir='ltr'><strong>mox</strong></span> <span class='ocrx_word' id='word_1_114' title='bbox 812 1419 1019 1494; x_wconf 80' lang='lat' dir='ltr'><strong>Scipio</strong></span> <span class='ocrx_word' id='word_1_115' title='bbox 1046 1426 1110 1478; x_wconf 87' lang='lat' dir='ltr'><strong>et</strong></span> <span class='ocrx_word' id='word_1_116' title='bbox 1134 1419 1382 1480; x_wconf 87' lang='lat' dir='ltr'><strong>Laelius</strong></span> <span class='ocrx_word' id='word_1_117' title='bbox 1424 1419 1662 1494; x_wconf 77' lang='lat' dir='ltr'><strong>egressi</strong></span> <span class='ocrx_word' id='word_1_118' title='bbox 1689 1419 1772 1480; x_wconf 85' lang='lat' dir='ltr'><strong>ad</strong></span> <span class='ocrx_word' id='word_1_119' title='bbox 1799 1435 2008 1496; x_wconf 80' lang='lat' dir='ltr'><strong>regem</strong></span> <span class='ocrx_word' id='word_1_120' title='bbox 2039 1437 2176 1496; x_wconf 86' lang='lat' dir='ltr'><strong>per-</strong></span> 
     </span>
     <span class='ocr_line' id='line_1_16' title="bbox 212 1502 2176 1584; baseline 0.001 -22"><span class='ocrx_word' id='word_1_121' title='bbox 212 1510 399 1579; x_wconf 77' lang='lat' dir='ltr'><strong>gunt..</strong></span> <span class='ocrx_word' id='word_1_122' title='bbox 467 1502 680 1562; x_wconf 86' lang='lat' dir='ltr'><strong>XVIII.</strong></span> <span class='ocrx_word' id='word_1_123' title='bbox 725 1504 1237 1584; x_wconf 76' lang='lat' dir='ltr'><strong>magnificumque</strong></span> <span class='ocrx_word' id='word_1_124' title='bbox 1263 1504 1328 1566; x_wconf 91' lang='lat' dir='ltr'><strong>id</strong></span> <span class='ocrx_word' id='word_1_125' title='bbox 1351 1503 1626 1582; x_wconf 75' lang='lat' dir='ltr'><strong>Syphaci</strong></span> <span class='ocrx_word' id='word_1_126' title='bbox 1653 1535 1740 1548; x_wconf 82' lang='lat'><strong>-—</strong></span> <span class='ocrx_word' id='word_1_127' title='bbox 1769 1519 1884 1564; x_wconf 85' lang='lat' dir='ltr'><strong>nee</strong></span> <span class='ocrx_word' id='word_1_128' title='bbox 1911 1511 2043 1566; x_wconf 84' lang='lat' dir='ltr'><strong>erat</strong></span> <span class='ocrx_word' id='word_1_129' title='bbox 2070 1504 2176 1566; x_wconf 86' lang='lat' dir='ltr'><strong>ali-</strong></span> 
     </span>
     <span class='ocr_line' id='line_1_17' title="bbox 212 1586 2178 1665; baseline 0.002 -17"><span class='ocrx_word' id='word_1_130' title='bbox 212 1595 309 1648; x_wconf 84' lang='lat' dir='ltr'><strong>ter</strong></span> <span class='ocrx_word' id='word_1_131' title='bbox 344 1619 430 1632; x_wconf 86' lang='lat'><strong>--</strong></span> <span class='ocrx_word' id='word_1_132' title='bbox 470 1587 699 1663; x_wconf 84' lang='lat' dir='ltr'><strong>visum,</strong></span> <span class='ocrx_word' id='word_1_133' title='bbox 756 1586 1015 1648; x_wconf 69' lang='lat' dir='ltr'><strong>duonum</strong></span> <span class='ocrx_word' id='word_1_134' title='bbox 1058 1588 1660 1662; x_wconf 83' lang='lat' dir='ltr'><strong>opulentissimorum</strong></span> <span class='ocrx_word' id='word_1_135' title='bbox 1699 1602 1777 1648; x_wconf 88' lang='lat' dir='ltr'><strong>ea</strong></span> <span class='ocrx_word' id='word_1_136' title='bbox 1815 1595 2178 1665; x_wconf 80' lang='lat' dir='ltr'><strong>tempestate</strong></span> 
     </span>
     <span class='ocr_line' id='line_1_18' title="bbox 213 1670 2175 1749; baseline 0.001 -17"><span class='ocrx_word' id='word_1_137' title='bbox 213 1673 408 1733; x_wconf 84' lang='lat' dir='ltr'><strong>duces</strong></span> <span class='ocrx_word' id='word_1_138' title='bbox 447 1672 819 1748; x_wconf 84' lang='lat' dir='ltr'><strong>populorum</strong></span> <span class='ocrx_word' id='word_1_139' title='bbox 844 1686 967 1732; x_wconf 86' lang='lat' dir='ltr'><strong>uno</strong></span> <span class='ocrx_word' id='word_1_140' title='bbox 1000 1671 1099 1730; x_wconf 89' lang='lat' dir='ltr'><strong>die</strong></span> <span class='ocrx_word' id='word_1_141' title='bbox 1127 1687 1304 1731; x_wconf 86' lang='lat' dir='ltr'><strong>suam</strong></span> <span class='ocrx_word' id='word_1_142' title='bbox 1332 1685 1550 1747; x_wconf 77' lang='lat' dir='ltr'><strong>pacem</strong></span> <span class='ocrx_word' id='word_1_143' title='bbox 1589 1670 2042 1747; x_wconf 68' lang='lat' dir='ltr'><strong>amicitiamque</strong></span> <span class='ocrx_word' id='word_1_144' title='bbox 2069 1690 2175 1749; x_wconf 84' lang='lat' dir='ltr'><strong>pe-</strong></span> 
     </span>
     <span class='ocr_line' id='line_1_19' title="bbox 210 1754 2162 1832; baseline 0 -14"><span class='ocrx_word' id='word_1_145' title='bbox 210 1761 410 1818; x_wconf 78' lang='lat' dir='ltr'><strong>tentes</strong></span> <span class='ocrx_word' id='word_1_146' title='bbox 449 1755 719 1816; x_wconf 85' lang='lat' dir='ltr'><strong>venisse.</strong></span> <span class='ocrx_word' id='word_1_147' title='bbox 795 1761 1117 1829; x_wconf 73' lang='lat' dir='ltr'><strong>uinumque</strong></span> <span class='ocrx_word' id='word_1_148' title='bbox 1159 1754 1221 1814; x_wconf 93' lang='lat' dir='ltr'><strong>in</strong></span> <span class='ocrx_word' id='word_1_149' title='bbox 1261 1754 1596 1829; x_wconf 83' lang='lat' dir='ltr'><strong>hospitium</strong></span> <span class='ocrx_word' id='word_1_150' title='bbox 1634 1754 1875 1825; x_wconf 80' lang='lat' dir='ltr'><strong>invitat3</strong></span> <span class='ocrx_word' id='word_1_151' title='bbox 1921 1763 1983 1816; x_wconf 88' lang='lat' dir='ltr'><strong>et</strong></span> <span class='ocrx_word' id='word_1_152' title='bbox 2023 1773 2162 1832; x_wconf 89' lang='lat' dir='ltr'><strong>quo-</strong></span> 
     </span>
     <span class='ocr_line' id='line_1_20' title="bbox 211 1837 2172 1916; baseline 0.002 -16"><span class='ocrx_word' id='word_1_153' title='bbox 211 1839 379 1900; x_wconf 80' lang='lat' dir='ltr'><strong>niam</strong></span> <span class='ocrx_word' id='word_1_154' title='bbox 398 1839 531 1900; x_wconf 57' lang='lat' dir='ltr'><strong>issors</strong></span> <span class='ocrx_word' id='word_1_155' title='bbox 547 1853 663 1899; x_wconf 79' lang='lat' dir='ltr'><strong>eos</strong></span> <span class='ocrx_word' id='word_1_156' title='bbox 688 1838 803 1899; x_wconf 92' lang='lat' dir='ltr'><strong>sub</strong></span> <span class='ocrx_word' id='word_1_157' title='bbox 828 1853 951 1900; x_wconf 88' lang='lat' dir='ltr'><strong>uno</strong></span> <span class='ocrx_word' id='word_1_158' title='bbox 972 1845 1131 1898; x_wconf 81' lang='lat' dir='ltr'><strong>tecto</strong></span> <span class='ocrx_word' id='word_1_159' title='bbox 1158 1853 1302 1898; x_wconf 77' lang='lat' dir='ltr'><strong>esse</strong></span> <span class='ocrx_word' id='word_1_160' title='bbox 1325 1844 1512 1912; x_wconf 73' lang='lat' dir='ltr'><strong>atque</strong></span> <span class='ocrx_word' id='word_1_161' title='bbox 1531 1837 1614 1898; x_wconf 86' lang='lat' dir='ltr'><strong>ad</strong></span> <span class='ocrx_word' id='word_1_162' title='bbox 1638 1839 1896 1900; x_wconf 84' lang='lat' dir='ltr'><strong>eosdem</strong></span> <span class='ocrx_word' id='word_1_163' title='bbox 1919 1847 2172 1916; x_wconf 82' lang='lat' dir='ltr'><strong>penates</strong></span> 
     </span>
     <span class='ocr_line' id='line_1_21' title="bbox 209 1921 2170 1998; baseline 0.002 -15"><span class='ocrx_word' id='word_1_164' title='bbox 209 1922 529 1997; x_wconf 75' lang='lat' dir='ltr'><strong>voluisset,</strong></span> <span class='ocrx_word' id='word_1_165' title='bbox 564 1923 922 1984; x_wconf 69' lang='lat' dir='ltr'><strong>contrahere</strong></span> <span class='ocrx_word' id='word_1_166' title='bbox 952 1923 1033 1982; x_wconf 87' lang='lat' dir='ltr'><strong>ad</strong></span> <span class='ocrx_word' id='word_1_167' title='bbox 1062 1922 1435 1998; x_wconf 81' lang='lat' dir='ltr'><strong>colloquium</strong></span> <span class='ocrx_word' id='word_1_168' title='bbox 1461 1921 1938 1986; x_wconf 81' lang='lat' dir='ltr'><strong>dirimendarum</strong></span> <span class='ocrx_word' id='word_1_169' title='bbox 1971 1923 2170 1986; x_wconf 84' lang='lat' dir='ltr'><strong>simul-</strong></span> 
     </span>
     <span class='ocr_line' id='line_1_22' title="bbox 208 2005 2174 2084; baseline 0.002 -14"><span class='ocrx_word' id='word_1_170' title='bbox 208 2006 423 2070; x_wconf 79' lang='lat' dir='ltr'><strong>tatium</strong></span> <span class='ocrx_word' id='word_1_171' title='bbox 452 2023 641 2068; x_wconf 64' lang='lat' dir='ltr'><strong>aeusa</strong></span> <span class='ocrx_word' id='word_1_172' title='bbox 670 2013 765 2068; x_wconf 85' lang='lat' dir='ltr'><strong>est</strong></span> <span class='ocrx_word' id='word_1_173' title='bbox 792 2013 1065 2078; x_wconf 81' lang='lat' dir='ltr'><strong>conatus,</strong></span> <span class='ocrx_word' id='word_1_174' title='bbox 1104 2005 1399 2082; x_wconf 85' lang='lat' dir='ltr'><strong>Scipione</strong></span> <span class='ocrx_word' id='word_1_175' title='bbox 1427 2005 1731 2068; x_wconf 80' lang='lat' dir='ltr'><strong>abnuente</strong></span> <span class='ocrx_word' id='word_1_176' title='bbox 1764 2013 1868 2068; x_wconf 83' lang='lat' dir='ltr'><strong>aut</strong></span> <span class='ocrx_word' id='word_1_177' title='bbox 1893 2008 2174 2084; x_wconf 86' lang='lat' dir='ltr'><strong>privatim</strong></span> 
     </span>
     <span class='ocr_line' id='line_1_23' title="bbox 210 2089 2175 2166; baseline 0.001 -14"><span class='ocrx_word' id='word_1_178' title='bbox 210 2091 335 2152; x_wconf 80' lang='lat' dir='ltr'><strong>sibi</strong></span> <span class='ocrx_word' id='word_1_179' title='bbox 364 2091 553 2152; x_wconf 79' lang='lat' dir='ltr'><strong>ulium</strong></span> <span class='ocrx_word' id='word_1_180' title='bbox 573 2089 933 2154; x_wconf 70' lang='lat' dir='ltr'><strong>ampoeno</strong></span> <span class='ocrx_word' id='word_1_181' title='bbox 965 2091 1174 2152; x_wconf 87' lang='lat' dir='ltr'><strong>odium</strong></span> <span class='ocrx_word' id='word_1_182' title='bbox 1200 2105 1364 2165; x_wconf 83' lang='lat' dir='ltr'><strong>esse,</strong></span> <span class='ocrx_word' id='word_1_183' title='bbox 1397 2091 1566 2166; x_wconf 88' lang='lat' dir='ltr'><strong>quod</strong></span> <span class='ocrx_word' id='word_1_184' title='bbox 1596 2091 2010 2166; x_wconf 82' lang='lat' dir='ltr'><strong>colloquendo</strong></span> <span class='ocrx_word' id='word_1_185' title='bbox 2040 2093 2175 2156; x_wconf 84' lang='lat' dir='ltr'><strong>fini-</strong></span> 
     </span>
     <span class='ocr_line' id='line_1_24' title="bbox 207 2173 2160 2250; baseline 0 -14"><span class='ocrx_word' id='word_1_186' title='bbox 207 2180 335 2250; x_wconf 85' lang='lat' dir='ltr'><strong>ret,</strong></span> <span class='ocrx_word' id='word_1_187' title='bbox 370 2181 477 2234; x_wconf 81' lang='lat' dir='ltr'><strong>aut</strong></span> <span class='ocrx_word' id='word_1_188' title='bbox 510 2174 595 2234; x_wconf 87' lang='lat' dir='ltr'><strong>de</strong></span> <span class='ocrx_word' id='word_1_189' title='bbox 634 2190 706 2234; x_wconf 83' lang='lat' dir='ltr'><strong>re</strong></span> <span class='ocrx_word' id='word_1_190' title='bbox 732 2173 977 2250; x_wconf 80' lang='lat' dir='ltr'><strong>publica</strong></span> <span class='ocrx_word' id='word_1_191' title='bbox 1018 2174 1346 2250; x_wconf 81' lang='lat' dir='ltr'><strong>quicquam</strong></span> <span class='ocrx_word' id='word_1_192' title='bbox 1371 2189 1446 2237; x_wconf 82' lang='lat' dir='ltr'><strong>se</strong></span> <span class='ocrx_word' id='word_1_193' title='bbox 1473 2189 1614 2235; x_wconf 88' lang='lat' dir='ltr'><strong>cum</strong></span> <span class='ocrx_word' id='word_1_194' title='bbox 1640 2175 1821 2236; x_wconf 80' lang='lat' dir='ltr'><strong>hoste</strong></span> <span class='ocrx_word' id='word_1_195' title='bbox 1861 2191 2046 2250; x_wconf 78' lang='lat' dir='ltr'><strong>agere</strong></span> <span class='ocrx_word' id='word_1_196' title='bbox 2087 2177 2160 2236; x_wconf 90' lang='lat' dir='ltr'><strong>in-</strong></span> 
     </span>
     <span class='ocr_line' id='line_1_25' title="bbox 210 2257 2177 2335; baseline 0.001 -16"><span class='ocrx_word' id='word_1_197' title='bbox 210 2259 387 2320; x_wconf 78' lang='lat' dir='ltr'><strong>iussu</strong></span> <span class='ocrx_word' id='word_1_198' title='bbox 412 2264 662 2320; x_wconf 78' lang='lat' dir='ltr'><strong>senatus</strong></span> <span class='ocrx_word' id='word_1_199' title='bbox 691 2270 903 2333; x_wconf 85' lang='lat' dir='ltr'><strong>posse.</strong></span> <span class='ocrx_word' id='word_1_200' title='bbox 941 2257 1091 2319; x_wconf 81' lang='lat' dir='ltr'><strong>illud</strong></span> <span class='ocrx_word' id='word_1_201' title='bbox 1118 2273 1340 2332; x_wconf 81' lang='lat' dir='ltr'><strong>magno</strong></span> <span class='ocrx_word' id='word_1_202' title='bbox 1373 2273 1562 2332; x_wconf 81' lang='lat' dir='ltr'><strong>opere</strong></span> <span class='ocrx_word' id='word_1_203' title='bbox 1589 2258 1876 2321; x_wconf 80' lang='lat' dir='ltr'><strong>tendente</strong></span> <span class='ocrx_word' id='word_1_204' title='bbox 1904 2275 2069 2335; x_wconf 81' lang='lat' dir='ltr'><strong>rege,</strong></span> <span class='ocrx_word' id='word_1_205' title='bbox 2097 2275 2177 2320; x_wconf 90' lang='lat' dir='ltr'><strong>ne</strong></span> 
     </span>
     <span class='ocr_line' id='line_1_26' title="bbox 210 2341 2174 2418; baseline 0 -14"><span class='ocrx_word' id='word_1_206' title='bbox 210 2343 366 2404; x_wconf 70' lang='lat' dir='ltr'><strong>alter</strong></span> <span class='ocrx_word' id='word_1_207' title='bbox 402 2342 715 2418; x_wconf 83' lang='lat' dir='ltr'><strong>hospitum</strong></span> <span class='ocrx_word' id='word_1_208' title='bbox 740 2341 1037 2404; x_wconf 75' lang='lat' dir='ltr'><strong>exclusus</strong></span> <span class='ocrx_word' id='word_1_209' title='bbox 1061 2357 1280 2403; x_wconf 66' lang='lat' dir='ltr'><strong>‚mensa</strong></span> <span class='ocrx_word' id='word_1_210' title='bbox 1317 2341 1655 2414; x_wconf 86' lang='lat' dir='ltr'><strong>videretur,</strong></span> <span class='ocrx_word' id='word_1_211' title='bbox 1698 2347 1767 2402; x_wconf 89' lang='lat' dir='ltr'><strong>ut</strong></span> <span class='ocrx_word' id='word_1_212' title='bbox 1803 2342 1866 2400; x_wconf 87' lang='lat' dir='ltr'><strong>in</strong></span> <span class='ocrx_word' id='word_1_213' title='bbox 1909 2342 2174 2404; x_wconf 80' lang='lat' dir='ltr'><strong>animum</strong></span> 
     </span>
     <span class='ocr_line' id='line_1_27' title="bbox 208 2424 2174 2501; baseline -0.001 -13"><span class='ocrx_word' id='word_1_214' title='bbox 208 2427 531 2488; x_wconf 80' lang='lat' dir='ltr'><strong>induceret</strong></span> <span class='ocrx_word' id='word_1_215' title='bbox 554 2427 634 2486; x_wconf 88' lang='lat' dir='ltr'><strong>ad</strong></span> <span class='ocrx_word' id='word_1_216' title='bbox 659 2425 911 2486; x_wconf 84' lang='lat' dir='ltr'><strong>easdem</strong></span> <span class='ocrx_word' id='word_1_217' title='bbox 931 2425 1142 2488; x_wconf 79' lang='lat' dir='ltr'><strong>venire</strong></span> <span class='ocrx_word' id='word_1_218' title='bbox 1164 2425 1381 2501; x_wconf 84' lang='lat' dir='ltr'><strong>epulas</strong></span> <span class='ocrx_word' id='word_1_219' title='bbox 1405 2424 1571 2486; x_wconf 88' lang='lat' dir='ltr'><strong>haud</strong></span> <span class='ocrx_word' id='word_1_220' title='bbox 1589 2424 1834 2494; x_wconf 81' lang='lat' dir='ltr'><strong>abnuit.;</strong></span> <span class='ocrx_word' id='word_1_221' title='bbox 1867 2432 2174 2486; x_wconf 81' lang='lat' dir='ltr'><strong>cenatum·</strong></span> 
     </span>
     <span class='ocr_line' id='line_1_28' title="bbox 216 2507 2173 2587; baseline -0.001 -17"><span class='ocrx_word' id='word_1_222' title='bbox 216 2526 337 2587; x_wconf 72' lang='lat' dir='ltr'><strong>que</strong></span> <span class='ocrx_word' id='word_1_223' title='bbox 370 2510 549 2572; x_wconf 87' lang='lat' dir='ltr'><strong>simul</strong></span> <span class='ocrx_word' id='word_1_224' title='bbox 590 2510 755 2586; x_wconf 77' lang='lat' dir='ltr'><strong>apud</strong></span> <span class='ocrx_word' id='word_1_225' title='bbox 795 2525 1007 2586; x_wconf 80' lang='lat' dir='ltr'><strong>regem</strong></span> <span class='ocrx_word' id='word_1_226' title='bbox 1046 2516 1171 2584; x_wconf 81' lang='lat' dir='ltr'><strong>est,</strong></span> <span class='ocrx_word' id='word_1_227' title='bbox 1216 2516 1280 2569; x_wconf 85' lang='lat' dir='ltr'><strong>et</strong></span> <span class='ocrx_word' id='word_1_228' title='bbox 1305 2509 1524 2568; x_wconf 88' lang='lat' dir='ltr'><strong>eodem</strong></span> <span class='ocrx_word' id='word_1_229' title='bbox 1559 2508 1744 2568; x_wconf 83' lang='lat' dir='ltr'><strong>etiam</strong></span> <span class='ocrx_word' id='word_1_230' title='bbox 1773 2509 1934 2573; x_wconf 65' lang='lat' dir='ltr'><strong>iccio</strong></span> <span class='ocrx_word' id='word_1_231' title='bbox 1963 2507 2173 2583; x_wconf 84' lang='lat' dir='ltr'><strong>Scipio</strong></span> 
     </span>
     <span class='ocr_line' id='line_1_29' title="bbox 210 2591 2225 2669; baseline -0.001 -15"><span class='ocrx_word' id='word_1_232' title='bbox 210 2601 398 2669; x_wconf 75' lang='lat' dir='ltr'><strong>atque</strong></span> <span class='ocrx_word' id='word_1_233' title='bbox 422 2592 771 2655; x_wconf 82' lang='lat' dir='ltr'><strong>Hasdrubal</strong></span> <span class='ocrx_word' id='word_1_234' title='bbox 786 2639 802 2666; x_wconf 92' lang='lat'><strong>,</strong></span> <span class='ocrx_word' id='word_1_235' title='bbox 842 2594 990 2669; x_wconf 77' lang='lat' dir='ltr'><strong>quia</strong></span> <span class='ocrx_word' id='word_1_236' title='bbox 1026 2593 1113 2654; x_wconf 85' lang='lat' dir='ltr'><strong>ita</strong></span> <span class='ocrx_word' id='word_1_237' title='bbox 1152 2593 1326 2654; x_wconf 88' lang='lat' dir='ltr'><strong>cordi</strong></span> <span class='ocrx_word' id='word_1_238' title='bbox 1365 2598 1497 2652; x_wconf 83' lang='lat' dir='ltr'><strong>erat</strong></span> <span class='ocrx_word' id='word_1_239' title='bbox 1540 2593 1698 2666; x_wconf 85' lang='lat' dir='ltr'><strong>regi,</strong></span> <span class='ocrx_word' id='word_1_240' title='bbox 1741 2591 2172 2655; x_wconf 81' lang='lat' dir='ltr'><strong>accubuerunt.</strong></span> <span class='ocrx_word' id='word_1_241' title='bbox 2215 2630 2225 2644; x_wconf 87' lang='lat'>·</span> 
     </span>
     <span class='ocr_line' id='line_1_30' title="bbox 210 2676 2171 2753; baseline 0 -13"><span class='ocrx_word' id='word_1_242' title='bbox 210 2685 380 2740; x_wconf 78' lang='lat' dir='ltr'><strong>tanta</strong></span> <span class='ocrx_word' id='word_1_243' title='bbox 407 2684 607 2740; x_wconf 80' lang='lat' dir='ltr'><strong>autem</strong></span> <span class='ocrx_word' id='word_1_244' title='bbox 634 2678 833 2738; x_wconf 81' lang='lat' dir='ltr'><strong>inerat</strong></span> <span class='ocrx_word' id='word_1_245' title='bbox 858 2677 1116 2740; x_wconf 84' lang='lat' dir='ltr'><strong>comitas</strong></span> <span class='ocrx_word' id='word_1_246' title='bbox 1147 2676 1419 2753; x_wconf 88' lang='lat' dir='ltr'><strong>Scipioni</strong></span> <span class='ocrx_word' id='word_1_247' title='bbox 1449 2681 1632 2751; x_wconf 83' lang='lat' dir='ltr'><strong>atque</strong></span> <span class='ocrx_word' id='word_1_248' title='bbox 1659 2676 1746 2736; x_wconf 83' lang='lat' dir='ltr'><strong>ad·</strong></span> <span class='ocrx_word' id='word_1_249' title='bbox 1771 2677 1974 2738; x_wconf 88' lang='lat' dir='ltr'><strong>omnia</strong></span> <span class='ocrx_word' id='word_1_250' title='bbox 1999 2683 2171 2740; x_wconf 83' lang='lat' dir='ltr'><strong>natu-</strong></span> 
     </span>
     <span class='ocr_line' id='line_1_31' title="bbox 209 2758 2169 2838; baseline -0.001 -16"><span class='ocrx_word' id='word_1_251' title='bbox 209 2761 361 2823; x_wconf 84' lang='lat' dir='ltr'><strong>ralis</strong></span> <span class='ocrx_word' id='word_1_252' title='bbox 398 2762 627 2838; x_wconf 79' lang='lat' dir='ltr'><strong>ingenii</strong></span> <span class='ocrx_word' id='word_1_253' title='bbox 668 2761 1033 2838; x_wconf 69' lang='lat' dir='ltr'><strong>dexteritas,</strong></span> <span class='ocrx_word' id='word_1_254' title='bbox 1070 2767 1135 2822; x_wconf 88' lang='lat' dir='ltr'><strong>ut</strong></span> <span class='ocrx_word' id='word_1_255' title='bbox 1161 2778 1286 2828; x_wconf 79' lang='lat' dir='ltr'><strong>non</strong></span> <span class='ocrx_word' id='word_1_256' title='bbox 1317 2758 1665 2836; x_wconf 72' lang='lat' dir='ltr'><strong>Syphacem</strong></span> <span class='ocrx_word' id='word_1_257' title='bbox 1693 2760 1908 2835; x_wconf 86' lang='lat' dir='ltr'><strong>modo,</strong></span> <span class='ocrx_word' id='word_1_258' title='bbox 1950 2759 2169 2820; x_wconf 84' lang='lat' dir='ltr'><strong>barba-</strong></span> 
     </span>
     <span class='ocr_line' id='line_1_32' title="bbox 208 2842 2170 2921; baseline -0.003 -13"><span class='ocrx_word' id='word_1_259' title='bbox 208 2863 347 2908; x_wconf 81' lang='lat' dir='ltr'><strong>rum</strong></span> <span class='ocrx_word' id='word_1_260' title='bbox 394 2848 819 2921; x_wconf 79' lang='lat' dir='ltr'><strong>insuetumque</strong></span> <span class='ocrx_word' id='word_1_261' title='bbox 859 2846 1134 2908; x_wconf 86' lang='lat' dir='ltr'><strong>moribus</strong></span> <span class='ocrx_word' id='word_1_262' title='bbox 1176 2843 1500 2917; x_wconf 84' lang='lat' dir='ltr'><strong>Romanis,</strong></span> <span class='ocrx_word' id='word_1_263' title='bbox 1557 2843 1670 2904; x_wconf 88' lang='lat' dir='ltr'><strong>sed</strong></span> <span class='ocrx_word' id='word_1_264' title='bbox 1709 2842 1950 2904; x_wconf 85' lang='lat' dir='ltr'><strong>hostem</strong></span> <span class='ocrx_word' id='word_1_265' title='bbox 1991 2843 2170 2904; x_wconf 79' lang='lat' dir='ltr'><strong>etIam</strong></span> 
     </span>
     <span class='ocr_line' id='line_1_33' title="bbox 208 2926 2168 3006; baseline -0.002 -16"><span class='ocrx_word' id='word_1_266' title='bbox 208 2930 673 2992; x_wconf 72' lang='lat' dir='ltr'><strong>infestissimum</strong></span> <span class='ocrx_word' id='word_1_267' title='bbox 702 2931 969 2992; x_wconf 88' lang='lat' dir='ltr'><strong>facunde</strong></span> <span class='ocrx_word' id='word_1_268' title='bbox 997 2929 1390 3006; x_wconf 82' lang='lat' dir='ltr'><strong>adloquendo</strong></span> <span class='ocrx_word' id='word_1_269' title='bbox 1421 2927 1540 2988; x_wconf 89' lang='lat' dir='ltr'><strong>sibi</strong></span> <span class='ocrx_word' id='word_1_270' title='bbox 1572 2927 1951 2988; x_wconf 61' lang='lat' dir='ltr'><strong>conciliarem</strong></span> <span class='ocrx_word' id='word_1_271' title='bbox 1989 2926 2168 2988; x_wconf 87' lang='lat' dir='ltr'><strong>mira-</strong></span> 
     </span>
     <span class='ocr_line' id='line_1_34' title="bbox 211 3011 2178 3090; baseline -0.002 -16"><span class='ocrx_word' id='word_1_272' title='bbox 211 3013 613 3090; x_wconf 78' lang='lat' dir='ltr'><strong>bilioremque</strong></span> <span class='ocrx_word' id='word_1_273' title='bbox 639 3013 761 3076; x_wconf 84' lang='lat' dir='ltr'><strong>sibi</strong></span> <span class='ocrx_word' id='word_1_274' title='bbox 792 3029 933 3074; x_wconf 84' lang='lat' dir='ltr'><strong>eum</strong></span> <span class='ocrx_word' id='word_1_275' title='bbox 959 3014 1159 3076; x_wconf 86' lang='lat' dir='ltr'><strong>virum</strong></span> <span class='ocrx_word' id='word_1_276' title='bbox 1187 3027 1527 3088; x_wconf 75' lang='lat' dir='ltr'><strong>congresso</strong></span> <span class='ocrx_word' id='word_1_277' title='bbox 1555 3027 1764 3072; x_wconf 78' lang='lat' dir='ltr'><strong>coram</strong></span> <span class='ocrx_word' id='word_1_278' title='bbox 1793 3011 1994 3072; x_wconf 82' lang='lat' dir='ltr'><strong>visum</strong></span> <span class='ocrx_word' id='word_1_279' title='bbox 2022 3026 2178 3087; x_wconf 87' lang='lat' dir='ltr'><strong>prae·</strong></span> 
     </span>
     <span class='ocr_line' id='line_1_35' title="bbox 208 3095 2171 3174; baseline -0.002 -16"><span class='ocrx_word' id='word_1_280' title='bbox 208 3115 287 3158; x_wconf 86' lang='lat' dir='ltr'><strong>se</strong></span> <span class='ocrx_word' id='word_1_281' title='bbox 326 3098 562 3160; x_wconf 79' lang='lat' dir='ltr'><strong>ferebat</strong></span> <span class='ocrx_word' id='word_1_282' title='bbox 602 3113 787 3174; x_wconf 84' lang='lat' dir='ltr'><strong>quam</strong></span> <span class='ocrx_word' id='word_1_283' title='bbox 826 3097 993 3158; x_wconf 83' lang='lat' dir='ltr'><strong>bello</strong></span> <span class='ocrx_word' id='word_1_284' title='bbox 1028 3097 1219 3160; x_wconf 84' lang='lat' dir='ltr'><strong>rebus</strong></span> <span class='ocrx_word' id='word_1_285' title='bbox 1256 3095 1468 3170; x_wconf 78' lang='lat' dir='ltr'><strong>gestis.</strong></span> <span class='ocrx_word' id='word_1_286' title='bbox 1545 3111 1662 3156; x_wconf 80' lang='lat' dir='ltr'><strong>nec</strong></span> <span class='ocrx_word' id='word_1_287' title='bbox 1703 3095 1983 3156; x_wconf 71' lang='lat' dir='ltr'><strong>dubitare</strong></span> <span class='ocrx_word' id='word_1_288' title='bbox 2019 3095 2171 3168; x_wconf 77' lang='lat' dir='ltr'><strong>quin-</strong></span> 
     </span>
     <span class='ocr_line' id='line_1_36' title="bbox 210 3180 2144 3258; baseline -0.004 -16"><span class='ocrx_word' id='word_1_289' title='bbox 210 3181 475 3258; x_wconf 65' lang='lat' dir='ltr'><strong>Syphax</strong></span> <span class='ocrx_word' id='word_1_290' title='bbox 498 3197 881 3257; x_wconf 80' lang='lat' dir='ltr'><strong>regnumque</strong></span> <span class='ocrx_word' id='word_1_291' title='bbox 908 3181 1041 3242; x_wconf 86' lang='lat' dir='ltr'><strong>cius</strong></span> <span class='ocrx_word' id='word_1_292' title='bbox 1072 3181 1190 3243; x_wconf 84' lang='lat' dir='ltr'><strong>iam</strong></span> <span class='ocrx_word' id='word_1_293' title='bbox 1220 3180 1282 3240; x_wconf 92' lang='lat' dir='ltr'><strong>in</strong></span> <span class='ocrx_word' id='word_1_294' title='bbox 1309 3180 1722 3240; x_wconf 79' lang='lat' dir='ltr'><strong>Romanorum</strong></span> <span class='ocrx_word' id='word_1_295' title='bbox 1759 3183 1970 3238; x_wconf 86' lang='lat' dir='ltr'><strong>essent</strong></span> <span class='ocrx_word' id='word_1_296' title='bbox 1998 3186 2144 3250; x_wconf 84' lang='lat' dir='ltr'><strong>pote</strong></span> 
     </span>
    </p>

    <p class='ocr_par' dir='ltr' id='par_1_3' title="bbox 210 3260 2174 3510">
     <span class='ocr_line' id='line_1_37' title="bbox 210 3260 2166 3328; baseline -0.004 0"><span class='ocrx_word' id='word_1_297' title='bbox 210 3274 401 3328; x_wconf 69' lang='lat' dir='ltr'><strong>siatea</strong></span> <span class='ocrx_word' id='word_1_298' title='bbox 446 3281 585 3326; x_wconf 82' lang='lat' dir='ltr'><strong>eam</strong></span> <span class='ocrx_word' id='word_1_299' title='bbox 613 3272 801 3326; x_wconf 83' lang='lat' dir='ltr'><strong>artem</strong></span> <span class='ocrx_word' id='word_1_300' title='bbox 830 3265 992 3326; x_wconf 86' lang='lat' dir='ltr'><strong>illius</strong></span> <span class='ocrx_word' id='word_1_301' title='bbox 1020 3264 1135 3326; x_wconf 82' lang='lat' dir='ltr'><strong>viri</strong></span> <span class='ocrx_word' id='word_1_302' title='bbox 1178 3264 1259 3324; x_wconf 86' lang='lat' dir='ltr'><strong>ad</strong></span> <span class='ocrx_word' id='word_1_303' title='bbox 1288 3262 1712 3325; x_wconf 85' lang='lat' dir='ltr'><strong>conciliandos</strong></span> <span class='ocrx_word' id='word_1_304' title='bbox 1733 3260 1976 3322; x_wconf 82' lang='lat' dir='ltr'><strong>animos</strong></span> <span class='ocrx_word' id='word_1_305' title='bbox 2005 3275 2166 3320; x_wconf 87' lang='lat' dir='ltr'><strong>esse.</strong></span> 
     </span>
     <span class='ocr_line' id='line_1_38' title="bbox 214 3344 2172 3426; baseline -0.003 -17"><span class='ocrx_word' id='word_1_306' title='bbox 214 3351 419 3426; x_wconf 69' lang='lat' dir='ltr'><strong>itaque</strong></span> <span class='ocrx_word' id='word_1_307' title='bbox 446 3365 571 3410; x_wconf 81' lang='lat' dir='ltr'><strong>non</strong></span> <span class='ocrx_word' id='word_1_308' title='bbox 597 3365 723 3425; x_wconf 88' lang='lat' dir='ltr'><strong>quo</strong></span> <span class='ocrx_word' id='word_1_309' title='bbox 744 3349 929 3410; x_wconf 87' lang='lat' dir='ltr'><strong>modo</strong></span> <span class='ocrx_word' id='word_1_310' title='bbox 952 3347 1286 3424; x_wconf 89' lang='lat' dir='ltr'><strong>Hispaniae</strong></span> <span class='ocrx_word' id='word_1_311' title='bbox 1309 3345 1582 3409; x_wconf 80' lang='lat' dir='ltr'><strong>amissae</strong></span> <span class='ocrx_word' id='word_1_312' title='bbox 1608 3344 1728 3405; x_wconf 86' lang='lat' dir='ltr'><strong>sint</strong></span> <span class='ocrx_word' id='word_1_313' title='bbox 1757 3344 2172 3420; x_wconf 85' lang='lat' dir='ltr'><strong>quaerendum</strong></span> 
     </span>
     <span class='ocr_line' id='line_1_39' title="bbox 212 3427 2174 3510; baseline -0.003 -16"><span class='ocrx_word' id='word_1_314' title='bbox 212 3435 407 3510; x_wconf 86' lang='lat' dir='ltr'><strong>magis</strong></span> <span class='ocrx_word' id='word_1_315' title='bbox 439 3432 1033 3508; x_wconf 76' lang='lat' dir='ltr'><strong>Carthaginiensibus</strong></span> <span class='ocrx_word' id='word_1_316' title='bbox 1072 3446 1217 3494; x_wconf 88' lang='lat' dir='ltr'><strong>esse</strong></span> <span class='ocrx_word' id='word_1_317' title='bbox 1230 3475 1248 3506; x_wconf 88' lang='lat'>,</span> <span class='ocrx_word' id='word_1_318' title='bbox 1292 3444 1476 3505; x_wconf 85' lang='lat' dir='ltr'><strong>quam</strong></span> <span class='ocrx_word' id='word_1_319' title='bbox 1515 3443 1637 3506; x_wconf 90' lang='lat' dir='ltr'><strong>quo</strong></span> <span class='ocrx_word' id='word_1_320' title='bbox 1677 3428 1864 3488; x_wconf 88' lang='lat' dir='ltr'><strong>modo</strong></span> <span class='ocrx_word' id='word_1_321' title='bbox 1901 3427 2174 3490; x_wconf 74' lang='lat' dir='ltr'><strong>Africam</strong></span> 
     </span>
    </p>

    <p class='ocr_par' dir='ltr' id='par_1_4' title="bbox 299 3516 1762 3576">
     <span class='ocr_line' id='line_1_40' title="bbox 299 3516 1762 3576; baseline -0.003 0"><span class='ocrx_word' id='word_1_322' title='bbox 299 3535 352 3576; x_wconf 82' lang='grc' dir='ltr'><strong>τ.</strong></span> <span class='ocrx_word' id='word_1_323' title='bbox 400 3534 521 3576; x_wconf 75' lang='lat' dir='ltr'><strong>mvr</strong></span> <span class='ocrx_word' id='word_1_324' title='bbox 563 3533 717 3576; x_wconf 69' lang='lat' dir='ltr'><strong>mas</strong></span> <span class='ocrx_word' id='word_1_325' title='bbox 762 3516 861 3575; x_wconf 83' lang='lat' dir='ltr'><strong>m.</strong></span> <span class='ocrx_word' id='word_1_326' title='bbox 1693 3518 1762 3572; x_wconf 84' lang='lat'><strong>16</strong></span> 
     </span>
    </p>
   </div>
  </div>
 </body>
</html>
