2550 3959
350 210 479 273 120
710 209 941 271 unna
968 206 1172 268 xxvi.
1220 207 1384 267 cAP.
1419 216 1502 269 lo.
1550 212 1625 280 [a.
1655 211 1723 263 u.
1755 228 1806 269 ο.
1830 212 1955 281 541]

348 360 739 439 proconsulis
770 374 1139 437 praeconem
1167 358 1250 419 ita
1279 358 1710 435 pronuntiasse
1739 360 1973 435 „lictor‚
2003 359 2138 423 viro
2171 361 2324 423 forti

348 445 509 507 adde
542 444 764 519 virgas,
795 449 856 507 et
883 442 943 501 in
976 457 1111 502 eum
1140 441 1399 518 primum
1427 442 1562 517 lege
1589 448 1766 517 age“.
1809 442 2029 503 lectum
2062 459 2312 521 quoque

350 535 602 591 senatus
634 527 994 600 consultum,
1036 526 1396 601 priusquam
1426 526 1626 587 securi
1655 524 1876 599 feriret,
1924 526 2173 602 quidam
2202 545 2310 589 au-

349 621 550 675 ctores
580 617 754 681 sunt;
786 610 902 671 sed
931 608 1073 685 quia
1098 609 1476 685 adscriptum
1507 610 1565 671 in
1593 616 1846 672 senatus
1871 612 2150 675 consulto
2175 610 2310 671 fue-

346 698 452 769 rit,
496 695 552 755 si
592 694 649 754 ei
692 693 1027 765 videretur,
1081 692 1377 767 integram
1414 707 1546 753 rem
1589 694 1672 753 ad
1713 699 1990 755 senatum
2031 694 2311 771 micaret,

346 780 801 855 interpretatum
829 792 989 850 esse,
1024 776 1172 852 quid
1199 776 1394 852 magis
1423 791 1459 837 e
1485 792 1552 835 re
1573 774 1820 851 publica
1849 776 2099 839 duceret
2127 778 2310 839 aesti-

348 863 674 925 mationem
704 860 817 921 sibi
853 861 1232 936 permissam.

517 940 787 1019 Capua'm
828 960 865 1005 a
894 943 1136 1005 Calibus
1177 942 1438 1005 reditum
1479 949 1604 1019 est,
1647 942 1965 1018 Atellaque
1996 950 2057 1003 et
2085 944 2314 1009 Calatia

348 1028 408 1089 in
442 1028 813 1089 deditionem
844 1034 1154 1105 acceptae.
1217 1025 1304 1088 ibi
1336 1042 1584 1103 quoque
1612 1025 1673 1089 in
1705 1041 1816 1087 eos
1848 1027 1952 1101 qui
1981 1027 2183 1103 capita
2211 1044 2308 1087 re-

346 1126 479 1171 rum
520 1119 692 1172 erant
746 1112 1252 1173 animadversum.
1329 1110 1412 1172 ita
1452 1110 1531 1171 ad
1564 1111 1954 1187 septuaginta
1995 1110 2310 1187 principes

352 1203 600 1257 senatus
630 1194 949 1271 interfecti,
997 1194 1249 1257 trecenti
1280 1194 1468 1259 ferme
1497 1192 1735 1257 nobiles
1765 1194 2058 1269 Campani
2085 1196 2146 1255 in
2172 1210 2310 1255 car-

350 1294 551 1341 cerem
594 1278 855 1351 conditi;
901 1279 1001 1339 alii
1032 1293 1143 1356 per
1170 1278 1483 1339 sociorum
1505 1275 1700 1341 Latini
1730 1277 1991 1339 nominis
2033 1278 2218 1339 urbes
2250 1279 2308 1337 in

350 1363 665 1425 custodias
708 1362 834 1424 dati
876 1362 1061 1425 variis
1103 1361 1350 1423 casibus
1391 1362 1772 1433 interierunt3
1830 1360 2147 1423 multitudo
2191 1362 2314 1421 alia

350 1446 570 1509 civium
603 1446 1047 1521 Campanorum
1076 1462 1300 1507 venum
1343 1444 1502 1506 data.
1569 1446 1646 1505 de
1674 1444 1826 1508 urbe
1868 1460 2142 1519 agroque
2168 1445 2309 1507 reli-

351 1546 473 1603 qua
496 1528 859 1590 consultatio
886 1529 1013 1603 fuit,
1046 1527 1414 1604 quibusdam
1437 1530 1758 1593 delendam
1788 1528 2179 1589 censentibus
2212 1546 2310 1589 ur-

280 1658 289 1669 ,
350 1614 485 1674 bem
519 1611 956 1689 praevalidam,
989 1612 1416 1693 propinquam,
1447 1612 1766 1675 inimicam.
1834 1619 2100 1675 ceterum
2129 1628 2306 1687 prae-

350 1713 495 1759 sens
520 1696 745 1759 utilitas
758 1695 933 1757 vicit:
959 1712 1099 1756 nam
1112 1704 1365 1775 propter
1377 1712 1608 1773 agrum,
1635 1712 1814 1771 quem
1829 1696 1992 1757 omni
2009 1694 2310 1757 fertilitate

350 1788 547 1842 terrac
576 1781 727 1842 satis
758 1780 1083 1843 constabat
1108 1781 1372 1857 primum
1402 1780 1460 1843 in
1492 1781 1662 1841 Italia
1692 1794 1850 1850 csse,
1884 1778 2031 1839 urbs
2064 1787 2312 1839 servata

348 1872 460 1938 est,
505 1872 570 1925 ut
599 1870 768 1925 esset
810 1864 1017 1941 aliqua
1056 1870 1363 1927 aratorum
1393 1864 1598 1927 sedes.
1663 1864 1796 1925 urbi
1829 1862 2308 1939 frequentandae

348 1949 664 2012 multitudo
709 1944 1044 2009 incolarum
1082 1946 1620 2023 libertinorumque
1650 1954 1708 2008 et
1745 1945 2089 2009 institorum
2131 1946 2307 2023 opifi-

349 2046 611 2107 cumque
652 2037 919 2101 retenta;
966 2047 1111 2106 ager
1153 2030 1350 2091 omnis
1394 2036 1454 2091 et
1478 2036 1638 2093 tecta
1673 2029 1919 2107 publica
1947 2028 2306 2107 populiRo-

348 2114 509 2175 mani
541 2114 718 2175 facta.
777 2122 1043 2175 ceterum
1073 2114 1330 2176 habitari
1360 2121 1591 2191 tantum
1619 2121 1926 2189 tamquam
1955 2113 2168 2177 urbem
2197 2112 2307 2174 Ca·

348 2214 530 2275 puam
560 2197 1056 2275 frequentarique
1084 2199 1342 2275 placuit;
1391 2215 1616 2275 corpus
1647 2199 1872 2259 nullum
1905 2198 2161 2259 civitatis
2189 2213 2308 2257 nec

348 2288 599 2343 senatus
636 2297 752 2343 nec
793 2281 991 2358 plebis
1024 2282 1346 2346 concilium
1376 2298 1491 2343 nec
1532 2282 1918 2359 magistratus
1949 2296 2124 2343 essex
2171 2280 2307 2341 sine

348 2366 607 2427 concilio
655 2364 928 2441 publico,
974 2366 1109 2427 sinc
1150 2366 1406 2443 imperio
1437 2366 1919 2442 multitudinem,
1962 2364 2185 2427 nullius
2214 2364 2306 2423 rei

347 2450 501 2511 inter
522 2464 594 2510 se
618 2448 869 2525 sociam,
894 2450 975 2511 ad
998 2466 1366 2513 consensum
1389 2450 1716 2511 inhabilem
1737 2450 1888 2511 fore.
1927 2449 2303 2525 praefectum

347 2534 425 2595 ad
468 2534 601 2595 iura
640 2534 962 2597 reddenda
1001 2534 1077 2595 ab
1118 2532 1316 2597 Roma
1358 2534 1682 2610 quotannis
1712 2535 2047 2597 missuros.
2113 2530 2195 2594 ita
2223 2531 2309 2593 ad

348 2616 615 2693 Capuam
644 2632 747 2677 res
788 2618 1169 2695 compositae
1200 2616 1458 2680 consilio
1489 2617 1567 2679 ab
1599 2618 1762 2679 omni
1794 2623 1964 2694 parte
1992 2614 2308 2678 laudabili.

347 2715 565 2761 severe
590 2707 651 2760 et
670 2700 947 2763 celeriter
968 2700 1031 2761 in
1052 2701 1318 2765 maxime
1341 2701 1562 2765 noxios
1595 2701 2120 2771 animadversum3
2151 2699 2308 2761 mul-

344 2783 537 2845 titudo
569 2782 794 2845 civium
824 2783 1125 2861 dissipata
1153 2784 1213 2843 in
1242 2784 1471 2847 nullam
1499 2800 1676 2862 spem
1706 2784 1968 2846 reditus:
2012 2799 2134 2851 non
2167 2798 2308 2845 sae-

345 2866 531 2927 vitum
573 2866 875 2929 incendiis
906 2865 1224 2943 ruinisque
1262 2868 1324 2928 in
1357 2875 1514 2930 tecta
1554 2869 1802 2929 innoxia
1831 2883 2195 2944 murosqne;
2249 2872 2312 2927 et

344 2965 481 3013 curn
510 2949 917 3011 emolumento
943 2950 1221 3029 quaesita
1244 2951 1422 3013 etiam
1447 2953 1615 3030 apud
1637 2954 1847 3015 socios
1873 2951 2136 3017 lenitatis
2161 2966 2308 3028 spe·

344 3033 471 3093 cies
515 3032 924 3095 incolumitate
969 3032 1139 3095 urbis
1192 3035 1610 3099 nobilissimae
1661 3036 2320 3112 opulentissimaeque,

343 3116 517 3177 cuius
540 3115 730 3177 ruinis
763 3116 960 3179 omnis
979 3118 1329 3195 Campania,
1362 3136 1576 3181 omnes
1600 3124 1703 3195 qui
1719 3119 2110 3195 Campaniam
2140 3118 2309 3177 circa

343 3200 625 3263 accolunt
667 3200 879 3277 populi
916 3201 1390 3277 ingemuissent=
1434 3204 1746 3267 consessio
1790 3218 2092 3281 expressa
2118 3200 2308 3273 hosti,

344 3291 571 3363 quanta
595 3285 692 3345 vis
722 3284 783 3347 in
810 3284 1105 3349 Romanis
1136 3286 1216 3349 ad
1246 3287 1625 3363 expetendas
1655 3300 1893 3364 poenas
1917 3286 1999 3347 ab
2041 3282 2306 3349 infideli-

342 3366 457 3429 bus
488 3368 695 3440 sociis‚
736 3374 800 3427 et
828 3384 1009 3445 quam
1036 3368 1183 3429 nihil
1210 3369 1274 3431 in
1303 3368 1641 3434 Hannibale
1667 3367 1876 3433 auxilii
1907 3368 1986 3431 ad
2016 3372 2311 3447 receptos

342 3450 402 3511 in
431 3450 616 3513 fidem
642 3451 907 3513 tuendos
934 3457 1122 3513 esset.
