2550 3959
406 202 529 267 122
700 204 927 264 LlBER
952 204 1168 265 XXVI.
1214 204 1379 265 CAP.
1414 212 1498 267 17.
1533 214 1616 267 18.
1659 210 1731 279 [a.
1767 208 1834 263 U.
1863 228 1913 263 c.
1943 211 2070 277 5411

404 360 485 420 ad
515 358 819 429 Neronem
865 358 967 433 qui
1011 358 1068 417 in
1112 366 1426 433 posterum
1457 358 1618 417 diem
1650 356 2020 431 colloquium
2065 356 2368 420 differ-:etz

404 444 567 503 illum
590 443 749 503 diem
775 442 1123 517 religiosum
1143 440 1742 517 Carthaginiensibus
1764 442 1845 501 ad
1871 442 2173 515 agendum
2195 443 2366 516 quic-

405 543 585 603 quam
608 528 692 585 rei
720 526 921 585 seriae
944 540 1108 585 esse.
1154 533 1376 585 netum
1404 526 1648 601 quidem
1679 532 1969 601 suspecta
1992 525 2181 585 fraus.
2227 541 2365 586 cum

402 618 571 671 esset
611 612 755 669 data
786 610 963 667 venia
1004 610 1137 669 eius
1170 609 1327 683 diei,
1373 610 1806 684 extemploque
1834 608 2182 669 Hasdrubal
2227 625 2365 669 cum

402 694 671 771 equitatu
700 694 1164 768 elephantisque
1194 693 1411 754 castris
1441 708 1752 767 egressus,
1794 692 1930 751 sine
1959 693 2080 753 ullo
2102 694 2364 761 tumultu

403 780 464 837 in
508 785 695 838 tutum
738 778 953 836 evasit.
1015 777 1169 837 hora
1204 778 1392 837 ferme
1423 782 1638 851 quarta
1665 777 1946 851 dispulsa
1973 776 2107 837 sole
2135 776 2364 840 nebula

401 862 642 937 aperuit
670 860 847 935 diem,
880 876 1201 937 vacuaque
1227 860 1494 922 hostium
1527 866 1725 920 castra
1753 868 2210 935 conspexerunt
2238 862 2363 923 Ro-

402 946 582 1005 mani.
625 952 749 1005 tum
772 946 1021 1005 v„demum
1052 944 1341 1005 Claudius
1372 944 1658 1003 Punicam
1688 944 1960 1003 fraudem
1989 958 2361 1019 agnoscenS,

401 1035 466 1089 ut
505 1044 577 1088 se
618 1029 762 1088 dolo
805 1035 1047 1104 captum
1090 1030 1333 1103 sensit,
1371 1028 1858 1103 proficiscentem
1911 1028 2122 1089 institit
2161 1030 2362 1105 sequi,

405 1119 651 1188 paratus
695 1112 1029 1188 confligere
1072 1113 1234 1173 acie:
1279 1114 1391 1173 sed
1423 1113 1619 1173 hostis
1662 1112 2036 1174 detractabat
2073 1128 2364 1189 pugnam.

405 1196 567 1256 levia
594 1204 796 1256 tamen
828 1197 1063 1272 proelia
1090 1196 1245 1257 inter
1274 1204 1610 1257 extremum
1623 1195 1908 1255 Punicum
1939 1212 2156 1271 agmen
2184 1212 2362 1272 prae-

403 1296 815 1356 cursoresque
846 1282 1253 1342 Romanorum
1285 1280 1530 1340 fiebant.

568 1364 782 1424 XVIII.
814 1365 974 1425 Inter
994 1364 1151 1424 haec
1166 1364 1502 1439 Hispaniae
1527 1364 1733 1440 populi
1759 1378 1890 1437 nec,
1921 1363 2026 1439 qui
2058 1368 2204 1439 post
2231 1364 2358 1423 cla·

401 1448 542 1507 dem
572 1455 888 1523 acceptam
912 1449 1281 1522 defecerant,
1324 1448 1604 1508 redibant
1631 1448 1706 1507 ad
1731 1448 2062 1521 RomanOS,
2105 1462 2219 1506 nec
2249 1448 2358 1507 ulli

399 1531 544 1590 novi
585 1530 968 1593 deficiebant.
1032 1539 1093 1591 et
1120 1532 1352 1591 Romae
1394 1532 1630 1592 senatui
1675 1532 2034 1609 populoque
2078 1539 2222 1605 post
2259 1548 2356 1591 re-

404 1620 643 1690 ceptam
689 1615 957 1691 Capuam
1000 1632 1124 1676 non
1164 1616 1373 1677 Italiae
1415 1617 1532 1676 iam
1574 1616 1769 1675 maior
1809 1632 1989 1691 quam
2021 1614 2358 1690 Hispaniae

382 1711 546 1758 m
570 1705 720 1775 erat,
754 1705 813 1759 et
840 1701 1171 1761 exercitum
1201 1699 1410 1775 augeri
1435 1706 1494 1760 et
1522 1702 1947 1775 imperatorem
1977 1698 2127 1759 mitti
2149 1699 2357 1773 place-

402 1781 521 1843 bat.
554 1784 1426 1858 nectmoequemmitterent
1442 1784 1595 1846 satis
1615 1782 1950 1857 constabat,
1978 1798 2160 1859 quam
2185 1782 2355 1856 illud,

399 1866 501 1925 ubi
529 1866 649 1927 duo
682 1869 900 1927 summi
930 1869 1328 1946 imperuim
1351 1867 1938 1943 ina-aniestriginta
1967 1866 2354 1940 cecidissent,

400 1952 503 2023 qui
533 1950 594 2009 in
624 1952 823 2011 locum
854 1954 1111 2013 duorum
1140 1954 1518 2027 succederet,
1564 1950 2043 2012 extraordinaria
2063 1951 2355 2011 mde-

400 2034 704 2107 ligendum
734 2050 897 2096 esse.
943 2052 1077 2096 cum
1107 2038 1207 2095 alii
1237 2036 1420 2097 alium
1445 2036 1841 2112 nominarent,
1874 2041 2244 2112 postremum
2275 2050 2354 2095 eo

398 2118 724 2177 decursum
768 2125 888 2193 cst,
931 2127 997 2179 ut
1042 2122 1304 2195 populus
1336 2121 1690 2197 proconsuli
1731 2120 1996 2181 creando
2041 2120 2101 2179 in
2128 2118 2353 2195 Hispa-

396 2200 557 2262 niam
598 2203 843 2264 comitia
872 2203 1151 2275 haberet3
1200 2205 1489 2281 diemque
1517 2204 1778 2266 comitiis
1807 2204 2096 2265 consules
2138 2203 2348 2263 edixe-

395 2291 551 2346 runt.
615 2287 810 2361 primo
852 2295 1390 2363 exspectaverant,
1434 2295 1500 2349 ut
1527 2288 1632 2364 qui
1661 2304 1730 2349 se
1759 2296 1923 2349 tanto
1968 2288 2226 2363 imperio
2258 2287 2353 2347 di-

392 2382 552 2443 gnos
596 2371 940 2444 crederent,
986 2372 1233 2432 nomina
1273 2372 1720 2449 profiterentur.
1785 2386 1942 2448 quae
1968 2379 2034 2433 ut
2063 2371 2347 2436 destituta

348 2524 353 2531 ι
393 2456 773 2527 exspectatio
817 2464 939 2530 est,
984 2456 1428 2532 redintegratus
1459 2458 1654 2518 luctus
1697 2462 1988 2531 acceptae
2015 2455 2211 2516 cladis
2241 2456 2350 2515 de·

394 2536 809 2613 sideriumque
851 2540 1295 2616 imperatorum·
1323 2542 1708 2601 amissorum.
1769 2546 2002 2599 maesta
2029 2540 2236 2614 itaque
2266 2540 2350 2600 ci-

389 2620 567 2694 vitas,
601 2637 797 2697 prope
824 2623 1005 2700 inops
1034 2625 1292 2699 consilii,
1325 2625 1702 2685 comitiorum
1732 2624 1832 2683 die
1858 2630 2060 2685 tamen
2091 2624 2152 2683 in
2183 2638 2347 2685 cam·

390 2719 535 2778 pum
558 2705 907 2777 descendit3
939 2713 1125 2782 atque
1152 2708 1211 2766 in
1236 2708 1621 2783 magistratus
1644 2707 1808 2767 versi
1837 2708 2352 2783 circumspectant

390 2802 501 2847 ora
526 2788 867 2864 principum
898 2791 1151 2851 aliorum
1184 2791 1340 2849 alios
1367 2791 1742 2862 intuentium,
1771 2791 2156 2867 fremuntque
2185 2792 2345 2852 adeo

390 2872 661 2945 perditas
689 2888 790 2931 res
822 2873 1338 2949 desperatumque
1373 2876 1452 2935 de
1479 2891 1548 2935 re
1579 2874 1822 2951 publica
1849 2890 2022 2947 esse,
2067 2882 2134 2935 ut
2163 2891 2344 2935 nemo

387 2953 613 3015 audeat
632 2955 693 3013 in
707 2955 1062 3031 Hispaniam
1084 2957 1400 3031 imperium
1423 2958 1720 3035 accipere,
1745 2974 1882 3020 cum
1900 2959 2101 3019 subito
2115 2958 2180 3020 P.
2199 2958 2345 3021 Cor-

386 3036 613 3110 nelius,
642 3037 847 3099 'Publii
888 3040 1178 3114 Cornelii,
1226 3041 1328 3115 qui
1358 3041 1418 3100 in
1447 3042 1740 3118 Hispania
1781 3042 2115 3116 ceciderat,
2160 3042 2343 3117 filiuS,

388 3128 673 3194 quattuor
700 3128 759 3181 et
782 3124 989 3197 viginti
1020 3124 1205 3183 ferme
1238 3140 1436 3185 annos
1459 3135 1652 3199 natuS‚
1686 3128 2010 3202 professus
2039 3140 2112 3185 se
2131 3133 2344 3202 petere

387 3202 442 3263 in
468 3205 805 3281 superiore,
836 3207 999 3266 unde
1024 3208 1300 3283 conspici
1324 3216 1554 3283 posset,
1585 3210 1721 3269 loco
1742 3209 2028 3271 constitit.
2071 3208 2130 3269 in
2157 3227 2341 3286 quem

383 3294 714 3362 postquam
756 3291 1022 3350 omnium
1054 3308 1164 3351 ora
1191 3301 1498 3353 conversa
1525 3300 1680 3367 sunt,
1727 3294 1993 3355 clamore
2021 3308 2094 3353 ac
2127 3294 2342 3355 favore

384 3371 631 3433 ominati
675 3374 981 3450 externplo
1011 3379 1150 3435 sunt
1178 3374 1327 3436 felix
1357 3377 1740 3450 faustumque
1783 3375 2118 3455 imperium.
2186 3378 2338 3439 iussi

382 3454 609 3515 deinde
651 3456 801 3516 inire
842 3456 1201 3527 suffragium
1256 3458 1334 3519 ad
1376 3475 1561 3519 unum
1607 3474 1820 3521 omnes
1863 3477 1986 3523 non
2029 3460 2344 3523 centuriae
