2550 3959
574 242 803 303 LIBER
830 241 1044 301 XXVI.
1089 240 1490 304 CAP.15.16.
1536 247 1607 316 [a.
1634 247 1700 308 c,
1723 249 1848 315 2111
2069 241 2196 307 11⁹

224 402 482 458 stratum
512 392 847 455 Sidicinum
892 392 1063 453 citari
1105 394 1316 469 iussit,
1357 394 1830 472 imperavitque,
1873 403 1936 458 ut
1964 399 2189 475 produ-

227 486 391 541 ceret
405 478 757 554 Campanos
782 492 939 553 quos
963 476 1024 536 in
1048 476 1331 539 custodia
1349 476 1620 539 haberet.
1649 479 1930 551 producti
1956 497 2190 557 omneS,

228 564 544 639 virgisque
588 561 753 621 caesi
800 576 873 621 ac
902 560 1103 621 securi
1134 562 1432 638 percussi.
1497 562 1638 623 inde
1669 564 1849 623 citato
1887 580 2047 640 equo
2081 566 2189 626 Ca·

226 649 315 709 les
357 646 690 723 percurritz
735 643 840 707 ubi
883 643 1109 705 cumin
1151 642 1435 705 tribunali
1463 646 1851 709 consedisset
1879 648 2188 725 producti-

224 746 344 807 que
361 729 657 805 Campani
687 728 1095 803 deligarentur
1120 728 1202 789 ad
1222 727 1447 804 palum,
1493 745 1685 807 eques
1717 730 1870 793 citus
1902 731 1977 791 ab
1993 732 2188 792 Roma

226 814 411 887 venit,
457 814 812 890 litterasque
843 829 879 872 a
909 812 971 873 C.
1004 810 1328 887 Calpurnio
1361 821 1642 888 praetore
1671 812 1886 876 Fulvio
1921 822 1981 876 et
2009 831 2188 875 sena-

228 907 319 960 tus
362 898 707 958 consultum
746 895 945 955 tradit.
1009 910 1279 956 murmur
1320 895 1397 955 ab
1427 896 1708 959 tribunali
1737 904 1923 960 totam
1955 899 2188 961 contio-

227 998 363 1043 nem
398 978 701 1057 pervasit=
747 978 977 1039 differri
1006 994 1135 1039 rem
1166 978 1461 1055 integram
1490 981 1570 1040 ad
1601 988 1807 1057 patres
1838 984 1915 1043 de
1930 983 2187 1059 Campa·

226 1066 339 1125 nis.
407 1072 469 1124 et
495 1062 743 1124 Fulvius
787 1064 848 1122 id
890 1062 971 1122 ita
1012 1077 1155 1123 esse
1182 1068 1353 1123 ratus
1397 1071 1684 1139 acceptas
1727 1066 1957 1126 litteras
1989 1082 2189 1143 neque

224 1148 531 1209 resolutas
563 1163 697 1207 cum
730 1146 786 1206 in
819 1144 1049 1222 gremio
1079 1148 1494 1224 reposuisset,
1533 1150 1824 1223 praeconi
1854 1150 2187 1226 imperavit,

224 1240 289 1293 ut
313 1233 586 1293 lictorem
616 1231 751 1307 lege
792 1244 974 1306 agere
1002 1229 1253 1291 iuberet.
1324 1230 1406 1291 ita
1435 1230 1514 1291 de
1554 1230 1629 1291 iis
1662 1247 1910 1309 quoque
1941 1235 2045 1309 qui
2077 1232 2186 1294 Ca-

225 1316 386 1377 libus
430 1321 603 1377 erant
647 1320 954 1390 sumptum
996 1313 1386 1390 supplicium.
1453 1321 1578 1376 tum
1607 1314 1838 1377 litterae
1867 1316 2061 1377 lectae
2091 1332 2187 1377 se-

226 1408 533 1477 natusque
575 1399 921 1460 consultum
960 1413 1164 1459 serum
1194 1398 1275 1458 ad
1319 1398 1769 1475 impediendam
1795 1415 1924 1459 rem
1969 1408 2184 1472 actam,

226 1499 389 1561 quae
419 1498 657 1543 summa
688 1498 879 1559 opera
907 1489 1318 1558 approperata
1347 1490 1493 1559 erat,
1538 1498 1614 1543 ne
1644 1482 1923 1561 impediri
1955 1492 2187 1560 posset.

225 1572 697 1643 consurgentem
740 1566 859 1625 iam
889 1564 1163 1625 Fulvium
1204 1564 1439 1627 Taurea
1477 1566 1777 1629 Vibellius
1821 1568 2184 1645 CampanuS,

224 1668 335 1728 pcr
377 1650 642 1711 mediam
679 1650 914 1710 vadens
944 1648 1210 1724 turbam,
1257 1650 1502 1711 nomine
1544 1651 1915 1724 inclamavit,
1962 1659 2186 1711 etcum

230 1734 662 1808 mirabunduS,
734 1733 1022 1809 quidnam
1066 1747 1209 1793 sese
1252 1733 1466 1808 vellet,
1533 1734 1872 1816 resedisset
1912 1734 2188 1809 FlaccuS,

226 1834 365 1894 „me
398 1821 686 1894 quoque“
715 1817 913 1894 inquit
939 1815 1124 1891 „iube
1153 1816 1370 1891 occidi,
1401 1823 1466 1877 ut
1493 1816 1739 1891 gloriari
1765 1816 1973 1893 possis
2001 1820 2188 1879 multo

226 1902 541 1964 fortiorem
563 1917 746 1977 quam
775 1901 910 1978 ipse
935 1914 1022 1976 es,
1064 1900 1258 1961 virum
1279 1900 1392 1961 abs
1414 1906 1474 1962 te
1504 1900 1771 1961 occisum
1804 1905 2006 1962 esse“.
2053 1916 2185 1961 cum

222 1986 484 2047 flaccus
538 1991 788 2061 negaret
834 1986 1113 2060 protecto
1148 1984 1306 2045 atis
1357 1990 1708 2061 compotem
1759 1984 1977 2047 mentis
2027 2000 2189 2059 esse,

228 2072 415 2133 modo
438 2068 750 2145 prohiberi
779 2069 1075 2144 etiamse,
1108 2068 1161 2129 si
1190 2069 1252 2129 id
1283 2069 1483 2145 vellet,
1514 2076 1764 2131 senatus
1796 2072 2075 2131 consulto
2101 2068 2190 2130 di-

230 2161 416 2232 (teret,
453 2159 577 2214 tum
606 2152 907 2213 Vibellius
937 2153 1229 2230 „quando
1262 2153 1550 2227 quidem“
1578 2153 1788 2229 inquit,
1835 2160 2055 2230 „capta
2083 2170 2192 2230 pa-

230 2240 376 2311 tria,
422 2236 787 2315 propinquis
820 2235 1156 2312 amicisque
1185 2234 1458 2313 amissiS,
1502 2252 1638 2298 cum
1669 2239 1806 2314 ipse
1834 2254 2018 2299 manu
2054 2252 2192 2297 mea

228 2323 554 2397 coniugem
595 2320 947 2396 liberosque
988 2320 1419 2395 interfecerim,
1463 2336 1542 2382 ne
1571 2322 1719 2396 quid
1760 2321 1991 2397 indigni
2023 2327 2191 2398 pate-

227 2412 457 2481 rentur,
492 2404 635 2464 mihi
668 2420 745 2464 ne
772 2404 985 2465 mortis
1017 2404 1261 2480 quidem
1294 2404 1473 2479 copia
1503 2403 1718 2464 eadem
1747 2410 1858 2478 est,
1907 2420 2064 2479 quae
2094 2404 2190 2465 liis

228 2489 473 2550 civibus
520 2488 705 2563 meis,
765 2494 1002 2565 petatur
1042 2502 1080 2546 a
1106 2488 1326 2548 virtute
1369 2486 1606 2546 invisae
1634 2488 1813 2547 huius
1857 2488 2019 2547 vitae
2061 2488 2190 2547 vin·

108 2603 127 2621 ο
228 2575 457 2636 dicta“.
522 2579 707 2649 atque
734 2572 817 2632 ita
844 2570 1083 2647 gladio,
1130 2585 1313 2646 quem
1344 2576 1517 2630 veste
1544 2576 1794 2647 texerat,
1837 2586 1949 2647 per
1976 2570 2192 2631 adver-

229 2674 368 2718 sum
395 2663 610 2733 pectus
638 2654 969 2717 transfixus
993 2661 1133 2715 ante
1156 2654 1351 2731 pedes
1382 2654 1766 2730 imperatoris
1791 2652 2194 2715 moribundus

234 2740 579 2817 procubuit.
630 2739 791 2799 XVI.
824 2738 974 2813 Quia
1003 2744 1062 2797 et
1091 2739 1260 2814 quod
1291 2738 1372 2797 ad
1400 2738 1765 2813 supplicium
1797 2737 2187 2799 attinetCam·

231 2840 535 2901 panorum
579 2831 638 2884 et
667 2824 963 2899 pleraque
1004 2821 1121 2882 alia
1150 2821 1229 2882 de
1258 2820 1459 2881 Flacci
1501 2821 1682 2883 unius
1714 2822 2014 2883 sententia
2057 2828 2194 2883 acta

230 2914 435 2984 erant,
493 2912 793 2969 mortuum
836 2907 955 2981 Ap.
1001 2904 1315 2965 Claudium
1367 2905 1480 2966 sub
1537 2904 1908 2967 deditionem
1951 2904 2196 2985 Capuae

234 2992 487 3068 quidam
515 2990 775 3051 tradunt.
827 2989 989 3050 hunc
1018 3004 1267 3065 quoque
1298 2988 1498 3065 ipsum
1527 2990 1824 3051 Tauream
1853 3003 2054 3067 neque
2084 3005 2200 3050 sua

233 3082 459 3151 sponte
496 3074 751 3135 venisse
782 3072 957 3133 Cales
1000 3088 1202 3147 neque
1241 3088 1356 3133 sua
1395 3088 1576 3133 manu
1621 3074 2031 3145 interfectum,
2084 3073 2198 3133 sed

235 3174 373 3219 cum
403 3158 559 3218 inter
588 3164 825 3219 ceteros
862 3157 943 3216 ad
972 3156 1174 3232 palum
1206 3154 1507 3231 deligatus
1540 3156 1868 3232 quiritaret,
1916 3156 2059 3233 quia
2089 3171 2196 3231 pa-

236 3259 370 3303 rum
413 3242 570 3303 inter
612 3242 901 3317 strepitus
932 3238 1209 3301 exaudiri
1238 3244 1498 3315 possent
1527 3255 1686 3315 quae
1729 3238 2196 3313 vociferabatur,

237 3325 543 3388 silentium
584 3325 715 3387 fieri
744 3325 1025 3385 Flaccum
1066 3322 1359 3394 iussisse;
1408 3329 1532 3383 tum
1558 3321 1853 3384 Tauream
1897 3323 1997 3383 illa
2039 3337 2199 3399 quac

236 3421 378 3472 ante
401 3418 731 3471 memorata
766 3415 906 3470 sunt
936 3406 1190 3481 dixisse,
1233 3406 1428 3465 virum
1459 3421 1528 3465 se
1559 3406 1954 3468 fortissimum
1985 3408 2060 3468 ab
2093 3422 2198 3467 ne-

239 3510 550 3571 quaquam
596 3493 727 3570 pari
771 3494 847 3553 ad
892 3492 1167 3551 virtutem
1210 3489 1441 3548 occidi=
1483 3487 1596 3548 sub
1637 3488 1790 3550 haec
1823 3489 1985 3552 dicta
2026 3490 2208 3551 iussu
