2550 3959
318 231 442 295 108
694 230 928 291 LIBER
953 230 1167 291 XXVI.
1212 228 1380 289 CAP.
1409 238 1463 293 6.
1507 230 1580 307 [a.
1603 233 1674 288 U.
1707 252 1754 289 c.
1781 234 1907 309 541]

314 384 419 445 Vl.
462 381 614 445 etM.
628 382 851 443 Atilius
880 381 1116 456 legatus
1147 380 1326 455 primi
1355 378 1650 455 principis
1681 394 1759 438 ex
1788 378 2006 438 eadem
2035 378 2285 453 legione

316 468 557 543 signum
608 466 816 526 inferri
856 466 921 525 in
963 463 1280 524 cohortem
1318 463 1735 539 Hispanorum
1776 461 2004 537 coegit=
2071 470 2134 523 et
2175 462 2284 537 qui

316 552 537 612 castris
566 556 908 626 praeerant,
936 548 1003 607 L.
1026 546 1279 607 Porcius
1301 547 1550 607 Licinus
1577 552 1640 607 et
1665 546 1729 605 T.
1753 544 2048 623 Popillius
2077 546 2282 623 legati,

314 652 429 713 pro
452 636 618 696 vallo
640 634 862 694 acriter
882 636 1292 708 propugnant,
1315 630 1803 707 elephantosque
1824 629 2283 705 transgredien-

235 786 241 791 ,
314 728 409 781 tes
438 717 500 779 in
528 720 668 796 ipso
696 716 863 777 vallo
895 715 1246 776 conficiunt.
1315 730 1574 789 quorum
1606 712 1970 790 corporibus
2001 727 2141 775 cum
2168 730 2282 791 op-

314 805 480 881 pleta
502 803 678 863 fossa
704 808 891 875 esset,
916 800 1086 859 velut
1112 814 1340 875 aggere
1368 806 1472 859 aut
1492 805 1680 875 ponte
1707 797 1930 859 iniecto
1959 798 2282 859 transitum

316 886 601 947 hostibus
647 884 833 945 dedit.
900 882 984 943 ibi
1012 899 1127 960 per
1153 890 1422 959 stragem
1463 881 1788 943 iacentium
1817 882 2294 958 elephantorum

318 979 493 1032 atrox
522 969 687 1029 edita
708 968 957 1029 caedes.
1002 968 1193 1028 altera
1220 966 1282 1027 in
1312 973 1485 1043 parte
1513 972 1854 1027 castrorum
1879 967 2000 1026 iam
2031 966 2282 1042 impulsi

318 1060 491 1115 erant
512 1052 804 1129 campani
830 1051 1247 1127 Punicumque
1276 1050 1669 1127 praesidium,
1700 1057 1761 1110 et
1785 1049 1902 1111 sub
1932 1050 2072 1125 ipsa
2099 1056 2284 1125 porta

316 1138 567 1214 Capuae
580 1183 598 1213 ,
644 1152 805 1213 quae
836 1136 1201 1197 Vulturnum
1244 1135 1388 1210 fert,
1445 1133 1858 1210 pugnabatur:
1911 1150 2114 1210 neque
2154 1140 2280 1195 tam

314 1222 527 1283 armati
580 1219 1055 1298 irrumpentibus
1096 1218 1390 1279 Romanis
1431 1218 1827 1293 resistebant,
1885 1234 2068 1293 quam
2109 1217 2280 1293 quod

313 1313 495 1383 porta
513 1305 774 1367 ballistis
804 1302 1364 1380 scorpionibusque
1393 1302 1685 1363 instructa
1705 1302 2040 1363 missilibus
2059 1303 2279 1379 procul

314 1390 531 1451 hostes
573 1388 838 1450 arcebat.
902 1394 964 1447 et
992 1384 1359 1463 suppressit
1383 1386 1674 1463 impetum
1701 1388 2116 1449 Romanorum
2143 1386 2279 1447 vul—

314 1489 431 1535 nus
474 1472 861 1550 imperatoris
900 1472 1022 1548 Ap.
1049 1470 1316 1546 Claudii,
1361 1470 1458 1531 cui
1497 1486 1650 1531 suos
1691 1478 1831 1531 ante
1871 1471 2070 1547 prima
2101 1470 2277 1545 signa

313 1556 659 1618 adhortanti
688 1556 801 1617 sub
824 1555 1004 1617 laevo
1024 1554 1280 1617 humero
1304 1570 1605 1615 summum
1627 1561 1845 1631 pectus
1869 1568 2062 1631 gaeso
2093 1555 2277 1615 ictum

315 1647 430 1703 est.
475 1656 699 1716 magna
728 1639 823 1701 vis
850 1646 1055 1700 tamen
1082 1638 1352 1712 hostium
1379 1646 1520 1699 ante
1548 1647 1796 1716 portam.
1819 1647 1915 1700 est
1943 1654 2146 1715 caesa,
2177 1654 2275 1699 ce-

312 1724 425 1785 teri
465 1724 685 1801 trepidi
725 1725 787 1785 in
828 1724 1043 1785 urbem
1086 1723 1408 1799 compulsi.
1471 1730 1534 1783 et
1559 1722 1894 1798 Hannibal,
1943 1729 2278 1800 postquam

314 1809 589 1871 cohortis
615 1809 1029 1885 Hispanorum
1068 1813 1336 1884 stragem
1371 1807 1525 1868 vidit
1565 1822 1930 1883 summaque
1970 1806 2030 1868 vi
2075 1814 2278 1868 castra

312 1893 582 1971 hostium
613 1893 891 1967 defendi,
934 1892 1169 1953 omissa
1208 1892 1672 1969 oppugnatione
1701 1892 1982 1968 recipere
2010 1890 2189 1967 signa
2217 1898 2279 1952 et

314 1984 675 2038 convertere
703 1992 921 2051 agmen
950 1976 1225 2051 peditum
1254 1974 1494 2038 obiecto
1526 1975 1603 2037 ab
1631 1983 1804 2051 tergo
1849 1975 2122 2051 equitatu
2135 2020 2152 2052 ,
2195 1990 2276 2035 ne

314 2059 513 2121 hostis
542 2060 813 2133 instaret,
845 2060 1067 2135 coepit.
1131 2059 1438 2135 legionum
1458 2060 1654 2121 ardor
1680 2060 1896 2135 ingens
1927 2060 2008 2121 ad
2034 2060 2276 2121 hostem

313 2144 765 2220 insequendum
794 2144 937 2207 fulta
978 2142 1237 2204 Flaccus
1282 2145 1556 2220 receptui
1585 2144 1723 2205 cani
1763 2144 1972 2217 iussit,
2011 2143 2164 2205 satis
2193 2144 2276 2204 ad

311 2237 635 2305 utrumque
658 2228 1000 2303 profectum
1020 2234 1207 2299 ratus,
1231 2234 1298 2288 ut
1319 2234 1380 2289 et
1397 2228 1708 2313 Campani,
1731 2244 1916 2302 quam
1938 2228 2102 2288 haud
2123 2227 2270 2287 mul-

311 2321 439 2374 tum
465 2313 529 2373 in
556 2312 897 2373 Hannibale
925 2312 1219 2388 praesidii
1260 2320 1457 2385 esset,
1497 2319 1561 2373 et
1591 2312 1732 2387 ipse
1757 2311 2059 2373 Hannibal
2087 2311 2276 2372 senti-

312 2404 423 2456 ret.
486 2410 672 2457 caesa
710 2412 786 2457 eo
834 2395 935 2457 die
980 2395 1084 2469 qui
1123 2395 1306 2457 huius
1348 2408 1593 2471 pugnae
1635 2404 1918 2456 auctores
1947 2403 2092 2457 sunt
2131 2404 2272 2457 octo

312 2479 477 2541 milia
519 2480 830 2541 hominum
872 2481 953 2541 de
978 2480 1336 2540 Hannibalis
1381 2479 1656 2540 exercitu
1693 2479 1808 2539 tria
1837 2495 1916 2539 ex
1945 2480 2272 2555 campanis

314 2564 583 2638 tradunt,
626 2565 926 2640 signaque
956 2562 1556 2640 Carthaginiensibus
1590 2562 1938 2639 quindecim
1966 2564 2271 2640 adempta,

312 2648 730 2723 duodeviginti
775 2647 1121 2723 Campanis.
1201 2646 1370 2722 apud
1412 2646 1569 2707 alios
1613 2660 2003 2723 nequaquam
2043 2654 2270 2709 tantam

311 2732 533 2793 molem
562 2746 809 2807 pugnae
848 2730 1081 2806 iuveni,
1127 2734 1394 2807 plusque
1423 2732 1676 2807 pavoris
1709 2748 1892 2807 quam
1923 2732 2272 2793 certaminis

311 2815 524 2889 fuisse,
556 2831 692 2875 cum
720 2815 1032 2891 inopinato
1062 2820 1265 2875 castra
1277 2815 1556 2875 Romana
1581 2814 1877 2876 Numidae
1888 2815 2274 2892 Hispanique

312 2913 451 2959 cum
491 2898 836 2974 elephantis
878 2898 1273 2975 irrupissent,
1317 2899 1623 2976 elephanti
1672 2916 1784 2975 per
1823 2900 2027 2961 media
2065 2908 2274 2961 castra

310 2982 610 3041 vadentes
635 2990 901 3059 stragem
922 2982 1454 3044 tabernaculorum
1481 2984 1708 3060 ingenti
1737 2986 1940 3045 sonitu
1968 3000 2044 3044 ac
2065 2984 2272 3059 fugam

310 3065 797 3141 abrumpentium
818 3066 1065 3126 vincula
1082 3066 1484 3129 iumentorum
1507 3070 1792 3129 facerent.
1823 3069 2100 3130 fraudem
2115 3084 2268 3145 quo-

314 3165 433 3225 que
464 3164 654 3225 super
678 3150 996 3211 tumultum
1030 3150 1332 3212 adiectam
1361 3151 1649 3214 immissis
1678 3151 1756 3213 ab
1778 3152 2134 3229 Hannibale,
2167 3152 2280 3229 qui·

316 3266 392 3278 -
423 3233 635 3295 habuit
661 3234 897 3309 aliquot
927 3266 1000 3277 —
1046 3235 1220 3309 gnari
1248 3235 1500 3298 Latinae
1529 3236 1772 3313 linguae
1815 3236 2096 3299 iuberent
2123 3252 2270 3297 con-

312 3318 512 3378 sulum
534 3316 743 3378 verbis
766 3319 1057 3393 quoniam
1086 3318 1318 3379 amissa
1337 3329 1540 3381 castra
1569 3329 1796 3396 essent,
1828 3338 1940 3397 pro
1967 3337 2038 3382 se
2061 3338 2271 3397 quem-

313 3416 437 3476 quc
460 3400 714 3463 militum
734 3401 796 3461 in
818 3402 1139 3479 proximos
1160 3411 1399 3465 montes
1425 3406 1667 3481 sugerez
1699 3405 1814 3466 sed
1835 3421 1972 3466 eam
1996 3405 2274 3465 celeriter

311 3482 617 3562 cognitam
646 3484 939 3557 fraudem,
982 3502 1472 3565 oppressamque
1499 3504 1722 3565 magna
1749 3488 1942 3551 caede
1969 3488 2269 3559 hostium
