2550 3959
572 242 804 305 LIBER
831 242 1019 304 xxv.
1064 242 1232 305 cAP.
1254 252 1342 307 29.
1366 252 1455 308 ao.
1504 250 1576 319 [a.
1602 251 1666 304 c.
1691 252 1818 321 ω]
2099 244 2176 312 87

212 414 353 460 sent
366 444 383 473 ,
436 413 552 459 sex
600 397 951 473 praefectos
996 410 1287 457 creavere
1301 442 1317 472 ,
1367 404 1434 458 ut
1461 397 1637 461 ,terni
1678 397 2069 460 Achradinae
2108 416 2186 461 ac

214 482 378 544 Naso
423 487 805 559 praeessent.
879 480 1097 543 sedato
1137 480 1378 541 tandem
1409 482 1669 542 tumultu
1696 483 2180 558 exsequentibus

214 565 591 627 sciscitando
607 610 624 640 ,
666 578 826 640 quae
867 570 1004 625 acta
1044 579 1181 624 cum
1209 564 1506 627 Romanis
1536 572 1777 641 essent,
1818 566 2090 627 dilucere
2117 569 2183 629 id

214 649 387 725 quod
416 654 548 710 erat
576 646 795 724 coepit,
826 648 1004 709 aliam
1042 663 1216 707 suam
1240 663 1279 708 a
1299 649 1696 724 perfugarum
1731 664 1980 710 causam
2015 665 2178 711 esse.

211 732 394 793 XXX.
438 732 498 792 in
542 740 818 806 tempore
855 730 1036 807 legati
1078 738 1115 791 a
1152 731 1442 793 Marcello
1483 733 1829 807 redierunt,
1871 734 2030 795 falsa
2068 751 2179 797 eos

212 816 572 892 suspicione
596 816 881 877 incitatos
910 821 1338 891 memoranteS,
1367 831 1484 877 nec
1513 833 1766 878 causam
1795 821 2182 895 expetendae

210 914 455 977 poenae
489 915 702 961 eorum
735 901 921 959 ullam
948 900 1242 961 Romanis
1272 914 1434 960 esse.
1499 907 1631 961 erat
1658 916 1694 960 e
1722 901 1917 963 tribus
1944 902 2181 964 Achra·

212 982 397 1044 dinae
426 983 753 1059 praefectis
774 982 1087 1058 Hispanus
1108 983 1420 1045 Moericus
1450 986 1712 1045 nomine.
1762 986 1841 1045 ad
1861 1002 2000 1047 eum
2025 988 2182 1048 inter

212 1067 469 1129 comites
497 1069 836 1143 legatorum
859 1068 939 1128 de
959 1068 1263 1129 industria
1281 1084 1446 1129 unus
1469 1082 1548 1127 cx
1569 1068 1985 1144 Hispanorum
2006 1072 2178 1133 auxi-

208 1151 464 1212 liaribus
507 1158 606 1213 est
642 1150 901 1225 missus,
957 1152 1058 1225 qui
1100 1152 1235 1213 sine
1279 1151 1521 1214 arbitris
1549 1151 1888 1215 Moericum
1914 1163 2175 1217 nanctus

209 1236 471 1311 primum
514 1250 637 1311 quo
680 1236 743 1295 in
784 1242 947 1297 statu
985 1234 1342 1312 reliquisset
1383 1235 1742 1311 Hispaniam
1767 1270 1854 1283 -—
1882 1245 1943 1298 et
1981 1255 2179 1316 nuper

207 1320 355 1379 inde
409 1325 666 1380 venerat
688 1349 777 1363 --
804 1320 1086 1394 exponite
1160 1318 1364 1379 omnia
1424 1320 1718 1381 Romanis
1779 1319 1864 1380 ibi
1920 1320 2175 1383 obtineri

205 1404 415 1464 armis.
460 1418 656 1479 posse
678 1418 834 1479 eum,
861 1402 915 1464 si
939 1417 1169 1478 operae
1190 1403 1454 1479 pretium
1477 1403 1674 1479 faciat,
1703 1404 2042 1481 principem
2065 1422 2176 1480 po·

208 1487 514 1563 pularium
544 1502 718 1562 esse,
763 1503 879 1547 seu
905 1488 1161 1549 militare
1193 1503 1331 1548 cum
1359 1488 1654 1549 Romanis
1684 1502 1800 1550 seu
1829 1488 1892 1549 in
1919 1490 2174 1565 patriam

202 1572 428 1631 reverti
449 1571 651 1632 libeat.
699 1579 927 1645 contra,
960 1571 1013 1631 si
1035 1572 1214 1631 malle
1237 1571 1508 1633 obsideri
1533 1579 1765 1647 pergat,
1793 1588 1976 1647 quam
1998 1590 2177 1649 spem

205 1670 353 1715 esse
382 1662 547 1716 terra
573 1655 851 1730 marique
881 1657 1137 1716 clauso?
1177 1662 1384 1716 motus
1412 1654 1508 1715 his
1537 1654 1877 1732 Moericus,
1923 1673 2060 1718 cum
2088 1659 2174 1718 le·

204 1746 387 1813 gatos
438 1738 516 1799 ad
554 1738 908 1800 Marcellum
958 1739 1107 1799 mitti
1160 1739 1524 1813 placuisset,
1576 1740 1822 1798 fratrem
1863 1738 2019 1800 inter
2059 1755 2172 1801 eos

203 1822 411 1895 mittit,
457 1823 561 1898 qui
606 1838 717 1899 per
758 1824 1021 1884 eundem
1050 1823 1219 1883 illum
1247 1822 1592 1897 Hispanum
1621 1829 1897 1883 secretus
1928 1822 2005 1884 ab
2035 1824 2170 1885 aliis

204 1906 287 1966 ad
326 1905 678 1968 Marcellum
733 1908 1063 1982 deductus,
1117 1922 1255 1969 cum
1303 1906 1488 1967 fidem
1530 1906 1879 1980 accepisset
1919 1922 2166 1983 compo·

204 1989 561 2066 suissetque
603 1991 882 2066 agendae
912 1991 1188 2053 ordinem
1215 1990 1336 2064 rei,
1379 1989 1793 2051 Achradinam
1818 1989 1996 2051 redit.
2043 1997 2170 2053 tum

202 2072 547 2149 Moericus,
588 2082 657 2136 ut
684 2076 762 2135 ab
792 2075 1150 2151 suspicione
1177 2073 1541 2151 proditionis
1571 2080 1874 2135 averteret
1902 2076 2168 2137 omnium

202 2159 477 2234 animos,
522 2165 705 2235 negat
739 2158 854 2219 sibi
881 2162 1133 2236 placere
1160 2160 1398 2235 legatos
1428 2174 1771 2219 commeare
1798 2160 1961 2220 ultro
1990 2160 2168 2221 citro·

203 2258 347 2319 que,
375 2236 579 2319 neque
606 2242 1027 2317 recipiendum
1059 2258 1430 2319 quemquam
1460 2256 1664 2317 neque
1691 2242 2078 2317 mittendum,
2111 2251 2172 2304 ct

208 2343 335 2402 quo
380 2327 663 2389 intentius
704 2326 1025 2389 custodiae
1064 2335 1416 2401 serventur,
1459 2332 1810 2401 opportuna
1838 2325 2171 2387 dividenda

198 2410 536 2485 praefectis
564 2426 737 2485 esse,
781 2416 850 2472 ut
876 2426 1029 2472 suae
1059 2410 1326 2485 quisque
1354 2411 1547 2485 partis
1575 2409 1867 2471 tutandae
1893 2425 2039 2471 reus
2069 2410 2168 2472 sit.

204 2508 429 2555 omnes
460 2494 709 2555 adsensi
735 2503 895 2556 sunt.
939 2494 1215 2569 partibus
1238 2492 1585 2553 dividendis
1609 2493 1729 2567 ipsi
1772 2494 1944 2567 regio
1968 2494 2170 2555 evenit

202 2578 288 2637 ab
314 2576 623 2639 Arethusa
662 2580 831 2639 sonte
873 2594 1073 2653 usque
1114 2578 1196 2637 ad
1224 2578 1446 2638 ostium
1476 2576 1681 2650 magni
1708 2582 1945 2651 portus.
2012 2576 2075 2636 id
2101 2584 2170 2638 ut

197 2660 433 2722 scirent
464 2662 723 2723 Romani
752 2662 911 2723 fecit,
972 2663 1181 2739 itaque
1205 2658 1532 2722 Marcellus
1563 2665 1744 2722 nocte
1773 2674 1991 2720 navem
2022 2675 2167 2721 one-

194 2746 425 2806 rariam
466 2760 602 2805 cum
630 2745 876 2807 armatis
904 2748 1175 2807 remulco
1208 2744 1612 2821 quadriremis
1641 2743 1795 2805 trahi
1827 2744 1908 2803 ad
1934 2744 2167 2805 Achra·

203 2828 409 2890 dinam
430 2828 627 2905 iussit,
646 2830 999 2907 exponique
1020 2828 1240 2889 milites
1260 2829 1512 2904 regione
1533 2835 1766 2904 portae,
1785 2842 1944 2903 quae
1968 2843 2167 2903 prope

198 2913 434 2973 fontem
475 2913 845 2975 Arethusam
896 2920 1009 2975 est.
1080 2912 1201 2975 hoc
1256 2928 1397 2973 cum
1441 2918 1660 2987 quarta
1695 2911 1904 2987 vigilia
1941 2912 2166 2973 factum

196 3004 377 3057 esset
404 2997 854 3073 expositosque
880 2995 1103 3057 milites
1130 3004 1336 3073 porta,
1367 3005 1434 3058 ut
1462 3002 1862 3069 convenerat,
1892 2995 2164 3072 recepis-

194 3086 299 3139 set
325 3079 667 3157 MoericuS,
709 3083 847 3142 luce
876 3081 1071 3157 prima
1094 3079 1422 3141 Marcellus
1457 3079 1740 3141 omnibus
1771 3078 1968 3155 copiis
1998 3094 2180 3141 moe--

192 3163 304 3231 nia
349 3164 739 3225 Achradinae
788 3165 1143 3241 adgreditur
1190 3164 1300 3240 ita,
1350 3170 1419 3224 ut
1463 3180 1588 3226 non
1631 3179 1742 3226 eos
1783 3163 2014 3236 solum,
2061 3161 2164 3236 qui

192 3247 611 3309 Achradinam
665 3248 979 3322 tenebant,
1032 3248 1094 3307 in
1143 3262 1215 3308 se
1267 3253 1679 3320 converteret,
1731 3246 1845 3306 sed
1883 3242 1961 3304 ab
1999 3244 2166 3305 Naso

194 3329 385 3393 etiam
413 3332 655 3407 agmina
684 3340 1053 3394 armatorum
1084 3337 1524 3391 concurrerent
1542 3328 1772 3390 relictis
1797 3326 2164 3390 stationibus

193 3414 333 3477 suis
374 3414 453 3475 ad
495 3415 617 3476 vim
660 3421 721 3475 et
761 3415 1052 3492 impetum
1079 3415 1494 3476 Romanorum
1524 3413 1876 3473 arcendum.
1945 3411 2006 3471 in
2043 3411 2166 3473 hoc

76 3550 97 3571 ,
193 3498 453 3560 tumultu
480 3499 787 3560 actuariae
810 3514 995 3561 naves
1024 3499 1359 3560 instructae
1383 3498 1502 3559 iam
1523 3502 1666 3557 ante
1689 3495 2172 3557 circumvectae·
