2550 3959
559 247 793 365 LIlJER
819 247 1032 309 XXIV.
1079 249 1245 309 cAP.
1276 257 1363 311 14.
1395 260 1479 313 15.
1524 256 1598 326 [a.
1622 260 1837 327 &2141
2094 253 2183 319 1⁵

213 414 399 479 qum
429 399 582 477 quid
611 398 1006 461 meruissent=
1050 398 1216 461 bona
1245 400 1511 476 fortique
1540 418 1731 477 opera
1758 419 1968 465 eorum
1998 420 2069 467 se
2100 406 2181 467 ad

213 498 350 547 eam
377 481 544 544 diem
585 498 797 559 usum,
843 498 1045 559 neque
1085 484 1164 545 ad
1208 486 1557 561 exemplum
1599 486 1739 547 iusti
1770 487 1971 549 militis
2016 490 2185 566 quic-

213 582 400 646 quam
439 566 532 629 eis
575 572 823 643 praeter
863 567 1201 629 libertatem
1243 568 1487 632 deesse.
1578 570 1656 631 de
1696 584 1773 631 eo
1818 571 2183 647 permissum

211 650 332 730 ipsi
361 657 525 726 erat,
574 651 803 711 faceret
831 651 1003 727 quod
1030 666 1066 711 e
1095 668 1164 711 re
1191 652 1441 728 publica
1470 654 1723 715 duceret
1758 670 1920 718 esse.
1980 656 2185 733 itaque

210 734 576 814 priusquam
605 750 744 796 cum
767 733 950 796 hoste
977 751 1224 797 manum
1253 745 1625 812 consereret,
1654 740 2009 814 pronuntiat
2036 746 2183 801 tem—

210 836 330 897 pus
352 818 608 880 venisse
627 818 722 880 eis
744 818 1058 895 libertatis,
1091 836 1272 895 quam
1298 821 1405 881 diu
1424 829 1803 898 sperassent,
1832 823 2183 900 potiundae.

210 910 465 981 postero
507 903 610 963 die
653 903 848 979 signis
891 903 1132 965 collatis
1171 904 1593 965 dimicaturum
1636 922 1793 982 puro
1836 923 1911 971 ac
1953 910 2183 983 patenti

209 1002 464 1064 campo,
504 986 610 1048 ubi
655 987 790 1047 sine
829 987 954 1047 ullo
997 986 1357 1048 insidiarum
1397 995 1559 1049 metu
1601 1005 1750 1050 vera
1790 990 2009 1053 virtute
2050 994 2183 1067 geri

207 1087 310 1133 res
340 1079 580 1148 posset.
645 1071 750 1145 qui
780 1076 967 1146 caput
990 1070 1190 1133 hostis
1219 1072 1571 1147 rettulisset,
1603 1088 1744 1135 eum
1770 1090 1843 1135 se
1870 1076 2181 1151 extemplo

207 1154 469 1219 liberum
497 1154 810 1217 iussurum
837 1169 1012 1226 esse3
1059 1155 1164 1231 qui
1192 1156 1335 1216 loco
1366 1157 1679 1233 cessisset,
1710 1157 1769 1217 in
1802 1174 1941 1221 eum
1970 1158 2179 1219 servili

208 1238 518 1317 supplicio
541 1239 1107 1301 animadversurum
1121 1261 1138 1295 ε
1161 1254 1337 1302 suam
1358 1240 1580 1316 cuique
1596 1242 1899 1303 fortunam
1920 1244 1983 1303 in
1998 1259 2181 1303 manu

208 1338 374 1385 esse.
431 1323 728 1384 libertatis
756 1330 1069 1385 auctorem
1097 1322 1189 1384 eis
1217 1338 1343 1385 non
1374 1339 1444 1384 se
1472 1324 1607 1385 sore
1634 1326 1853 1398 solum,
1886 1326 2000 1386 sed
2030 1341 2174 1387 con-

207 1408 408 1468 sulem
432 1406 514 1467 Μ.
545 1406 927 1480 Marcellum,
973 1408 1090 1469 sed
1115 1408 1443 1470 universos
1476 1415 1699 1484 patres,
1746 1424 1903 1485 quos
1934 1410 2175 1473 consul-

207 1498 308 1553 tos
337 1490 418 1551 ab
447 1506 519 1551 se
547 1492 630 1551 de
655 1490 930 1553 libertate
959 1507 1172 1553 eorum
1199 1492 1318 1553 sibi
1348 1493 1727 1569 permisisse.
1772 1494 2003 1555 litteras
2029 1492 2179 1557 inde

213 1574 490 1637 consulis
522 1590 596 1636 ac
625 1582 878 1636 senatus
907 1577 1250 1637 consultum
1281 1578 1575 1638 recitavit.
1642 1578 1721 1638 ad
1752 1593 1913 1655 quae
1942 1580 2175 1640 clamor

210 1675 350 1721 eum
400 1658 630 1734 ingenti
671 1660 948 1721 adsensu
983 1665 1080 1719 cst
1127 1660 1423 1720 sublatus.
1505 1677 1773 1736 pugnam
1815 1662 2173 1739 poscebant,

208 1743 578 1819 signumque
591 1749 657 1805 ut
676 1743 848 1805 daret
868 1743 1175 1819 extemplo
1194 1744 1479 1803 ferociter
1501 1744 1826 1805 instabant.
1860 1745 2173 1807 Gracchus

207 1826 448 1903 proelio
480 1826 538 1885 in
568 1833 886 1902 posterum
915 1826 1075 1887 diem
1119 1826 1507 1901 pronuntiato
1550 1828 1897 1889 contionem
1924 1827 2169 1891 dimisit.

205 1911 429 1971 milites
469 1911 640 1985 laeti,
683 1912 1014 1987 praecipue
1058 1910 1282 1987 quibus
1320 1926 1557 1973 merces
1598 1918 1855 1973 navatae
1883 1913 1945 1972 in
1984 1928 2175 1973 unum

207 1994 374 2055 diem
403 2008 634 2070 operae
661 1993 910 2055 libertas
941 1996 1140 2055 lutura
1169 2002 1313 2068 erat,
1352 1995 1536 2057 armis
1566 1991 1971 2071 expediendis
2002 1997 2167 2071 quod

209 2078 332 2139 diei
353 2078 657 2152 reliquum
679 2085 1060 2139 consumunt.
1125 2078 1260 2137 XV.
1306 2085 1555 2154 postero
1580 2080 1679 2140 die
1702 2079 1805 2141 ubi
1830 2080 2007 2156 signa
2026 2096 2167 2143 coe·

206 2167 434 2239 perunt
461 2176 699 2238 canere,
729 2162 908 2238 primi
939 2162 1204 2223 omnium
1234 2162 1431 2238 parati
1461 2162 1857 2240 instructique
1884 2164 1967 2226 ad
1992 2180 2169 2239 prae-

207 2246 431 2307 torium
472 2246 860 2307 conveniunt.
929 2246 1064 2307 sole
1106 2252 1239 2307 orto
1272 2246 1583 2308 Gracchus
1625 2247 1685 2306 in
1728 2248 1923 2308 aciem
1952 2248 2173 2323 copias

205 2330 432 2393 educit.
509 2344 626 2389 nec
680 2330 893 2401 hostes
935 2346 1166 2390 moram
1217 2330 1545 2391 dimicandi
1586 2331 1877 2393 fecerunt.
1954 2330 2167 2395 decem

205 2420 447 2491 septem
486 2413 652 2475 milia
691 2414 962 2490 peditum
1005 2420 1206 2488 erant,
1249 2414 1514 2475 maxima
1544 2430 1623 2475 ex
1649 2425 1823 2489 parte
1848 2415 2064 2476 Bruttii
2093 2430 2171 2475 ae

203 2499 469 2570 Lucani;
501 2498 740 2572 equites
764 2498 926 2559 mille
947 2498 1208 2571 ducenti,
1239 2497 1395 2559 inter
1416 2513 1575 2573 quos
1605 2499 1786 2573 pauci
1815 2497 1897 2559 ad
1917 2499 2168 2559 modum

201 2581 431 2659 italici,
473 2582 660 2643 ceteri
685 2581 980 2643 Numidae
1009 2582 1136 2641 l'ere
1180 2596 1395 2641 omnes
1424 2580 1761 2656 Maurique.
1832 2588 2167 2659 pugnatum

203 2673 305 2728 est
337 2672 401 2727 et
443 2666 662 2726 acriter
701 2672 761 2726 et
803 2665 938 2726 diu=
985 2672 1267 2742 quattuor
1310 2664 1479 2725 horis
1513 2672 1727 2727 neutro
1754 2664 2042 2727 inclinata
2068 2675 2165 2727 est

200 2766 433 2827 pugna.
506 2765 621 2811 nec
660 2750 780 2810 alia
820 2750 1016 2826 magis
1052 2751 1395 2810 Romanum
1410 2749 1803 2825 impediebat
1838 2762 1941 2811 res
1982 2766 2163 2826 quam

199 2834 410 2912 capita
450 2834 714 2896 hostium
740 2833 937 2910 pretia
973 2834 1230 2895 libertati
1258 2834 1446 2895 factae
1491 2850 1632 2895 nam
1667 2841 1734 2896 ut
1763 2834 2026 2911 quisque
2051 2834 2161 2895 ho·

201 2926 364 2979 stem
391 2918 653 2995 impigre
675 2919 1002 2993 occiderat,
1032 2918 1293 2995 primum
1316 2918 1516 2994 capite
1542 2934 1729 2995 aegre
1756 2917 2167 2981 interturbant

202 3004 651 3079 tumultumque
692 3000 1071 3063 abscidendo
1111 3002 1349 3063 terebat
1388 3010 1658 3079 tempus;
1716 3002 1940 3064 deinde
1981 3019 2163 3066 oceu-

201 3094 352 3163 pata
379 3087 602 3150 dextra
641 3087 908 3148 tenendo
941 3092 1125 3163 caput
1165 3086 1531 3149 fortissimus
1574 3088 1834 3163 quisque
1862 3095 2163 3163 pugnator

199 3186 354 3233 esse
376 3171 660 3245 desierat,
682 3170 976 3247 segnibus
997 3185 1071 3231 ac
1091 3170 1317 3231 timidis
1340 3171 1557 3232 tradita
1581 3187 1784 3248 pugna
1807 3178 1951 3231 erat.
1992 3170 2159 3245 quod

197 3254 307 3317 ubi
338 3254 563 3317 tribuni
591 3253 843 3316 militum
873 3253 1150 3316 Graccho
1179 3254 1623 3331 nuntiaverunt,
1668 3254 1969 3315 neminem
1996 3260 2159 3315 stan·

199 3344 328 3401 tem
355 3340 477 3401 iam
507 3339 810 3401 vulnerari
832 3338 1089 3413 hostem,
1133 3337 1477 3401 carnificari
1505 3340 1793 3412 iacentes,
1834 3338 1981 3399 etin
2012 3336 2160 3399 dex.-

199 3424 316 3486 ωε
345 3424 604 3486 militum
631 3440 745 3501 pro
774 3423 995 3501 gladiis
1025 3422 1306 3489 humana
1318 3422 1519 3499 capita
1547 3437 1719 3497 esse,
1760 3423 2001 3498 signum
2028 3419 2160 3483 dari

200 3522 476 3584 propere
519 3508 724 3584 iussit,
771 3508 1113 3584 proicerent
1140 3505 1345 3583 capita
1382 3506 1863 3581 invaderentque
1890 3505 2160 3567 hostem:
