2550 3959
590 264 820 327 LfflER
846 266 1058 326 Xle.
1105 266 1271 327 CAP.
1303 276 1387 331 ιιι.
1426 276 1506 329 42.
1552 274 1625 342 [a.
1658 274 1725 327 e.
1754 274 1885 341 214]
2116 266 2197 331 43

234 420 556 479 Romanos
603 414 847 476 defecit.
915 415 1449 492 carthaginienses
1497 418 1787 494 Iliturgim
1836 434 2199 498 oppugnare

236 499 436 562 adorti
455 545 473 576 ,
519 498 666 575 quia
690 499 1070 576 praesidium
1108 500 1190 559 ibi
1212 501 1559 562 Romanum
1601 509 1765 573 erat;
1808 503 2197 565 videbantur·

237 600 360 661 que
385 584 600 660 inopia
625 583 888 643 maxime
929 599 1068 644 eum
1098 585 1299 643 locum
1342 586 1765 661 expugnaturi.
1826 586 1933 646 Cn.
1967 586 2195 662 Scipio,

239 676 304 730 ut
331 667 526 729 sociis
553 665 992 743 praesidioque
1022 668 1205 727 terret
1231 682 1433 743 opem,
1476 685 1613 729 cum
1644 669 1885 744 legione
1912 672 2196 746 expedita

217 754 558 828 ‚profectus
588 750 746 810 inter
764 750 909 811 bina
937 756 1138 812 castra
1167 767 1307 811 cum
1334 768 1558 827 magna
1582 754 1775 814 caede
1805 753 2070 815 hostium
2099 772 2199 815 ur·

240 838 382 897 bem
422 842 522 899 est
560 834 908 910 ingressae,
945 842 1012 895 et
1036 842 1289 910 postero
1317 835 1417 895 die
1458 838 1777 913 eruptione
1807 853 2009 914 aeque
2038 837 2200 899 felici

241 918 554 996 pugnavit.
619 934 809 994 supra
837 918 1166 979 duodecim
1196 919 1362 981 milia
1388 919 1701 981 hominum
1742 937 1929 982 caesa
1957 922 2199 985 duobus

237 1002 526 1080 proeliis,
571 1004 709 1077 plus
748 1001 912 1061 mille
938 1002 1250 1064 hominum
1276 1010 1525 1080 >captum
1554 1019 1691 1065 cum
1720 1021 1835 1065 sex
1862 1014 1925 1065 et
1961 1006 2202 1081 triginta

237 1084 601 1147 militaribus
641 1085 856 1161 signis.
920 1086 1004 1146 ita
1043 1085 1122 1145 ab
1152 1086 1383 1161 Iliturgi
1423 1102 1737 1149 recessum
1778 1096 1891 1149 est.
1948 1089 2201 1163 Bigerra

239 1172 386 1231 inde
413 1169 564 1231 urbs
595 1202 678 1213 —
707 1169 879 1229 socin
907 1177 966 1229 et
993 1170 1146 1230 haec
1175 1170 1591 1232 Romanorum
1618 1180 1749 1232 erat
1772 1203 1860 1217 --
1886 1189 1927 1233 a
1954 1172 2198 1233 Cartha·

235 1253 624 1329 giniensibus
651 1253 996 1329 oppugnari
1034 1260 1256 1329 coepta
1292 1262 1405 1317 est.
1470 1268 1605 1314 eam
1646 1255 2031 1318 obsidionem
2066 1258 2201 1316 sine

235 1339 573 1399 certamine
613 1338 950 1398 adveniens
994 1337 1100 1399 Cn.
1130 1337 1339 1414 Scipio
1376 1339 1579 1399 solvit.
1666 1338 1843 1399 XLII.
1897 1340 1999 1401 Ad
2025 1340 2198 1399 Mun·

237 1422 386 1482 dam
429 1421 653 1481 exinde
681 1427 884 1483 castra
907 1420 1138 1483 Punica
1164 1429 1355 1497 mota,
1396 1429 1459 1482 et
1483 1423 1743 1483 Romani
1772 1438 1847 1483 eo
1880 1423 2199 1485 confestim

237 1505 438 1567 secuti
480 1512 641 1567 sunt.
720 1505 802 1566 ibi
845 1506 1036 1581 signis
1089 1506 1325 1566 collatis
1375 1514 1708 1581 pugnatum
1759 1524 1869 1584 per
1916 1514 2202 1583 quattuor

237 1591 436 1650 fenne
481 1590 701 1659 horas3
758 1589 1130 1665 egregieque
1178 1590 1561 1652 vincentibus
1611 1591 1907 1653 Romanis
1956 1591 2197 1667 signum

232 1674 514 1749 receptui
543 1679 639 1733 est
667 1673 890 1749 datum,
921 1673 1086 1749 quod
1105 1674 1208 1735 Cn.
1225 1672 1535 1749 Scipionis
1566 1675 1761 1734 femur
1786 1676 2023 1749 tragula
2050 1690 2197 1735 con·

237 1759 431 1818 fixum
461 1764 607 1832 erat,
637 1765 956 1833 pavorque
985 1758 1148 1818 circa
1178 1774 1317 1818 eum
1348 1766 1595 1833 ceperat
1620 1757 1858 1831 milites,
1888 1772 1967 1816 ne
1993 1758 2197 1818 morti-

236 1844 436 1901 ferum
463 1848 630 1901 esset
654 1842 898 1903 vulnus.
960 1850 1223 1903 ceterum
1252 1840 1419 1902 haud
1448 1839 1696 1902 dubium
1724 1842 1851 1915 suit,
1884 1841 2048 1915 quin,
2079 1841 2194 1901 nisi

235 1941 316 1985 ea
359 1940 532 1985 mora
572 1925 1031 2001 intervenisset,
1076 1933 1281 1985 castra
1308 1940 1384 1985 eo
1415 1924 1515 1985 die
1544 1923 1771 1985 Punica
1800 1924 1941 2001 capi
1984 1934 2195 2001 potue·

235 2010 378 2068 rint.
447 2008 565 2069 iam
607 2024 730 2069 non
769 2008 989 2070 milites
1031 2009 1227 2072 solum
1271 2009 1387 2069 sed
1426 2008 1735 2085 elephanti
1776 2009 1956 2070 etiam
1996 2024 2196 2085 usque

231 2094 318 2152 ad
358 2094 581 2153 vallum
611 2094 728 2153 acti
769 2099 968 2167 erant,
1013 2108 1329 2169 superque
1373 2093 1574 2169 ipsum
1600 2109 1825 2154 novem
1870 2100 1931 2153 et
1957 2092 2193 2168 triginta

233 2176 548 2252 elephanti
578 2176 716 2253 pilis
748 2176 996 2237 confixi.
1059 2176 1180 2237 hoc
1211 2192 1465 2253 quoque
1493 2177 1729 2252 proelio
1760 2178 1840 2237 ad
1870 2177 2193 2238 duodecim

234 2259 406 2320 milia
444 2260 752 2320 hominum
793 2261 1077 2322 dicuntur
1116 2276 1331 2335 caesa,
1372 2276 1569 2337 prope
1596 2260 1712 2319 tria
1740 2267 1918 2336 capte
1944 2276 2085 2321 cum
2115 2260 2185 2319 si·

231 2343 376 2418 gnis
417 2342 775 2405 militaribus
817 2351 1055 2420 septem
1097 2351 1157 2404 et
1195 2344 1655 2420 quinquaginta.
1738 2345 1816 2404 ad
1860 2344 2195 2419 Auringem

234 2427 384 2485 inde
411 2428 620 2486 urbem
635 2428 822 2487 Poeni
851 2443 1188 2500 recessere,
1221 2436 1282 2487 et
1309 2437 1376 2489 ut
1397 2428 1619 2488 territis
1648 2428 1917 2497 instaret,
1946 2434 2195 2487 secutus

236 2512 572 2571 Romanus.
615 2511 697 2572 ibi
727 2512 938 2571 iterum
953 2512 1163 2587 Scipio
1195 2511 1477 2572 lecticula
1502 2510 1563 2570 in
1593 2510 1789 2571 aciem
1815 2510 2019 2570 illatus
2048 2526 2194 2570 con-

231 2594 420 2665 flixit3
447 2610 560 2655 nec
577 2594 764 2655 dubia
789 2596 1042 2656 victoria
1057 2596 1194 2657 fuit=
1218 2595 1417 2655 minus
1437 2600 1639 2653 tamen
1662 2593 1915 2653 dimidio
1930 2592 2195 2653 hostium

229 2692 422 2756 quam
463 2684 670 2751 antea,
719 2679 862 2753 quia
891 2680 1218 2755 pauciores
1247 2678 1676 2753 superfuerant
1703 2678 1807 2753 qui
1835 2682 2193 2753 pugnarent,

227 2761 528 2823 occisum.
573 2762 682 2823 sed
708 2778 860 2837 gens
885 2770 1028 2823 nata
1057 2762 1464 2824 instaurandis
1482 2762 1975 2837 reparandisque
1995 2760 2191 2835 belliS,

223 2845 496 2920 Magone
535 2846 615 2905 ad
659 2846 1165 2921 conquisitionem
1195 2845 1449 2907 militum
1478 2860 1515 2905 a
1540 2846 1726 2911 fratre
1754 2844 1979 2917 misse,
2018 2843 2191 2904 brevi

227 2930 494 3004 replevit
519 2930 854 2990 exereitum
891 2930 1260 3007 animosque
1286 2930 1366 2991 ad
1397 2930 1816 3005 temptandum
1846 2930 1927 2989 de
1956 2928 2191 3003 integro

225 3018 538 3073 certamen
570 3014 741 3075 secit=
784 3016 886 3074 alii
917 3014 1194 3089 plerique
1224 3014 1465 3087 milites,
1514 3014 1566 3073 si
1599 3012 1843 3090 quidem
1877 3029 1989 3088 pro
2020 3020 2191 3089 parte

225 3094 453 3156 totiens
481 3096 639 3158 intra
658 3114 897 3175 paucos
927 3098 1063 3159 dies
1091 3097 1270 3171 victa,
1301 3097 1500 3159 isdem
1531 3098 1749 3157 animis
1774 3097 1996 3172 quibus
2026 3096 2189 3171 prio-

227 3195 334 3240 res
375 3180 720 3259 eodemque
760 3188 980 3242 eventu
1024 3196 1411 3257 pugnaverez
1456 3181 1598 3257 plus
1638 3189 1777 3243 octo
1806 3180 1971 3241 milia
1996 3178 2189 3238 homi·

223 3279 374 3323 num
415 3279 601 3325 caesa
637 3271 699 3326 et
737 3264 903 3326 haud
943 3266 1132 3326 multo
1172 3264 1375 3325 minus
1416 3280 1601 3340 quam
1638 3264 1803 3324 mille
1842 3268 2086 3338 captum
2130 3268 2191 3323 et

223 3348 406 3423 signa
435 3347 712 3409 militaria
753 3348 1194 3425 quinquaginta
1221 3356 1391 3410 octoa
1434 3355 1498 3409 et
1524 3348 1727 3424 spolia
1764 3346 2022 3423 plurima
2050 3345 2187 3406 Gal·

223 3432 344 3491 lica
373 3431 544 3492 fuere
559 3480 573 3506 ,
612 3432 780 3492 aurei
818 3440 1074 3509 torques
1114 3432 1539 3507 armillaeque,
1578 3446 1838 3505 magnus
1877 3444 2187 3490 numerus.

221 3514 352 3576 duo
404 3515 588 3575 etiam
643 3514 919 3591 insignes
969 3517 1162 3591 reguli
1201 3515 1515 3577 Gallorum
1568 3546 1655 3559 --
1692 3513 2083 3591 Moenicapto
2124 3523 2187 3573 et
