2550 3959
594 201 825 262 LIBER
851 201 1093 296 XXVII.
1138 202 1306 262 CAP.
1339 209 1424 266 17.
1455 211 1540 265 18.
1585 209 1657 278 [a.
1683 209 1747 270 C.
1770 209 1898 278 209]
2094 202 2222 266 183

250 355 541 418 duxerint
572 354 925 415 societatem
955 361 1178 428 ratam,
1220 353 1326 416 ubi
1355 371 1471 416 nec
1512 355 1704 414 divini
1748 347 2075 434 quicquam
2105 371 2222 417 nec

250 439 505 502 humani
534 447 811 500 sanctum
844 445 1030 498 esset.
1096 439 1436 514 productae
1466 439 1688 500 deinde
1717 439 1776 500 in
1821 447 2222 516 conspectum

251 525 333 585 iis
364 525 657 599 coniuges
681 521 978 596 liberique
998 523 1454 584 lacrimantibus
1479 523 1704 598 gaudio
1735 523 2091 592 redduntur.
2135 532 2221 583 at·

255 625 382 685 que
414 624 489 668 eo
522 607 622 666 die
649 605 709 667 in
738 605 1070 682 hospitium
1100 607 1382 677 abducti3
1428 613 1678 682 postero
1711 607 1811 666 die
1840 607 2092 668 Foedere
2122 623 2224 668 ac·

254 699 439 767 cepta
477 691 668 766 fideS,
714 689 1077 766 dimissique
1126 690 1206 749 ad
1239 691 1474 770 ¹coplas
1525 691 1944 752 adducendas.
2026 691 2224 752 isdem
2335 741 2338 744 Δ

250 775 485 836 deinde
528 773 747 836 castris
789 773 1150 849 tendebant,
1203 775 1404 835 donec
1445 775 1704 837 ducibus
1743 776 1819 836 iis
1861 775 1943 835 ad
1983 771 2230 836 hostem·

254 867 622 938 perventum
654 866 767 919 est.

425 941 641 1004 XVIII.
684 941 1001 1003 Proximus
1014 939 1606 1016 Carthaginiensium
1631 946 1938 1006 exercitus
1953 941 2228 1004 Hasdru-

254 1027 418 1088 balis
460 1041 658 1104 prope
698 1025 909 1086 urbem
944 1025 1273 1086 Baeculam
1313 1031 1460 1085 erat.
1541 1040 1656 1102 pro
1701 1028 1918 1090 castris
1961 1028 2228 1104 equitum

256 1111 557 1174 stationes
597 1108 921 1169 habebant.
985 1110 1045 1170 in
1090 1125 1199 1170 eas
1231 1109 1446 1170 velites
1489 1111 1994 1188 antesignanique
2035 1111 2230 1188 etqui

260 1196 444 1274 primi
486 1193 745 1272 agminis
790 1199 993 1269 erant,
1038 1193 1440 1254 advenientes
1472 1209 1549 1254 ex
1579 1194 1824 1270 itinere,
1870 1197 2229 1272 priusquam

258 1281 483 1340 castris
525 1280 726 1339 locum
757 1283 1078 1354 caperent,
1125 1277 1284 1338 adeo
1316 1281 1708 1354 contemptim
1751 1280 2040 1356 impetum
2069 1281 2229 1340 fece-

258 1373 431 1440 runt,
487 1371 555 1424 ut
594 1359 773 1423 facile
814 1367 1163 1439 appareret,
1224 1362 1372 1436 quid
1411 1363 1653 1440 utrique
1698 1365 1868 1447 parti
1893 1364 2230 1424 animorum

260 1455 451 1508 esset.
493 1447 552 1506 in
580 1454 781 1507 eastra
802 1447 1041 1522 trepida
1064 1446 1209 1521 suga
1240 1448 1542 1522 compulsi
1575 1449 1812 1524 equites
1837 1455 1995 1524 sunt,
2028 1449 2232 1523 signa-

260 1549 386 1608 que
412 1531 693 1592 Romana
722 1532 914 1607 portis
948 1545 1143 1607 prope
1187 1531 1342 1606 ipsis
1381 1531 1563 1591 illata.
1637 1540 1820 1606 atque
1847 1533 1951 1593 illo
1986 1531 2232 1608 quidem

263 1617 368 1678 die
395 1614 640 1676 irritatis
670 1622 903 1675 tantum
932 1614 1011 1674 ad
1036 1621 1341 1675 certamen
1371 1616 1587 1676 animis
1619 1625 1820 1676 castra
1840 1616 2099 1676 Romani
2125 1630 2233 1691 po-

262 1707 534 1758 suerunt,
578 1705 760 1757 nocte
772 1697 1121 1756 Hasdrubal
1150 1700 1211 1758 in
1234 1699 1528 1759 tumulum
1561 1700 1774 1775 copias
1803 1700 2022 1775 recipit
2048 1702 2234 1774 plano

265 1796 488 1857 campo
517 1779 577 1840 in
610 1792 847 1840 summo
878 1786 1215 1854 patentem:
1257 1779 1486 1842 fluvius
1518 1781 1594 1840 ab
1623 1789 1826 1858 tergo,
1875 1787 2014 1844 ante
2044 1784 2230 1842 circa·

266 1881 389 1942 que
420 1865 585 1924 velut
612 1863 747 1940 ripa
774 1876 1078 1939 praeceps
1110 1879 1280 1924 oram
1311 1865 1444 1925 eius
1476 1879 1715 1928 omnem
1745 1865 2044 1941 cingebat.
2090 1865 2232 1927 sub-

265 1954 397 2009 erat
440 1947 500 2008 et
540 1949 729 2008 altera
769 1947 1022 2008 inferior
1063 1949 1394 2010 summissa
1437 1949 1678 2026 fastigio
1725 1950 2039 2026 planities3
2099 1965 2232 2010 eam

268 2045 520 2108 quoque
562 2032 751 2092 altera
794 2033 1045 2107 crepido
1094 2028 1259 2092 haud
1305 2031 1543 2095 facilior
1571 2035 1630 2094 in
1675 2049 2000 2096 ascensum
2044 2033 2232 2094 ambi-

267 2117 387 2177 bat.
454 2117 515 2175 in
544 2115 710 2176 huuc
748 2115 1099 2176 inferiorem
1143 2132 1426 2194 campum
1457 2126 1707 2194 postero
1739 2119 1839 2179 die
1867 2119 2232 2193 Hasdrubal,

270 2207 599 2278 postquam
624 2205 881 2260 stantem
908 2215 1017 2276 pro
1044 2201 1260 2261 castris
1285 2201 1549 2262 hostium
1579 2204 1771 2263 aciem
1795 2203 1964 2276 vidit,
1998 2203 2234 2276 equites

266 2284 560 2344 Numidas
598 2283 947 2359 leviumque
988 2291 1296 2344 armorum
1334 2283 1609 2346 Baliares
1653 2294 1714 2347 et
1738 2287 1926 2347 Afros
1973 2287 2234 2346 demisit.

267 2369 511 2446 Scipio,
560 2368 1003 2428 circumvectus
1047 2367 1297 2428 ordines
1343 2369 1672 2444 signaque,
1721 2369 2084 2430 ostendebat
2125 2371 2233 2429 ho-

270 2463 457 2524 stem,
504 2451 941 2528 praedamnata
970 2469 1086 2528 spe
1115 2452 1444 2512 dimicandi
1489 2469 1691 2530 aequo
1723 2470 1940 2528 campo
1987 2461 2231 2528 captan-

268 2543 391 2596 tem
422 2537 715 2610 tumulos,
764 2535 882 2596 loci
912 2536 1139 2596 fiducia
1164 2551 1288 2596 non
1331 2535 1569 2596 virtutis
1612 2543 2041 2612 armorumque
2072 2545 2235 2596 stare

270 2621 329 2680 in
363 2628 719 2696 conspectu.
787 2619 901 2680 sed
943 2620 1157 2681 altiora
1186 2619 1430 2680 moenia
1469 2621 1762 2681 habuisse
1793 2619 2231 2695 Carthaginem,

270 2716 436 2781 quae·
466 2703 947 2764 transcendisset
973 2705 1149 2764 miles
1170 2705 1518 2764 Romanum
1547 2719 1660 2764 nec
1681 2705 1964 2779 tumulos,
1995 2719 2110 2762 nce
2139 2719 2234 2762 ar-

270 2803 436 2864 cem,
482 2803 559 2848 ne
596 2799 765 2848 mare
810 2789 1054 2862 quidem
1099 2786 1284 2848 armis
1329 2787 1640 2850 obstitisse
1679 2787 1828 2848 suis.
1893 2789 1971 2848 ad
2003 2787 2067 2846 id
2102 2787 2236 2846 fore

274 2871 653 2946 altitudines,
700 2889 853 2947 quas
898 2871 1211 2950 cepissent
1246 2872 1488 2948 hosteS,
1531 2880 1598 2932 ut
1639 2887 1750 2947 per
1789 2871 2147 2947 praecipitia
2178 2879 2239 2929 et

272 2963 605 3034 praerupta
646 2955 934 3016 salientes
964 2955 1259 3030 fugerent.
1325 2971 1458 3016 eam
1493 2971 1741 3032 quoque
1771 2973 1840 3017 se
1881 2956 1999 3016 ill-is
2033 2952 2236 3031 fugam

273 3041 644 3102 clausurum.
713 3039 1125 3113 cohortesque
1156 3040 1310 3100 duas
1354 3041 1603 3100 alteram
1631 3039 1839 3101 t'enere
1870 3041 2078 3100 fauces
2107 3039 2239 3098 val-

274 3125 379 3200 lis,
426 3139 539 3202 per
570 3139 751 3200 quam
785 3124 1122 3183 deferretur
1166 3123 1392 3198 amnis,
1438 3123 1632 3198 iubet,
1678 3125 1926 3184 alteram
1955 3124 2120 3182 viam
2146 3123 2236 3180 in-

277 3207 514 3283 sidere,
562 3221 723 3283 quae
752 3207 828 3272 ab
870 3204 1023 3268 urbe
1054 3221 1167 3282 per
1195 3207 1405 3268 tumuli
1449 3207 1696 3283 obliqua
1725 3209 1783 3267 in
1816 3222 2000 3283 agros
2038 3207 2240 3266 ferret.

275 3292 413 3368 ipse
455 3291 810 3374 expeditOS‚
858 3291 959 3367 qui
990 3291 1187 3366 pridie
1228 3293 1520 3352 stationes
1550 3291 1817 3352 hostium
1860 3291 2237 3368 pepulerant,

276 3375 359 3436 ad
384 3375 585 3439 levem
614 3381 978 3436 armaturam
1008 3373 1216 3435 infimo
1248 3382 1507 3435 stantem
1539 3375 1867 3450 supercilio
1901 3374 2082 3437 ducit.
2127 3387 2236 3449 per

279 3475 501 3536 aspera
526 3459 741 3536 primo,
772 3458 919 3518 nihil
949 3458 1115 3520 aliud
1144 3473 1327 3535 quam
1360 3459 1458 3518 via
1486 3458 1774 3534 impediti,
1807 3458 1951 3518 iere.
1995 3455 2240 3524 deinde,
