2550 3959
610 199 843 261 LIBER
868 199 1111 260 XXVII.
1158 199 1326 260 CAP.
1355 210 1441 262 51.
1487 205 1560 276 [a.
1586 206 1650 258 c.
1678 205 1806 273 207]
2046 197 2172 262 219

198 357 267 411 ut
311 350 578 426 quisque
619 347 894 409 audierat
938 348 1272 409 exercitum
1312 347 1581 410 hostium
1621 349 2172 427 imperatoremque

201 433 513 507 occisum,
557 431 834 507 legiones
864 432 1175 492 Romanas
1217 432 1586 505 incolume3‚
1634 433 1845 494 salvos
1885 435 2175 496 consules

203 532 385 591 esse,
430 515 738 590 extemplo
784 515 919 575 aliis
957 530 1143 590 porro
1186 513 1602 591 impertierant
1642 517 1934 592 gaudium
1974 534 2174 579 suum.

203 616 346 661 cum
378 615 561 673 aegre
591 599 651 659 in
675 599 905 658 curiam
929 605 1288 674 perventum
1319 606 1504 675 esset,
1533 600 1720 661 multo
1745 601 1988 676 aegrius
2011 617 2175 664 sum-

202 689 375 744 mota
404 681 609 755 turba,
653 696 731 741 ne
759 680 1033 758 patribus
1064 682 1440 758 misceretur,
1484 683 1717 744 litterae
1744 683 1806 743 in
1838 690 2052 745 senatu
2081 700 2177 744 re·

204 767 427 828 citatae
449 773 608 826 sunt.
648 765 793 825 inde
813 765 1074 826 traducti
1104 768 1165 825 in
1190 767 1539 827 contionem
1561 767 1761 842 legati.
1804 768 1870 828 L.
1887 767 2175 828 Veturius

205 849 421 910 litteris
449 848 715 910 recitatis
746 849 883 924 ipse
908 850 1153 925 planius
1185 849 1389 911 omnia
1420 865 1579 925 quae
1619 857 1758 911 acta
1787 858 1958 912 erant
1985 866 2178 927 expo-

206 935 333 996 suit
352 949 493 994 eum
520 932 748 1007 ingenti
778 932 1069 1006 adsensu,
1100 939 1415 1008 postremo
1440 934 1622 994 etiam
1646 937 1912 995 clamore
1933 934 2175 996 univer-

206 1034 319 1080 sae
350 1015 675 1092 contioniS,
706 1031 845 1076 cum
871 1014 979 1076 vix
1006 1016 1297 1092 gaudium
1327 1016 1544 1078 animis
1575 1023 1886 1094 caperent.
1943 1019 2176 1078 discur-

208 1119 347 1164 sum
392 1100 536 1160 inde
579 1099 656 1160 ab
697 1099 833 1161 aliis
861 1099 1029 1162 circa
1056 1101 1288 1176 templa
1315 1101 1526 1176 deum,
1565 1106 1634 1160 ut
1661 1106 1864 1176 grates
1905 1109 2173 1176 agerent,

207 1187 287 1248 ab
316 1185 452 1246 aliis
483 1184 722 1259 domoS,
766 1189 835 1246 ut
865 1183 1226 1260 coniugibus
1256 1183 1590 1260 liberisque
1619 1191 1742 1246 tam
1768 1187 1995 1246 laetum
2023 1202 2178 1246 nun-

208 1271 362 1331 tium
388 1268 785 1344 impertirent.
846 1274 1115 1342 senatuS,
1161 1268 1329 1343 quod
1357 1268 1438 1328 Μ.
1467 1267 1682 1330 Livius
1712 1275 1774 1328 et
1801 1267 1865 1327 C.
1893 1267 2178 1330 Claudius

212 1353 507 1414 consules
562 1351 850 1413 incolumi
898 1351 1170 1414 exercitu
1212 1352 1431 1412 ducem
1471 1351 1738 1414 hostium
1781 1352 2181 1427 legionesque

212 1437 609 1511 occidissent,
634 1436 1147 1512 supplicationem
1171 1435 1230 1495 in
1254 1436 1522 1497 triduum
1546 1435 1836 1497 decrevit.
1879 1451 2012 1496 eam
2035 1451 2180 1511 sup-

216 1521 610 1597 plicationem
643 1519 707 1580 C.
737 1519 1037 1581 Hostilius
1076 1526 1327 1597 praetor
1367 1519 1573 1581 edixit.
1639 1519 1941 1580 celebrata
1969 1534 2008 1577 a
2033 1517 2182 1578 viris

214 1604 581 1679 feminisque
624 1611 749 1664 este
796 1603 1001 1664 omnia
1027 1605 1255 1679 templa
1285 1620 1400 1680 per
1425 1609 1618 1664 totum
1647 1604 1912 1666 triduum
1953 1618 2180 1677 aequa·

211 1691 337 1750 lem
357 1687 596 1750 turbam
617 1687 907 1762 habuere,
939 1703 1076 1746 cum
1104 1694 1422 1748 matronae
1452 1687 1830 1764 amplissima
1848 1692 2024 1746 veste
2046 1699 2182 1744 cum

213 1773 443 1848 liberiS,
474 1771 733 1848 perinde
764 1785 837 1832 ac
867 1770 920 1831 si
950 1770 1320 1831 debellatum
1351 1771 1525 1845 foret,
1557 1769 1722 1832 omni
1749 1770 1992 1830 solutae
2018 1774 2182 1830 metu

216 1858 353 1918 deis
380 1854 821 1916 immortalibus
845 1860 1051 1930 grates
1083 1861 1354 1930 agerent.
1397 1860 1618 1914 statum
1644 1869 1892 1932 quoque
1922 1851 2182 1914 civitatis

216 1959 293 2002 ea
311 1939 569 2001 victoria
592 1939 869 2014 firmavit,
898 1944 965 1999 ut
991 1938 1110 1998 iam
1142 1937 1289 1998 inde
1317 1938 1484 1998 haud
1513 1953 1695 1999 secus
1728 1953 1908 2014 quam
1937 1937 1997 1996 in
2029 1951 2186 2012 pace

218 2041 317 2086 res
340 2025 497 2085 inter
518 2038 588 2083 se
610 2024 973 2084 contrahere
994 2022 1346 2098 vendendo,
1373 2023 1636 2098 emendo,
1669 2029 1933 2084 mutuum
1958 2023 2183 2097 danda,

216 2114 539 2184 argentum
570 2107 865 2168 creditum
896 2107 1200 2168 solvendo
1232 2107 1544 2168 auderent.

390 2192 453 2252 0.
471 2190 757 2252 Claudius
779 2191 1001 2252 consul
1030 2207 1169 2251 cum
1194 2191 1257 2252 in
1283 2198 1486 2251 castra
1511 2191 1794 2266 redisset,
1825 2196 2010 2268 caput
2029 2189 2184 2248 Has-

220 2275 493 2338 cimbalis
508 2322 523 2350 ,
571 2275 738 2350 quod
764 2281 1073 2336 servatum
1104 2289 1242 2336 cum
1272 2289 1417 2335 cura
1458 2275 1765 2346 attulerat,
1811 2273 2006 2351 proici
2047 2279 2185 2332 ante

221 2359 491 2422 hostium
533 2359 827 2420 stationes
845 2405 861 2435 ,
907 2355 1312 2434 captivosque
1341 2358 1528 2417 Afros
1573 2356 1846 2433 vinctOS,
1891 2365 1956 2418 ut
1996 2361 2184 2429 erant,

222 2442 500 2518 ostendi,
540 2442 699 2504 duos
744 2444 923 2504 etiam
952 2457 1035 2502 ex
1060 2439 1159 2502 his
1192 2441 1430 2506 solutos
1474 2439 1563 2500 ire
1590 2441 1672 2500 ad
1699 2441 2098 2502 Hannibalem
2127 2445 2184 2500 et

224 2541 591 2604 expromere
620 2541 781 2600 quae
809 2519 1189 2587 acta'essent
1216 2525 1410 2586 iussit.
1436 2524 1775 2599 -Hannibal,
1803 2529 1974 2585 tanto
2003 2521 2182 2584 simul

222 2612 472 2688 publico
516 2609 917 2686 familiarique
939 2610 1113 2670 'ictus
1154 2610 1348 2680 luctu,
1395 2621 1735 2684 agnoscere
1775 2623 1846 2667 se
1885 2607 2185 2668 fortunam

224 2693 604 2770 Carthaginis
631 2693 819 2755 fertur
841 2693 1104 2764 dixisse3
1138 2691 1482 2768 castrisque
1504 2690 1654 2752 inde·
1671 2690 1872 2764 motis,
1896 2696 1964 2751 ut
1985 2689 2186 2751 omnia

223 2778 471 2853 auxilia,
502 2792 663 2851 quae
682 2775 913 2840 diffusa
931 2777 1111 2838 latius
1134 2776 1287 2836 tueri
1317 2792 1438 2836 non
1471 2781 1728 2853 poterat,
1758 2773 1824 2835 in
1851 2780 2182 2834 extremum

223 2862 434 2923 Italiae
464 2861 751 2936 angulum
776 2861 1047 2922 Bruttios
1079 2859 1477 2934 contraheret,
1509 2866 1570 2920 et
1597 2858 2069 2935 Metapontinos,
2102 2855 2184 2916 ci-

224 2945 472 3006 vitatem
514 2942 893 3019 universam,
938 2942 1175 3004 excitos
1205 2942 1460 3004 sedibus
1488 2943 1648 3019 suiS,
1693 2950 1754 3004 et
1780 2942 2184 3010 Lucanorum,

226 3029 331 3106 qui
361 3043 513 3089 suae
543 3026 804 3089 dicionis
834 3033 1053 3100 erant,
1038 3009 1124 3086 in
1152 3026 1450 3088 Bruttium
1479 3043 1689 3104 agrum
1719 3027 2005 3088 traduxit.

1005 3253 1415 3265 -ffl-m-oa-
