2550 3959
362 139 448 203 54
762 141 992 201 LIBER
1023 141 1208 201 XXV.
1255 140 1421 201 CAP.
1450 150 1506 203 3.
1550 148 1624 215 [a.
1650 148 1721 203 U.
1744 166 1792 201 c.
1816 152 1943 216 5401

361 292 585 353 Piceno
616 292 730 353 sub
764 292 826 351 C.
855 292 1136 353 Terentio
1167 292 1446 366 fuissent,
1480 292 1755 366 legiones
1784 300 2011 353 essent.
2070 298 2322 372 supple·

360 384 628 437 mentum
669 376 732 436 in
768 392 882 437 eas
923 376 1044 451 ipsi
1085 376 1424 436 scriberent
1464 374 1604 439 sibi.
1666 376 1746 437 M.
1778 376 1950 438 Iunio
1991 377 2051 437 in
2080 380 2323 443 Tuscos

282 517 288 523 .
359 460 638 536 legiones
658 460 936 520 'urbanae
956 459 1184 535 prioris
1207 459 1351 519 anni
1375 460 1571 519 datae.
1598 459 1727 520 Tib.
1744 458 2111 535 Sempronio
2133 463 2320 526 Grac·

360 544 478 607 cho
523 552 582 603 et
619 542 684 602 P.
731 542 1094 619 Sempronio
1134 542 1434 603 Tuditano
1479 542 1797 618 imperium
1836 545 2322 623 provinciaeque

356 628 589 689 Lucani
631 635 694 689 et
735 626 929 687 Gallia
969 642 1106 687 cum
1147 626 1280 688 suis
1318 626 1689 687 exercitibus
1732 635 2132 703 prorogatae;
2177 631 2319 692 item

355 712 423 772 P.
451 711 706 772 Lentulo
743 726 866 786 qua
905 717 1084 771 vetus
1128 710 1448 785 provincia
1474 708 1538 771 in
1568 709 1775 771 Sicilia
1802 718 2004 781 esset;
2046 712 2129 773 Μ.
2156 714 2318 775 Mar-

357 797 512 857 cello
543 794 895 871 Syracusae
934 801 997 855 et
1028 810 1152 869 qua
1177 793 1463 854 Hieronis
1503 810 1757 869 reg-num
1786 795 2037 867 fuisset3
2080 799 2145 858 T.
2178 796 2317 861 Ota·

359 879 495 940 cilio
528 878 767 951 classis,
801 876 1056 938 Graecia
1081 877 1163 941 M.
1194 878 1464 953 Valeri0,
1497 877 1780 939 Sardinia
1810 879 1877 953 Q.
1900 879 2105 942 Mucio
2130 880 2317 942 Scae-

354 964 552 1036 volae,
583 962 916 1038 Hispaniae
940 960 1006 1020 P.
1035 968 1095 1022 et
1123 963 1226 1022 Cn.
1259 961 1573 1022 Corneliis.
1632 963 1711 1022 ad
1737 970 1977 1023 veteres
2004 965 2316 1027 exercitus

356 1048 518 1108 duae
555 1047 830 1107 urbanae
869 1045 1146 1120 legiones
1176 1062 1214 1105 a
1242 1044 1601 1108 consulibus
1646 1046 1912 1121 scriptae
1952 1062 2317 1125 summaque

356 1133 536 1192 trium
564 1137 625 1190 et
649 1128 861 1205 viginti
889 1129 1198 1205 legionum
1225 1144 1305 1191 eo
1332 1145 1493 1190 anno
1524 1129 1746 1191 effecta
1774 1137 1887 1191 est.

519 1214 818 1275 Dilectum
841 1216 1158 1275 consulum
1171 1212 1253 1275 Μ.
1268 1213 1561 1275 Postumii
1572 1213 1909 1291 Pyrgensis
1931 1230 2066 1276 cum
2088 1231 2313 1290 magne

353 1314 552 1377 prope
587 1304 758 1360 motu
796 1313 999 1358 rerum
1027 1300 1253 1359 factum
1282 1298 1573 1373 impediit.
1638 1297 2003 1372 publicanus
2032 1306 2165 1360 erat
2190 1299 2311 1361 Po-

353 1382 631 1457 stumiuS,
663 1382 766 1457 qui
795 1381 998 1442 multis
1027 1382 1205 1446 annis
1235 1397 1447 1457 parem
1474 1382 1690 1443 fraude
1718 1383 2095 1459 avaritiaque
2120 1384 2310 1443 nemi-

351 1484 490 1528 nem
530 1466 592 1525 in
622 1464 861 1525 civitate
901 1465 1198 1526 habuerat
1223 1474 1468 1541 praeter
1495 1467 1559 1526 Τ.
1590 1464 1995 1540 Pomponium
2022 1466 2307 1527 Veienta-

351 1567 525 1625 num,
572 1564 755 1624 quem
795 1549 1194 1625 populantem
1231 1556 1465 1610 temere
1506 1564 1691 1624 agros
1731 1549 1793 1609 in
1820 1550 2085 1611 Lucanis
2120 1550 2311 1613 ductu

348 1632 667 1696 Hannonis
697 1632 904 1708 priore
933 1648 1094 1695 anno
1125 1640 1421 1710 ceperant
1448 1632 1999 1709 Carthaginienses.
2052 1632 2135 1710 hi,
2162 1634 2313 1711 quia

350 1716 660 1794 publicum
691 1717 1028 1792 periculum
1057 1724 1188 1777 erat
1215 1736 1253 1779 a
1280 1718 1343 1777 vi
1370 1717 1749 1794 tempestatis
1775 1720 1839 1779 in
1867 1718 1943 1780 iis
1974 1734 2134 1794 quae
2162 1735 2309 1794 por-

347 1809 618 1863 tarentur
645 1802 726 1860 ad
756 1801 1080 1875 exerci-tuS,
1114 1808 1174 1861 et
1199 1800 1466 1862 ementiti
1494 1808 1667 1862 erant
1690 1802 1851 1863 falsa
1878 1802 2216 1877 naufragia,
2246 1812 2311 1863 et

347 1902 422 1946 ea
460 1885 602 1960 ipsa
642 1900 802 1959 quae
841 1900 994 1944 vera
1030 1886 1527 1945 renuntiaverant
1566 1879 1783 1946 fraude
1824 1886 2101 1962 ipsorum
2142 1886 2309 1947 facta
2354 1959 2382 1965 ἡ

347 1976 547 2042 erant,
590 1984 730 2043 non,
758 1982 926 2027 casu.
991 1968 1054 2029 in
1081 1975 1323 2029 veteres
1357 1984 1747 2045 quassasque
1774 1985 1967 2031 naves
1996 1969 2212 2046 paucis
2244 1978 2307 2031 et

347 2051 522 2129 parvi
561 2050 740 2126 pretii
781 2050 968 2110 rebus
1009 2050 1345 2127 impositis,
1393 2068 1532 2111 cum
1559 2051 1923 2115 mersissent
1950 2070 2059 2115 eas
2086 2054 2148 2113 in
2177 2054 2304 2115 alto

345 2135 622 2211 exceptis
651 2135 713 2195 in
743 2144 1144 2209 praeparatas
1175 2133 1441 2210 scaphas
1466 2136 1684 2211 nautis,
1714 2138 2079 2212 multiplices
2102 2135 2303 2199 ruisse

343 2235 580 2280 merces
604 2218 1100 2280 ementiebantur.
1146 2235 1220 2279 ea
1241 2220 1411 2279 fraus
1434 2218 1701 2281 indicata
1718 2220 1799 2281 M.
1820 2220 2006 2282 Atilio
2027 2222 2305 2295 praetori

345 2303 550 2379 priore
589 2318 750 2363 anno
789 2303 1012 2377 fuerat,
1057 2319 1131 2362 ac
1171 2318 1285 2377 per
1324 2316 1465 2363 eum
1492 2304 1573 2365 ad
1602 2313 1882 2365 senatum
1908 2305 2139 2377 delata,
2180 2320 2304 2365 nec

341 2393 544 2447 tamen
571 2387 698 2448 ullo
719 2392 985 2447 senatus
1017 2388 1302 2448 consulto
1332 2394 1565 2460 notata,
1607 2387 1755 2463 quia
1780 2395 1989 2463 patres
2019 2388 2302 2449 ordinem

341 2470 804 2547 publicanorum
831 2470 892 2529 in
922 2470 1022 2531 tali
1045 2478 1322 2545 tempore
1346 2470 1651 2531 offensum
1672 2471 1978 2532 nolebant.
2022 2471 2301 2547 populus

341 2554 616 2616 severior
649 2555 879 2617 vindex
907 2554 1138 2615 fraudis
1167 2561 1329 2627 erat,
1369 2553 1737 2629 excitatique
1764 2556 2008 2615 tandem
2038 2555 2160 2616 duo
2190 2555 2301 2615 tri-

340 2638 487 2699 buni
527 2637 728 2714 plebis
759 2636 1020 2711 Spurius
1061 2645 1124 2697 et
1147 2638 1214 2696 L.
1248 2636 1487 2697 Carvilii
1531 2653 1669 2697 cum
1695 2654 1825 2698 rem
1852 2638 2111 2699 invisam
2139 2638 2299 2698 infa—

252 2760 256 2764 -
340 2736 626 2797 memque
676 2728 1022 2794 cernerent,
1072 2721 1399 2781 ducentum
1447 2721 1677 2783 milium
1718 2722 1881 2782 aeris
1922 2724 2169 2783 multam
2206 2720 2295 2783 M.

338 2804 651 2867 Postumio
697 2804 998 2863 dixerunt.
1054 2804 1150 2864 cui
1193 2805 1523 2865 certandae
1565 2821 1703 2866 cum
1746 2805 1880 2865 dies
1916 2805 2297 2879 advenisset,

341 2888 788 2963 conciliumque
824 2894 946 2946 tam
987 2887 1281 2963 frequens
1321 2887 1519 2963 plebis
1550 2889 1828 2963 adesset,
1870 2896 1937 2949 ut
1962 2887 2297 2949 multitudi-

338 2987 479 3032 nem
520 2986 665 3031 area
694 2970 970 3045 Capitolii
996 2970 1103 3031 vix
1132 2980 1405 3046 caperet,
1454 2981 1743 3046 perorata
1770 2988 1962 3033 causa
1988 2988 2113 3032 una
2139 2985 2296 3047 spes

338 3055 659 3116 videbatur
687 3068 859 3128 esse,
891 3054 944 3115 si
974 3053 1036 3115 C.
1069 3054 1365 3115 Servilius
1396 3055 1592 3117 Casca
1616 3054 1895 3116 tribunus
1924 3054 2154 3132 plebis,
2185 3055 2301 3130 qui

339 3139 724 3216 propinquus
775 3145 1198 3214 cognatusque
1234 3136 1547 3200 Postumio
1597 3146 1758 3214 erat,
1808 3140 2167 3216 priusquam
2208 3138 2299 3197 ad

325 3222 696 3297 ‘suffragium
723 3220 916 3282 tribus
941 3230 1329 3298 vocarentur,
1357 3220 1828 3284 intercessisset.
1893 3222 2151 3284 testibus
2181 3222 2297 3282 (la-

335 3306 413 3367 tIs
445 3306 667 3366 tribuni
699 3307 997 3380 populum
1025 3314 1511 3382 summoverunt,
1556 3306 1879 3382 sitellaque
1905 3308 2029 3367 lata
2055 3312 2180 3381 est,
2224 3314 2301 3366 ut

338 3388 697 3450 sortirentur
739 3389 929 3450 tribus
973 3405 1047 3451 ac
1087 3391 1286 3451 statim
1330 3388 1687 3465 suffragium
1730 3391 1977 3449 ferrent.
2048 3386 2299 3450 interim
