2550 3959
352 228 479 292 318
662 228 891 289 LIBER
918 226 1127 287 xxix.
1173 226 1338 285 CAP.
1369 234 1457 287 35.
1482 233 1568 288 36.
1615 226 1685 303 [a.
1713 230 1783 283 υ.
1809 247 1858 281 ο.
1880 226 2006 299 5481

346 379 586 441 bunnar.
648 376 999 439 Hasdrubal
1026 375 1431 437 intentissima
1459 374 1908 449 conquisitione
1935 390 2072 437 cum
2099 377 2178 437 ad
2211 378 2305 439 trl·

342 466 511 540 ginta
538 461 705 523 milia
732 460 1037 539 peditum,
1079 459 1199 521 tria
1222 458 1498 536 equium
1521 458 1909 533 mntecisset,
1955 475 2078 521 non
2108 467 2310 523 tamen

344 555 483 607 ante
522 545 854 607 adventum
882 543 1191 621 Syphacis
1228 549 1434 603 castra
1473 542 1734 619 propius
1778 544 2025 605 hostem
2059 560 2310 607 movere

342 638 439 693 est
478 646 687 693 ausus.
750 628 1009 709 Syphax
1060 642 1201 689 cum
1242 626 1688 702 quinquaginta
1725 626 1971 687 milibus
2009 628 2306 703 peditum,

340 715 557 777 decem
584 712 853 791 equitum
883 711 1149 787 advenit,
1190 709 1641 787 confestimque
1667 710 1848 771 motis
1877 727 1917 771 a
1946 710 2306 788 Carthagine

341 799 559 862 castris
589 798 759 859 haud
783 796 1001 873 procul
1028 796 1205 857 Utica
1239 794 1800 871 munitionibusque
1825 796 2120 857 Romanis
2149 812 2302 859 ..eon-

340 884 519 945 sedit.
576 896 837 956 quorum
863 880 1165 943 adventus
1193 878 1314 939 hoe
1343 885 1544 939 tamen
1573 878 1862 940 momenti
1891 879 2050 955 fecit,
2079 886 2146 941 ut
2174 879 2302 943 Sei-

340 968 465 1043 pio,
494 981 634 1027 cum
660 964 1063 1041 quadraginta
1090 964 1281 1025 ferme
1311 962 1446 1025 dies
1477 962 1852 1040 nequiquam
1881 964 2088 1027 omnia
2115 980 2302 1042 expe·

338 1050 501 1111 riens
544 1048 897 1111 obsedisset
922 1048 1155 1109 Uticam
1172 1092 1189 1120 ,
1232 1046 1599 1109 abscederet
1639 1046 1783 1107 inde
1825 1047 1994 1111 irrito
2035 1048 2298 1126 incepto.

338 1143 397 1195 et
434 1167 523 1181 —-
548 1134 669 1194 iam
698 1134 859 1193 enim
886 1132 1083 1193 hiems
1112 1130 1380 1193 instabat
1421 1163 1497 1177 -
1543 1138 1745 1192 castra
1771 1130 2028 1193 hiberna
2066 1132 2128 1193 in
2159 1150 2298 1209 pro·

336 1216 671 1293 montorio,
728 1216 898 1292 quod
938 1216 1105 1278 tenui
1142 1216 1288 1290 iugo
1331 1214 1660 1277 continenti
1699 1215 2046 1277 adhaerens
2089 1217 2150 1277 in
2193 1219 2298 1278 ali-

339 1308 625 1379 quantum
653 1301 839 1363 maris
867 1299 1128 1377 spatium
1158 1298 1533 1373 extenditur,
1579 1302 1940 1372 communit3
1981 1316 2106 1362 uno
2135 1303 2298 1365 vallo

344 1394 403 1447 et
444 1385 687 1447 navalia
730 1391 931 1447 castra
972 1384 1372 1461 amplectitur.
1439 1382 1582 1459 iugo
1613 1384 1816 1446 medio
1846 1384 2156 1460 legionum
2197 1401 2296 1446 ca·

336 1470 478 1531 stris
518 1469 823 1547 impositis
850 1470 1011 1531 latus
1052 1468 1134 1531 ad
1162 1467 1658 1545 septemtrionem
1684 1483 1930 1531 versum
1957 1468 2296 1531 subductae

338 1568 529 1615 naves
570 1554 950 1629 navalesque
988 1553 1143 1615 socii
1183 1550 1498 1627 tenebant,
1541 1553 1938 1614 meridianam
1967 1554 2187 1615 vallem
2215 1556 2294 1615 ad

334 1639 589 1700 alterum
630 1637 773 1699 litus
814 1636 1141 1714 equitatus.
1205 1637 1362 1697 haec
1399 1635 1461 1695 in
1488 1636 1700 1697 Africa
1738 1652 1936 1714 usque
1975 1638 2058 1699 ad
2099 1645 2267 1699 extre

336 1739 497 1783 mum
524 1723 795 1784 autumni
822 1728 1015 1797 gesta.

497 1806 766 1867 XXXVI.
830 1806 1075 1867 Praeter
1122 1811 1482 1866 convectum
1531 1805 1803 1881 undique
1851 1820 1931 1865 ex
1981 1807 2289 1883 populatis

336 1892 499 1951 cirea
526 1891 689 1965 agris
714 1891 1077 1951 frumentum
1107 1894 1608 1965 commeatusque
1635 1904 1715 1949 ex
1739 1886 1948 1951 Sicilia
1971 1896 2156 1967 atque
2178 1891 2288 1952 Ita-

334 1974 417 2035 lia
444 1974 760 2048 advectos‚
806 1972 910 2035 Cn.
938 1972 1223 2035 Octavius
1256 1979 1620 2050 propraetor
1646 1988 1726 2033 ex
1755 1970 2038 2035 Sardinia
2063 1974 2140 2035 ab
2162 1974 2287 2035 Tib.

333 2058 585 2119 Claudio
617 2064 930 2134 praetore,
974 2056 1149 2119 cuius
1180 2073 1256 2117 ea
1284 2056 1602 2132 provincia
1627 2063 1785 2130 erat,
1831 2056 2136 2133 ingentem
2163 2058 2286 2119 vim

330 2140 609 2203 frumenti
650 2142 934 2213 advexit3
992 2140 1336 2217 horreaque
1377 2155 1500 2201 non
1543 2141 1742 2202 solum
1781 2157 1942 2216 quae
1981 2141 2100 2203 iam
2129 2142 2287 2205 facta

332 2231 503 2287 erant
542 2227 807 2303 repleta,
852 2224 966 2285 sed
993 2241 1156 2287 nova
1194 2224 1534 2287 aedificata.
1600 2224 1964 2287 vestimenta
1998 2226 2284 2287 exercitui

330 2315 611 2371 acer-anta
654 2308 721 2371 id
746 2310 1095 2371 mandatum
1127 2309 1378 2371 Octavio
1395 2354 1410 2384 ,
1458 2316 1524 2371 ut
1553 2324 1692 2371 cum
1731 2316 2016 2387 praetore
2057 2319 2284 2387 ageret,

328 2394 381 2455 si
425 2393 571 2470 quid
610 2408 690 2455 ex
742 2408 819 2455 ea
862 2393 1178 2469 provincia
1217 2392 1560 2469 comparari
1600 2408 1674 2454 ac
1715 2393 1861 2454 mitti
1904 2399 2136 2469 posset.
2211 2410 2286 2455 ea

329 2494 579 2555 quoque
617 2477 785 2539 haud
826 2478 1095 2553 segniter
1134 2484 1347 2539 curata
1382 2492 1518 2539 resi
1573 2476 1736 2537 mille
1777 2477 2076 2539 ducentae
2101 2484 2284 2555 togae

328 2561 495 2623 brevi
524 2562 725 2638 spatio
756 2567 819 2623 et
846 2562 1171 2625 duodecim
1200 2560 1365 2621 milia
1392 2560 1729 2622 tunicarum
1755 2560 1964 2621 missa.

490 2647 744 2705 Aestate
786 2660 888 2717 ea,
936 2661 1059 2721 qua
1084 2645 1238 2705 haec
1266 2645 1328 2704 in
1357 2645 1568 2705 Africa
1604 2650 1780 2720 gesta
1805 2652 1976 2718 sunt,
2019 2645 2082 2705 P.
2113 2644 2280 2706 Sem-

325 2727 581 2804 pronius
612 2728 847 2803 eonsul,
892 2729 989 2790 eui
1015 2727 1227 2791 Bruttii
1255 2728 1572 2804 provincia
1599 2735 1758 2801 erat,
1803 2730 1866 2789 i'n
1893 2744 2042 2805 agro
2074 2729 2282 2790 Croto·

324 2811 520 2874 niensi
562 2827 697 2873 cum
726 2811 1067 2873 Hannibale
1094 2812 1155 2873 in
1194 2811 1334 2889 ipso
1377 2812 1592 2873 itinere
1630 2812 2016 2875 tumultuario
2048 2812 2302 2889 proelio·

326 2894 615 2957 conflixit.
669 2894 1011 2971 agminibus
1041 2896 1235 2971 magis
1268 2912 1453 2971 quam
1480 2895 1614 2957 acie
1644 2903 1976 2972 pugnatum
2005 2904 2118 2958 est.
2159 2897 2279 2957 Ro-

323 2978 483 3039 mani
511 2979 689 3055 pulsi,
730 2986 791 3039 et
819 2979 1071 3041 tumultu
1097 2979 1306 3041 verius
1337 2995 1520 3055 quam
1551 2996 1758 3055 pugna
1786 2982 1867 3041 ad
1893 2981 2056 3041 mille
2083 2986 2144 3043 et
2171 2981 2278 3041 du·

323 3058 482 3123 centi
509 3062 589 3122 de
614 3063 885 3123 exercitu
914 3061 1187 3124 consulis
1224 3062 1554 3125 interfectiz
1599 3063 1662 3123 in
1691 3070 1894 3125 castra
1922 3064 2158 3141 trepide
2185 3079 2280 3123 re-

324 3146 547 3218 ditum;
592 3162 794 3222 neque
824 3162 1184 3223 oppugnare
1211 3154 1413 3208 tamen
1444 3162 1520 3207 ea
1547 3147 1762 3209 hostes
1791 3148 1944 3209 ausi.
2011 3154 2282 3209 ceterum

321 3231 559 3293 silentio
585 3232 903 3307 proximae
925 3231 1122 3293 noctis
1154 3232 1466 3307 profectus
1497 3231 1641 3291 inde
1669 3233 1905 3306 consul,
1937 3233 2280 3308 praemisso

321 3315 528 3375 nuntio
570 3316 649 3376 ad
676 3315 741 3374 P.
770 3315 1061 3379 Licinium
1092 3315 1553 3391 proconsulem,
1596 3321 1664 3375 ut
1691 3331 1837 3377 suas
1867 3316 2142 3391 legiones
2174 3316 2281 3375 ad-

318 3405 607 3471 moveret,
652 3400 865 3475 copias
898 3398 1228 3461 coniunxit.
1291 3398 1373 3461 ita
1403 3400 1524 3460 duo
1557 3399 1780 3473 duces,
1821 3399 1942 3460 duo
1974 3400 2278 3461 exercitus

318 3482 398 3541 ad
418 3481 817 3543 Hannibalem
847 3484 1173 3544 redierunt.
1234 3498 1345 3544 nec
1376 3498 1548 3543 mora
1577 3482 1903 3545 dimicandi
1935 3484 2110 3555 facta,
2139 3498 2279 3544 cum
