2550 3959
602 189 841 253 LIBER
858 186 1043 249 XXX.
1088 186 1255 247 CAP.
1285 196 1374 249 ω.
1395 196 1484 249 21.
1527 190 1603 260 [a.
1633 190 1700 249 c,
1729 190 1858 259 eoa]
2088 182 2216 250 348

250 352 379 407 tum
405 340 647 406 milibus
676 345 1045 403 armatorum
1072 340 1153 399 ad
1172 338 1653 401 Trasumennum
1681 346 1785 400 aut
1805 339 2048 401 Cannas
2077 356 2216 401 cae-

252 428 342 489 sis
372 426 535 491 eirca
550 424 883 488 Casilinum
902 423 1249 500 Cumasque
1276 422 1566 485 etNolam
1595 424 2021 485 consenuisse.
2061 422 2218 485 haec

252 525 559 575 accusans
596 522 988 584 querensque
1029 522 1109 569 ex
1147 508 1385 569 diutina
1422 507 1830 585 possessione
1871 507 2081 568 Italiae
2123 514 2220 569 est

252 595 583 657 detractus.

420 676 577 738 XXI.
632 676 895 740 Romam
924 692 1037 754 per
1064 676 1322 736 eosdem
1351 676 1489 736 dies
1519 682 1580 735 et
1602 674 1930 749 Magonem
1966 681 2030 735 et
2053 674 2218 734 Han-

254 758 520 825 nibalem
548 761 862 837 profectos
894 760 1160 821 adlatum
1191 767 1304 819 est.
1369 760 1544 819 cuius
1575 759 1840 834 duplicis
1867 758 2218 835 gratulatio-

254 842 353 903 nis
371 843 587 909 minuit
614 844 901 909 laetitiam
928 850 990 905 et
1012 843 1181 918 quod
1210 859 1424 919 parum
1448 844 1640 903 duces
1667 844 1728 903 in
1756 841 2094 903 retinendis
2120 842 2217 913 iis,

254 941 393 987 cum
420 926 485 987 id
512 929 862 991 mandatum
890 926 969 987 ab
998 934 1217 989 senatu
1259 934 1459 1001 esset,
1502 932 1607 986 aut
1647 927 1831 987 animi
1870 934 1976 987 aut
2001 926 2222 986 virium

254 1010 549 1075 habuisse
592 1013 985 1086 videbantur,
1024 1017 1091 1071 et
1132 1012 1300 1085 quod
1343 1010 1585 1071 solliciti
1629 1018 1829 1084 erant,
1877 1010 2041 1071 omni
2074 1008 2220 1069 belli

256 1094 418 1155 mole
446 1095 507 1160 in
535 1111 723 1159 unum
764 1095 1096 1159 exercitum
1124 1095 1468 1170 ducemque
1495 1094 1781 1153 inclinata
1811 1110 1932 1169 quo
1959 1108 2222 1154 evasura

257 1186 426 1239 esset
446 1193 570 1243 res.
614 1193 728 1254 per
754 1179 1013 1241 eosdem
1038 1179 1173 1239 dies
1194 1178 1375 1253 legati
1389 1177 1704 1254 Saguntini
1734 1184 2034 1238 venerunt
2056 1191 2221 1236 com-

257 1277 521 1337 prensos
550 1276 689 1325 eum
720 1263 985 1339 pecunia
1014 1263 1394 1323 adducentes
1423 1261 1974 1337 Carthaginienses,
2008 1260 2112 1337 qui
2139 1260 2222 1320 ad

258 1345 665 1423 conducenda
688 1346 919 1411 auxilia
946 1347 1007 1405 in
1040 1345 1397 1422 Hispaniam
1423 1345 1828 1406 traiecissem.
1870 1346 2135 1406 ducenta
2161 1350 2224 1404 et

258 1429 708 1506 quinquaginta
746 1430 899 1504 auri,
944 1430 1292 1506 octingenta
1321 1430 1530 1506 pondo
1561 1429 1794 1504 argenti
1824 1428 1886 1488 in
1915 1428 2222 1489 vestibulo

261 1513 469 1573 curiae
496 1520 857 1590 posuerunt.
897 1514 1245 1576 hominibus
1274 1514 1551 1590 acceptis
1581 1513 1641 1572 in
1671 1528 1982 1573 carcerem
2011 1512 2222 1573 condi·

259 1597 359 1671 tis,
404 1612 553 1659 auro
584 1604 963 1674 argentoque
988 1598 1250 1672 reddito,
1287 1600 1519 1673 gratiae
1549 1597 1766 1671 legatis
1803 1603 1994 1671 actae,
2039 1604 2222 1671 atque

258 1680 514 1755 insuper
556 1697 809 1746 munera
836 1683 981 1743 data
1007 1697 1083 1743 ac
1123 1697 1349 1758 naves,
1395 1680 1618 1756 quibus
1647 1680 1708 1740 in
1740 1680 2100 1756 Hispaniam
2125 1694 2221 1739 re-

259 1763 643 1833 veherentur.
684 1766 910 1827 mentio
936 1765 1161 1827 deinde
1188 1764 1269 1824 ab
1297 1764 1644 1827 senioribus
1667 1766 1825 1825 facta
1853 1770 1950 1825 est
1971 1763 2220 1839 segnius

258 1846 541 1910 homines
561 1848 727 1915 bona
750 1866 933 1925 quam
958 1850 1119 1910 mala
1148 1850 1393 1910 sentire.
1435 1850 1694 1910 transitu
1725 1849 1784 1907 in
1806 1848 2038 1908 ltaliam
2058 1848 2222 1907 Han-

259 1931 483 1993 nibalis
508 1940 796 2008 quantum
819 1934 1068 1998 terroris
1090 1933 1468 2010 pavorisque
1489 1948 1634 1993 esse
1654 1932 2032 2004 meminisse;
2064 1946 2223 2006 quas

261 2016 485 2079 deinde
514 2017 743 2094 clade8‚
776 2036 937 2094 quos
966 2019 1165 2079 luctus
1194 2018 1520 2083 incidisse!
1559 2017 1700 2077 visa
1729 2023 1932 2079 castra
1957 2015 2225 2077 hostium

260 2116 299 2159 e
344 2102 533 2163 muris
583 2102 787 2167 urbis:
858 2118 1019 2177 quae
1062 2109 1205 2163 vota
1252 2102 1632 2177 singulorum
1675 2102 2225 2175 universorumque

263 2183 489 2245 ruisset
520 2186 805 2259 quotiens
836 2186 897 2245 in
926 2186 1203 2247 conciliis
1231 2201 1424 2245 voces
1453 2201 1672 2245 manus
1703 2186 1784 2245 ad
1815 2186 2050 2245 caelum
2081 2200 2222 2259 por-

260 2265 583 2340 rigentium
610 2267 871 2341 audita8‚
898 2283 979 2329 ea
1006 2284 1296 2343 umquam
1325 2268 1426 2327 ille
1454 2270 1588 2329 dies
1617 2268 1856 2328 futurus
1881 2275 2067 2342 esset,
2099 2283 2224 2341 quo

261 2364 519 2414 vacuam
559 2348 842 2415 hostibus
871 2351 1103 2413 ltaliam
1144 2352 1312 2411 bona
1353 2367 1508 2425 pace
1545 2350 1864 2411 florentem
1891 2351 2098 2422 visuri,
2127 2366 2226 2410 es-

265 2439 429 2498 sent!
462 2432 715 2497 dedisse
745 2435 807 2498 id
830 2436 984 2499 deos
1014 2435 1261 2497 tandem
1291 2440 1468 2495 sexto
1491 2434 1730 2496 decimo
1756 2436 1996 2495 demum
2027 2450 2223 2504 anno;

265 2531 382 2579 nec
409 2532 574 2592 asse,
618 2518 723 2592 qui
749 2519 886 2581 deis
916 2525 1121 2595 grates
1150 2518 1426 2593 agendas
1451 2525 1775 2578 censeant=
1819 2520 1978 2580 adeo
2009 2534 2087 2579 ne
2116 2518 2224 2577 ad-

265 2600 611 2667 venientem
641 2602 889 2675 quidem
917 2602 1173 2677 granam
1193 2603 1473 2663 homines
1493 2601 1760 2677 benigne
1787 2602 2087 2678 accipere,
2117 2616 2222 2661 ne·

266 2685 412 2745 dum
465 2684 546 2756 od
594 2686 954 2761 praeteritae
1006 2687 1155 2747 satis
1205 2702 1510 2751 mernores
1561 2687 1698 2746 sint.
1784 2688 2222 2749 conclamatum

264 2768 493 2831 deinde
529 2784 612 2832 ex
654 2770 817 2833 omni
856 2776 1031 2845 parts
1072 2771 1280 2831 curiae
1320 2777 1445 2844 est,
1501 2771 1588 2830 uti
1627 2771 1882 2830 referret
1919 2770 1983 2829 P.
2011 2769 2226 2829 Aelius

265 2859 545 2928 praetors
589 2853 1050 2929 decretumque,
1093 2862 1161 2916 ut
1186 2854 1461 2930 quinque
1489 2853 1623 2914 dles
1651 2854 1816 2914 circa
1849 2853 2054 2917 omnia
2093 2853 2226 2930 pul·

266 2936 502 2997 vinaria
540 2936 991 3016 supplicarem
1027 2937 1434 3014 victimaeque
1472 2938 1735 2999 maiores
1777 2938 2228 3000 immolarentur

268 3026 509 3082 centum
535 3020 765 3096 vig-inti.

435 3104 563 3167 Iam
600 3104 862 3171 dimisso
890 3106 1097 3169 Laelio
1136 3106 1483 3181 legatisque
1511 3104 1878 3166 Masinissae
1913 3120 2056 3165 cum
2086 3104 2226 3164 Car—

268 3186 741 3262 thaginiensium
767 3191 1005 3265 legatos
1036 3190 1115 3249 de
1146 3204 1304 3266 pace
1345 3189 1422 3250 ad
1453 3197 1730 3250 senatum
1767 3188 2084 3248 venientes
2113 3187 2226 3247 Pu-

270 3271 451 3332 teolis
478 3270 683 3346 visos,
727 3273 870 3335 inde
898 3279 1061 3335 terra
1086 3280 1380 3335 venturos
1411 3273 1680 3335 adlatum
1710 3279 1903 3347 esset,
1927 3271 2225 3349 'revocari

272 3355 339 3416 C.
358 3355 629 3415 Laelium
658 3358 901 3431 placuit,
933 3364 1000 3419 ut
1027 3373 1231 3421 coram
1261 3372 1338 3417 eo
1369 3357 1448 3417 de
1472 3373 1624 3433 pace
1657 3363 1957 3431 ageretur.
1997 3356 2066 3431 Ω.
2088 3356 2226 3416 Ful-

269 3438 409 3501 vius
458 3438 646 3514 Gillo,
703 3440 939 3516 legatus
990 3441 1330 3519 Scipioni5‚
1393 3441 1922 3516 Carthaginienses
1970 3441 2228 3502 Romam
