2550 3959
361 263 446 329 4⁴
619 262 842 324 LmER
861 262 1074 323 xxiv.
1117 260 1283 321 CAP.
1314 268 1399 321 42.
1424 268 1510 323 43.
1534 268 1623 321 44.
1665 262 1739 336 [a.
1764 264 1839 321 U.
1860 281 1909 319 ο.
1934 266 2062 338 ⁵3⁹]

357 416 646 477 Vismaro
686 415 933 475 nomina
975 420 1148 474 erant
1183 442 1269 457 —
1323 428 1398 472 eo
1430 412 1681 489 proelio
1724 412 2091 475 ceciderunt.
2160 423 2319 481 ,octo

361 498 667 575 elephanti
696 498 876 575 capti,
904 505 1028 558 tres
1059 496 1266 558 occisi.
1296 528 1383 539 —
1425 496 1573 557 Cum
1600 496 1723 557 iam
1751 512 2091 573 prosperae
2120 512 2222 558 res
2252 499 2315 559 in

359 582 655 659 Hispania
683 588 908 657 essent,
946 578 1319 640 verecundia
1348 579 1660 641 Romanos
1691 580 1933 639 tandem
1966 580 2157 657 cepit,
2202 581 2341 655 Sar

357 674 606 743 guntum
643 664 969 741 oppidum,
1015 679 1176 741 quae
1219 678 1411 723 causa
1438 662 1581 723 belli
1622 669 1819 735 esset,
1866 670 2149 725 octavum
2190 666 2314 725 iam

358 766 584 811 annum
623 748 740 810 sub
780 748 1046 809 hostium
1087 752 1393 825 potestate
1431 761 1595 807 esse.
1662 746 1869 823 itaque
1909 747 1972 811 id
2012 746 2330 829 oppidum·

357 834 418 895 vi
447 835 629 909 pulso
660 832 968 909 praesidio
997 829 1226 892 Punico
1255 837 1635 905 receperunt,
1670 829 2129 906 cultoribusque
2158 832 2301 891 anti·

359 917 515 993 quis,
553 932 710 991 quos
740 932 818 976 ex
845 916 921 977 iis
951 915 1045 975 vis
1073 913 1407 989 reliquerat
1434 913 1593 989 belli,
1636 913 2041 989 restituerunt,
2081 922 2143 977 et
2166 914 2312 975 Tur-

355 1002 634 1076 detanos,
679 999 781 1075 qui
811 1004 1239 1060 contraxerant
1265 998 1359 1057 cis
1388 1012 1527 1057 cum
1556 996 2153 1072 Carthaginiensibus
2184 999 2313 1059 bel·

356 1087 508 1159 lum,
576 1084 635 1143 in
697 1090 1058 1160 potestatem
1104 1082 1391 1143 redactos
1442 1080 1557 1141 sub
1613 1095 1845 1141 corona
1907 1080 2311 1143 vendiderunt

355 1170 690 1244 urbemque
719 1183 930 1229 eorum
958 1167 1251 1228 delerant.

519 1251 722 1313 XLIII.
763 1249 930 1311 Haec
957 1251 1019 1311 in
1046 1249 1346 1325 Hispania
1374 1248 1441 1322 Q.
1470 1246 1659 1309 Fabio
1688 1248 1771 1311 M.
1802 1246 2053 1309 Claudio
2086 1264 2309 1312 consu·

355 1334 514 1395 libus
543 1342 736 1410 gesta.
799 1335 1031 1395 Romae
1059 1348 1196 1393 cum
1239 1332 1460 1392 tribuni
1491 1331 1690 1407 plebis
1718 1330 1867 1391 novi
1894 1332 2313 1408 magistratum

357 1419 628 1491 inissent,
671 1419 976 1493 extemplo
1010 1414 1463 1477 censoribus-P.
1491 1414 1675 1478 Furio
1706 1422 1767 1477 et
1792 1415 1873 1478 Μ.
1901 1415 2086 1477 Atilio
2115 1431 2154 1475 a
2181 1416 2309 1477 Me·

353 1503 496 1561 tello
525 1501 764 1561 tribuno
809 1500 1008 1577 plebis
1037 1500 1171 1561 dies
1202 1500 1365 1559 dicta
1404 1498 1483 1558 ad
1513 1500 1811 1575 populum
1839 1508 1953 1560 est.
2020 1507 2311 1575 quaesto·

355 1600 481 1643 rem
530 1600 668 1645 eum
708 1584 988 1660 proximo
1042 1599 1203 1643 anno
1257 1584 1543 1658 adempto
1586 1598 1750 1659 equo
1794 1582 1954 1644 tribu
1994 1592 2312 1644 moverant

357 1676 540 1744 atquc
579 1669 874 1729 aerarium
905 1670 1177 1728 fecerant
1214 1674 1469 1742 propter
1499 1666 1977 1728 coniurationem
2019 1667 2308 1728 deseren-

351 1749 706 1813 dae-Italiae
735 1752 816 1813 ad
847 1751 1084 1812 Cannas
1115 1752 1357 1811 factam.
1402 1750 1516 1809 sed
1547 1766 1769 1811 novem
1797 1749 2171 1812 tribunorum
2200 1767 2308 1811 au·

353 1836 496 1895 xilio
539 1835 707 1897 vetiti
743 1852 989 1895 causam
1029 1836 1091 1896 in
1129 1834 1485 1909 magistratu
1514 1833 1720 1894 dicere
1776 1834 2137 1910 dimissique
2180 1835 2297 1895 sue-

353 1926 504 1980 rant.
592 1935 670 1980 ne
721 1921 974 1981 lustrum
1023 1918 1387 1995 perficerent
1438 1932 1603 1979 mors
1652 1916 1963 1993 prohibuit
2008 1917 2073 1978 P.
2123 1917 2310 1978 Furii.

352 2002 431 2061 M.
461 2002 682 2065 Atilius
709 2002 1064 2079 magistratu
1096 2016 1166 2061 se
1193 2001 1521 2061 abdicavit.
1551 2033 1638 2045 -—-
1678 1999 1935 2065 Comitia
1962 1996 2309 2063 consularia

352 2085 556 2146 habita
583 2086 662 2146 ab
684 2086 752 2160 Q.
765 2084 954 2148 Fabio
967 2085 1233 2145 Maximo
1266 2086 1541 2145 consule.
1588 2084 1773 2146 creati
1805 2086 2091 2145 consules
2125 2084 2309 2145 ambo

350 2167 638 2230 absentes
680 2168 748 2243 Q.
775 2168 998 2228 Fabius
1025 2168 1327 2228 Maximus
1372 2168 1646 2229 consulis
1687 2168 1848 2229 filius
1890 2174 1950 2229 et
1976 2168 2103 2231 Tib.
2134 2166 2307 2229 Sem-

353 2252 602 2327 pronius
647 2253 957 2314 Gracchus
998 2250 1230 2312 iterum.
1294 2258 1611 2327 praetores
1652 2251 1805 2313 fiunt
1839 2251 1921 2311 M.
1963 2252 2185 2315 Atilius
2224 2261 2307 2326 et,

351 2336 456 2412 qui
501 2343 626 2396 tum
663 2337 896 2397 aediles
926 2336 1167 2397 curules
1211 2343 1410 2410 erant,
1451 2334 1517 2395 P.
1548 2334 1945 2410 Sempronius
1972 2336 2308 2397 Tuditanus

349 2428 411 2479 ct
440 2419 545 2480 Cn.
570 2419 820 2481 Fulvius
847 2420 1232 2481 Centumalus
1263 2425 1324 2478 et
1350 2418 1430 2479 M.
1459 2418 1758 2479 Aemilius
1787 2418 2077 2495 Lepidus.
2120 2420 2307 2481 ludos

349 2503 632 2565 scenicos
661 2520 771 2581 per
798 2502 1202 2581 quadriduum
1233 2519 1308 2563 eo
1331 2518 1493 2563 anno
1516 2500 1773 2577 primurn
1797 2503 1993 2563 factos
2024 2503 2100 2563 ab
2129 2518 2299 2563 curu·

348 2586 508 2648 libus
543 2588 843 2649 aedilibus
871 2588 1200 2649 memoriae
1229 2587 1524 2662 proditur.
1602 2585 1817 2646 aedilis
1845 2586 2177 2647 Tuditanus
2204 2586 2309 2649 hic

348 2677 493 2743 erat,
526 2672 630 2745 qui
652 2672 733 2732 ad
757 2672 996 2732 Cannas
1021 2686 1253 2746 pavore
1283 2669 1417 2729 aliis
1448 2668 1509 2729 in
1538 2674 1704 2729 tanta
1728 2669 1903 2729 clade
1926 2670 2307 2747 torpentibus

349 2769 463 2829 pcr
489 2755 726 2815 medios
756 2755 970 2816 hostes
1001 2754 1191 2814 duxit.

515 2838 596 2898 lis
628 2838 886 2898 comitiis
917 2837 1206 2911 perfectis
1249 2843 1501 2897 auctore
1528 2836 1597 2910 Q.
1624 2834 1813 2896 Fabio
1846 2838 2101 2897 consule
2142 2836 2306 2897 desi-

345 2921 508 2996 gnati
543 2922 830 2981 consules
858 2921 1114 2981 Romam
1144 2920 1425 2982 accersiti
1454 2919 1867 2994 magistratum
1900 2919 2175 2996 inierunt,
2206 2937 2305 2981 se·

347 3011 674 3078 natumque
717 3004 796 3064 de
835 3003 998 3065 bello
1041 3019 1115 3063 ac
1165 3003 1499 3078 provinciis
1550 3002 1679 3064 suis
1733 3009 2207 3079 praetorumque
2245 3011 2308 3065 et

345 3088 425 3147 de
445 3086 852 3164 exercitibus,
899 3086 1120 3162 quibus
1153 3088 1381 3162 quique
1401 3094 1803 3164 praeessent,
1848 3088 2305 3149 consuluerunt.

342 3170 550 3232 XLIV.
601 3170 807 3247 itaque
850 3170 1203 3248 provinciae
1243 3177 1429 3247 atquo.
1470 3169 1777 3231 exercitus
1822 3169 2036 3232 divisi:
2079 3170 2305 3233 bellum

345 3270 481 3315 cum
494 3255 835 3317 Hannibale
865 3255 1224 3316 consulibus
1246 3256 1596 3315 mandatum
1626 3261 1686 3318 et
1714 3254 2092 3317 exercituum
2120 3271 2304 3331 unus,

344 3353 525 3415 quem
551 3340 689 3414 ipse
718 3338 1120 3415 Sempronius
1147 3338 1464 3411 habuerat,
1495 3338 1666 3411 alter,
1700 3353 1880 3411 quem
1901 3336 2126 3399 Fabius
2156 3352 2302 3398 con-

342 3420 458 3486 sul.
501 3436 616 3483 cae
643 3420 824 3483 binae
855 3430 1028 3484 crant
1055 3422 1353 3499 legiones.
1396 3421 1478 3481 Μ.
1503 3420 1799 3481 Aemilius
1831 3428 2095 3497 praetor,
2125 3420 2305 3483 cuius

337 3504 664 3583 peregrina
691 3521 832 3570 sors
861 3514 1007 3582 erat,
1039 3506 1187 3567 iuris
1211 3506 1486 3567 dictione
1501 3504 1581 3565 M.
1605 3504 1788 3565 Atilio
1818 3506 2093 3579 collegae
2123 3520 2301 3581 prae·
