2550 3959
584 232 815 293 ιιΒΕιι
842 232 1025 295 xxx.
1072 229 1356 292 cAP.1e.
1390 178 1684 303 19.''[a.c.
1713 235 1842 302 2031
2065 228 2186 293 341

236 396 566 465 postquam
596 384 819 445 semine
844 380 1143 445 transfixo
1176 382 1496 443 cadentem
1533 382 1879 459 auferrique
1907 400 1986 444 ex
2014 400 2196 461 proe-

225 472 314 543 ‚lio
356 484 554 547 prope
593 482 983 545 exsanguem·
1010 466 1256 541 videre,
1303 465 1610 543 extemplo
1639 466 1701 527 in
1733 468 1938 542 fugam
1981 484 2197 530 omnes

233 554 419 615 versi.
482 552 565 613 ad
608 552 881 629 quinque
920 550 1087 610 milia
1113 550 1385 613 hostium
1424 564 1500 610 eo
1533 548 1633 611 die
1663 562 1878 626 caesa,
1922 558 1983 612 et
2021 552 2198 627 signa

232 636 513 698 militaria
540 636 665 698 duo
696 643 755 695 et
778 634 990 711 viginti
1021 641 1219 711 capta.
1283 648 1400 694 nec
1425 633 1720 697 Romanis
1760 633 2078 699 incruenta
2105 636 2196 695 vi·

234 722 427 783 etoria
466 720 608 781 suita
664 720 787 781 duo
826 718 993 778 milia
1021 725 1095 777 et
1132 714 1386 777 trecenti
1428 716 1507 777 de
1558 718 1834 782 exercitu
1855 720 2198 811 praetoriS,

233 820 379 882 pars
420 807 606 865 multo
644 803 909 863 maxima
948 817 1025 862 ex
1069 801 1312 877 legione
1354 801 1718 862 duodecima
1759 803 1990 864 amissi.
2054 789 2201 864 inde

232 892 294 950 et
318 888 543 950 tribuni
568 887 819 948 militum
850 887 990 957 duo,
1036 884 1117 944 M.
1152 883 1492 946 Cosconius
1520 892 1581 945 et
1605 884 1686 945 Μ.
1717 886 2017 949 Maevius,
2081 895 2202 949 ter·

236 976 355 1035 tiae
385 972 659 1034 decimae
680 973 939 1047 quoqu'e
966 968 1245 1043 legionis,
1293 982 1452 1043 quae
1481 972 1795 1044 postremo
1823 972 2061 1047 proelio
2089 970 2200 1033 ad-

238 1059 459 1130 fuerat,
508 1055 569 1115 C.
601 1054 855 1114 Helvius
896 1050 1175 1113 tribunus
1204 1050 1458 1113 militum
1485 1050 1548 1112 in
1588 1052 1964 1115 restituenda
1992 1072 2202 1133 pugna

238 1140 483 1212 cecidit,
529 1146 589 1197 et
616 1138 739 1197 duo
770 1143 830 1197 et
856 1135 1068 1211 viginti
1098 1137 1289 1198 ferme
1317 1136 1552 1211 equites
1594 1137 1860 1199 illustres
1893 1138 2093 1200 obtriti
2122 1138 2202 1199 ab

236 1223 577 1299 elephantis
602 1237 741 1284 cum
764 1220 1219 1282 centurionibus
1250 1220 1484 1295 aliquot
1506 1221 1834 1297 perierunt.
1877 1229 1938 1284 et
1957 1222 2198 1297 longius

238 1316 541 1368 certamen
566 1305 801 1381 fuisset,
832 1304 894 1363 ni
919 1305 1176 1365 vulnere
1196 1303 1372 1366 ducis
1403 1319 1708 1366 concessa
1729 1304 1984 1365 victoria
2014 1302 2197 1367 esset.

403 1390 557 1450 XIX.
602 1389 786 1465 Mago
811 1388 1129 1465 proximae
1158 1388 1400 1449 silentio
1423 1388 1620 1448 noctis
1645 1390 1976 1466 profectus,
2011 1405 2198 1465 quan-

239 1484 361 1535 tum
404 1474 531 1551 pati
572 1473 712 1533 viae
751 1488 865 1549 per
891 1473 1115 1534 vulnus
1146 1477 1387 1549 poterat
1426 1471 1740 1538 itineribus
1784 1474 2076 1547 extentiS,
2121 1474 2204 1535 ad.

237 1574 405 1619 mare
431 1559 494 1618 in
510 1557 766 1633 Ligures
780 1558 1091 1633 Ingaunos
1116 1556 1413 1633 pervenit.
1467 1555 1551 1615 ibi
1581 1572 1718 1617 eum
1748 1556 1930 1633 legati
1958 1557 2036 1617 ab
2061 1558 2204 1618 Car-

239 1642 481 1717 thagine
522 1642 739 1717 paucis
783 1647 922 1701 ante
964 1640 1183 1701 diebus
1226 1640 1287 1700 in
1332 1640 1533 1701 sinum
1577 1640 1872 1701 Gallicum
1921 1640 2202 1718 appulsis

238 1724 503 1787 navibus
533 1724 830 1797 adierunt,
862 1724 1141 1785 iubentes
1167 1724 1364 1799 primo
1391 1740 1638 1799 quoque
1661 1732 1937 1800 tempore
1966 1725 2200 1785 inAfri-

240 1825 375 1870 cam
400 1808 715 1871 traiceret:
760 1808 822 1869 id
867 1816 927 1869 et
954 1810 1198 1868 fratrem
1231 1808 1374 1870 eius
1401 1806 1801 1868 Hannibalem
1839 1842 1922 1853 --
1955 1826 2095 1869 nam
2121 1809 2201 1869 ad

239 1900 377 1955 eum
420 1908 671 1969 quoque
708 1892 837 1953 isse
877 1894 1115 1968 legatos
1164 1892 1382 1952 eadem
1429 1892 1707 1952 iubentes
1745 1923 1834 1939 --
1884 1894 2200 1953 facturum-

240 1994 362 2038 non
390 1978 451 2037 in
482 1993 557 2037 eo
590 1992 732 2037 esse
756 1976 1342 2051 Carthaginiensium
1372 1992 1490 2052 reS,
1521 1981 1589 2035 ut
1608 1976 1863 2036 Galliam
1893 1984 2075 2053 atque
2088 1977 2202 2036 Ita-

236 2064 379 2122 liam
422 2061 605 2121 armis
650 2060 977 2122 obtineant.
1041 2060 1223 2136 Mago
1268 2076 1392 2121 non
1436 2060 1691 2137 imperio
1731 2060 1918 2121 modo
1955 2063 2204 2122 se'natus

238 2145 641 2221 periculoque
674 2145 907 2219 patriae
936 2152 1137 2205 motus
1170 2146 1285 2205 sed
1311 2151 1593 2205 metuens
1635 2144 1846 2219 etiam,
1891 2160 1970 2206 ne
2006 2146 2208 2205 victor

240 2228 440 2290 hostis
470 2227 727 2287 moranti
757 2227 1038 2301 instaret,
1079 2227 1460 2303 Liguresque
1489 2228 1640 2304 ipsi,
1683 2228 1946 2303 relinqui
1973 2228 2206 2287 Italiam

240 2310 513 2371 aPoenis
544 2317 881 2385 cernenteS,
911 2310 991 2369 ad
1022 2310 1133 2370 eos
1158 2326 1418 2386 quorum
1439 2326 1586 2371 mox
1614 2310 1674 2370 in
1699 2316 2002 2387 potestate
2027 2312 2206 2371 futuri

241 2400 451 2455 essent
478 2394 846 2469 deficerent,
886 2392 1066 2453 simul
1093 2409 1354 2469 sperans
1395 2395 1690 2455 leniorem
1728 2394 1790 2453 in
1819 2395 2208 2470 navigatione

246 2494 431 2555 quam
458 2478 517 2537 in
550 2478 652 2537 via
691 2477 1077 2538 iactationem
1105 2478 1378 2539 vulneris
1411 2479 1544 2539 fore
1571 2485 1632 2539 et
1660 2478 1958 2538 curationi
2004 2478 2206 2539 omnia

243 2561 679 2636 commodiora,
710 2559 1013 2637 impositis
1044 2561 1241 2638 copiis
1271 2562 1332 2622 in
1362 2578 1554 2623 naves
1586 2564 1916 2639 profectus,
1951 2562 2204 2625 vixdum
2256 2602 2258 2605 >

244 2654 535 2723 superata
556 2644 841 2705 Sardinia
868 2662 949 2706 ex
976 2640 1230 2707 vulnere
1257 2647 1530 2708 moritur.
1597 2662 1790 2707 naves
1823 2662 2070 2722 quoque
2099 2646 2204 2706 ali·

246 2735 398 2807 quot
423 2730 765 2791 Poenorum
810 2729 1105 2791 disiectae
1146 2730 1208 2789 in
1250 2732 1372 2792 alto
1403 2748 1440 2791 a
1470 2732 1672 2792 classe
1700 2732 2004 2804 Romana,
2047 2746 2207 2807 quae

244 2815 410 2878 circa
439 2812 783 2876 Sardiniam
828 2820 986 2889 erat,
1032 2814 1373 2890 capiuntur.
1443 2814 1597 2875 haee
1639 2823 1801 2875 terra
1841 2814 2116 2889 marique
2147 2814 2204 2873 in

242 2906 419 2978 parte
444 2899 672 2971 Italiae,
722 2914 844 2974 qua
871 2898 1029 2959 iacet
1056 2899 1137 2958 ad
1164 2899 1379 2976 Alpes,
1425 2907 1619 2975 gesta.

167 2996 176 3003 “
416 2984 644 3045 Consul
675 2982 738 3044 C.
769 2982 1069 3044 Servilius
1100 2984 1265 3046 nulla
1293 2982 1669 3043 memorabili
1697 2999 1764 3043 re
1793 2984 1854 3043 in
1891 2983 2208 3060 provincia

243 3067 481 3128 Etruria
522 3075 583 3128 et
610 3066 805 3129 Gallia
846 3102 931 3113 --
972 3066 1259 3141 quoniam
1299 3083 1374 3127 eo
1409 3083 1656 3143 quoque
1695 3075 2088 3143 processerat
2124 3100 2210 3110 —

246 3158 451 3227 gesta,
506 3159 679 3227 patre
719 3154 781 3214 C.
826 3151 1085 3212 Servilio
1130 3156 1191 3211 et
1235 3151 1296 3211 C.
1337 3150 1572 3212 Lutatio
1617 3167 1695 3211 ex
1737 3151 2026 3211 servitute
2066 3157 2210 3226 post

248 3240 489 3297 sextum
518 3234 816 3297 decimum
846 3252 1071 3296 annum
1099 3236 1382 3311 receptiS‚
1417 3235 1520 3310 qui
1550 3234 1630 3295 ad
1656 3235 1856 3295 vicum
1877 3234 2208 3294 Tannetum

248 3334 288 3379 a
305 3318 477 3379 Boiis
506 3318 667 3395 capti
695 3322 947 3397 ruerant,
976 3320 1119 3379 hinc
1149 3327 1322 3395 patre
1350 3318 1492 3379 hinc
1515 3318 1722 3380 Catulo
1753 3317 1924 3379 lateri
1955 3318 2206 3377 circum-

251 3402 409 3465 datis
439 3401 678 3479 privato
700 3405 897 3479 magis
929 3420 1114 3480 quam
1142 3402 1389 3480 publico
1423 3403 1648 3463 decore
1676 3400 1931 3477 insignis
1954 3404 2208 3463 Romam

248 3486 449 3549 rediit.
505 3487 691 3549 latum
728 3488 809 3547 ad
832 3482 1131 3566 >populum
1160 3496 1273 3565 est,
1318 3502 1395 3547 ne
1419 3486 1483 3547 C.
1509 3486 1766 3547 Servilio
1799 3485 1996 3545 fraudi
2026 3490 2208 3556 esset,
