<?xml version="1.0" encoding="UTF-8"?>
<!DOCTYPE html PUBLIC "-//W3C//DTD XHTML 1.0 Transitional//EN"
    "http://www.w3.org/TR/xhtml1/DTD/xhtml1-transitional.dtd">
<html xmlns="http://www.w3.org/1999/xhtml" xml:lang="en" lang="en">
 <head>
  <title>
</title>
<meta http-equiv="Content-Type" content="text/html;charset=utf-8" />
  <meta name='ocr-system' content='tesseract 3.04.00' />
  <meta name='ocr-capabilities' content='ocr_page ocr_carea ocr_par ocr_line ocrx_word'/>
</head>
<body>
  <div class='ocr_page' id='page_1' title='image "./aburbeconditali13livygoog_0322.png"; bbox 0 0 2550 3959; ppageno 0'>
   <div class='ocr_carea' id='block_1_1' title="bbox 665 186 2210 273">
    <p class='ocr_par' dir='ltr' id='par_1_1' title="bbox 665 186 2210 273">
     <span class='ocr_line' id='line_1_1' title="bbox 665 186 2210 273; baseline 0.005 -24"><span class='ocrx_word' id='word_1_1' title='bbox 665 191 895 251; x_wconf 80' lang='lat' dir='ltr'><strong>LIBER</strong></span> <span class='ocrx_word' id='word_1_2' title='bbox 923 190 1132 255; x_wconf 79' lang='lat' dir='ltr'>XXIX.</span> <span class='ocrx_word' id='word_1_3' title='bbox 1176 186 1340 245; x_wconf 59' lang='lat' dir='ltr'>CAR</span> <span class='ocrx_word' id='word_1_4' title='bbox 1371 199 1458 251; x_wconf 83' lang='lat'>15.</span> <span class='ocrx_word' id='word_1_5' title='bbox 1499 192 1571 270; x_wconf 73' lang='grc' dir='ltr'>[ι.</span> <span class='ocrx_word' id='word_1_6' title='bbox 1596 200 1661 252; x_wconf 82' lang='grc' dir='ltr'>ο.</span> <span class='ocrx_word' id='word_1_7' title='bbox 1683 197 1808 273; x_wconf 67' lang='lat'><strong>204]</strong></span> <span class='ocrx_word' id='word_1_8' title='bbox 2083 193 2210 257; x_wconf 83' lang='lat'>295</span> 
     </span>
    </p>
   </div>
   <div class='ocr_carea' id='block_1_2' title="bbox 182 342 2290 3502">
    <p class='ocr_par' dir='ltr' id='par_1_2' title="bbox 182 342 2290 3502">
     <span class='ocr_line' id='line_1_2' title="bbox 247 342 2218 423; baseline 0.001 -17"><span class='ocrx_word' id='word_1_9' title='bbox 247 364 471 409; x_wconf 83' lang='lat' dir='ltr'>vocem</span> <span class='ocrx_word' id='word_1_10' title='bbox 511 362 637 405; x_wconf 89' lang='lat' dir='ltr'>non</span> <span class='ocrx_word' id='word_1_11' title='bbox 676 344 969 404; x_wconf 89' lang='lat' dir='ltr'>memoria</span> <span class='ocrx_word' id='word_1_12' title='bbox 1007 342 1203 417; x_wconf 83' lang='lat' dir='ltr'>magis</span> <span class='ocrx_word' id='word_1_13' title='bbox 1246 343 1528 419; x_wconf 86' lang='lat' dir='ltr'>patribus</span> <span class='ocrx_word' id='word_1_14' title='bbox 1566 355 1864 407; x_wconf 88' lang='lat' dir='ltr'>renovata</span> <span class='ocrx_word' id='word_1_15' title='bbox 1892 347 1980 407; x_wconf 89' lang='lat' dir='ltr'>rei</span> <span class='ocrx_word' id='word_1_16' title='bbox 2016 364 2218 423; x_wconf 89' lang='lat' dir='ltr'>prope</span> 
     </span>
     <span class='ocr_line' id='line_1_3' title="bbox 245 427 2212 505; baseline 0.002 -16"><span class='ocrx_word' id='word_1_17' title='bbox 245 433 375 491; x_wconf 85' lang='lat' dir='ltr'>iam</span> <span class='ocrx_word' id='word_1_18' title='bbox 414 428 801 499; x_wconf 71' lang='lat' dir='ltr'>obliteratae,</span> <span class='ocrx_word' id='word_1_19' title='bbox 844 444 1026 502; x_wconf 88' lang='lat' dir='ltr'>quam</span> <span class='ocrx_word' id='word_1_20' title='bbox 1064 427 1157 487; x_wconf 88' lang='lat' dir='ltr'>ira</span> <span class='ocrx_word' id='word_1_21' title='bbox 1184 428 1416 489; x_wconf 87' lang='lat' dir='ltr'>irritata</span> <span class='ocrx_word' id='word_1_22' title='bbox 1443 428 1557 489; x_wconf 82' lang='lat' dir='ltr'>e‘st.</span> <span class='ocrx_word' id='word_1_23' title='bbox 1627 430 1832 505; x_wconf 82' lang='lat' dir='ltr'>itaque</span> <span class='ocrx_word' id='word_1_24' title='bbox 1860 429 2010 491; x_wconf 89' lang='lat' dir='ltr'>nihil</span> <span class='ocrx_word' id='word_1_25' title='bbox 2039 432 2212 505; x_wconf 91' lang='lat' dir='ltr'>prius</span> 
     </span>
     <span class='ocr_line' id='line_1_4' title="bbox 244 512 2212 587; baseline -0.001 -12"><span class='ocrx_word' id='word_1_26' title='bbox 244 516 483 575; x_wconf 76' lang='lat' dir='ltr'>reterre</span> <span class='ocrx_word' id='word_1_27' title='bbox 514 512 801 573; x_wconf 86' lang='lat' dir='ltr'>consules</span> <span class='ocrx_word' id='word_1_28' title='bbox 835 512 1005 585; x_wconf 86' lang='lat' dir='ltr'>passi</span> <span class='ocrx_word' id='word_1_29' title='bbox 1032 512 1457 585; x_wconf 85' lang='lat' dir='ltr'>decreverunt,</span> <span class='ocrx_word' id='word_1_30' title='bbox 1487 520 1556 573; x_wconf 89' lang='lat' dir='ltr'>ut</span> <span class='ocrx_word' id='word_1_31' title='bbox 1583 516 1872 573; x_wconf 86' lang='lat' dir='ltr'>consules</span> <span class='ocrx_word' id='word_1_32' title='bbox 1897 516 2212 587; x_wconf 83' lang='lat' dir='ltr'>magistra-</span> 
     </span>
     <span class='ocr_line' id='line_1_5' title="bbox 247 594 2214 669; baseline -0.001 -11"><span class='ocrx_word' id='word_1_33' title='bbox 247 609 351 659; x_wconf 89' lang='lat' dir='ltr'>tus</span> <span class='ocrx_word' id='word_1_34' title='bbox 380 612 704 669; x_wconf 81' lang='lat' dir='ltr'>oenosque</span> <span class='ocrx_word' id='word_1_35' title='bbox 736 596 1045 669; x_wconf 81' lang='lat' dir='ltr'><strong>principes</strong></span> <span class='ocrx_word' id='word_1_36' title='bbox 1070 594 1302 669; x_wconf 85' lang='lat' dir='ltr'>Nepete</span> <span class='ocrx_word' id='word_1_37' title='bbox 1328 596 1762 657; x_wconf 85' lang='lat' dir='ltr'>SutrioArdea</span> <span class='ocrx_word' id='word_1_38' title='bbox 1787 597 2030 658; x_wconf 87' lang='lat' dir='ltr'>Calibus</span> <span class='ocrx_word' id='word_1_39' title='bbox 2055 598 2214 657; x_wconf 84' lang='lat' dir='ltr'>Alba</span> 
     </span>
     <span class='ocr_line' id='line_1_6' title="bbox 246 677 2215 741; baseline -0.001 1"><span class='ocrx_word' id='word_1_40' title='bbox 246 680 559 741; x_wconf 80' lang='lat' dir='ltr'>Carseoiis</span> <span class='ocrx_word' id='word_1_41' title='bbox 589 678 747 739; x_wconf 85' lang='lat' dir='ltr'>Sora</span> <span class='ocrx_word' id='word_1_42' title='bbox 774 678 1009 739; x_wconf 81' lang='lat' dir='ltr'><strong>Suessa</strong></span> <span class='ocrx_word' id='word_1_43' title='bbox 1040 678 1205 739; x_wconf 89' lang='lat' dir='ltr'>Setia</span> <span class='ocrx_word' id='word_1_44' title='bbox 1236 677 1485 740; x_wconf 78' lang='lat' dir='ltr'>Circeiis</span> <span class='ocrx_word' id='word_1_45' title='bbox 1512 680 1738 741; x_wconf 85' lang='lat' dir='ltr'>Narnia</span> <span class='ocrx_word' id='word_1_46' title='bbox 1765 681 2109 741; x_wconf 83' lang='lat' dir='ltr'>Interamna</span> <span class='ocrx_word' id='word_1_47' title='bbox 2129 711 2215 722; x_wconf 91' lang='lat'>-—</span> 
     </span>
     <span class='ocr_line' id='line_1_7' title="bbox 246 762 2211 839; baseline 0.001 -16"><span class='ocrx_word' id='word_1_48' title='bbox 246 765 370 824; x_wconf 87' lang='lat' dir='ltr'>hae</span> <span class='ocrx_word' id='word_1_49' title='bbox 411 779 679 839; x_wconf 88' lang='lat' dir='ltr'>namque</span> <span class='ocrx_word' id='word_1_50' title='bbox 722 762 1002 823; x_wconf 87' lang='lat' dir='ltr'>coloniae</span> <span class='ocrx_word' id='word_1_51' title='bbox 1042 763 1102 822; x_wconf 89' lang='lat' dir='ltr'>in</span> <span class='ocrx_word' id='word_1_52' title='bbox 1134 776 1210 821; x_wconf 90' lang='lat' dir='ltr'>ea</span> <span class='ocrx_word' id='word_1_53' title='bbox 1238 778 1432 823; x_wconf 89' lang='lat' dir='ltr'>causa</span> <span class='ocrx_word' id='word_1_54' title='bbox 1459 770 1634 823; x_wconf 89' lang='lat' dir='ltr'>erant</span> <span class='ocrx_word' id='word_1_55' title='bbox 1653 795 1740 807; x_wconf 90' lang='lat'><strong>—</strong></span> <span class='ocrx_word' id='word_1_56' title='bbox 1759 765 2018 825; x_wconf 86' lang='lat' dir='ltr'><strong>Romam</strong></span> <span class='ocrx_word' id='word_1_57' title='bbox 2047 766 2211 825; x_wconf 84' lang='lat' dir='ltr'>exci-</span> 
     </span>
     <span class='ocr_line' id='line_1_8' title="bbox 244 845 2212 921; baseline 0 -14"><span class='ocrx_word' id='word_1_58' title='bbox 244 865 419 918; x_wconf 57' lang='lat' dir='ltr'>rent?</span> <span class='ocrx_word' id='word_1_59' title='bbox 476 845 553 908; x_wconf 76' lang='lat' dir='ltr'>iis</span> <span class='ocrx_word' id='word_1_60' title='bbox 597 849 997 921; x_wconf 81' lang='lat' dir='ltr'>imperarent,</span> <span class='ocrx_word' id='word_1_61' title='bbox 1041 853 1332 919; x_wconf 88' lang='lat' dir='ltr'>quantum</span> <span class='ocrx_word' id='word_1_62' title='bbox 1375 862 1663 921; x_wconf 89' lang='lat' dir='ltr'>quaeque</span> <span class='ocrx_word' id='word_1_63' title='bbox 1703 864 1914 908; x_wconf 88' lang='lat' dir='ltr'>earum</span> <span class='ocrx_word' id='word_1_64' title='bbox 1943 849 2212 910; x_wconf 86' lang='lat' dir='ltr'>colonia-</span> 
     </span>
     <span class='ocr_line' id='line_1_9' title="bbox 245 927 2211 1007; baseline 0.001 -16"><span class='ocrx_word' id='word_1_65' title='bbox 245 950 382 991; x_wconf 85' lang='lat' dir='ltr'>rum</span> <span class='ocrx_word' id='word_1_66' title='bbox 413 932 667 992; x_wconf 74' lang='lat' dir='ltr'>miiitum</span> <span class='ocrx_word' id='word_1_67' title='bbox 697 931 1021 1005; x_wconf 87' lang='lat' dir='ltr'>plurimum</span> <span class='ocrx_word' id='word_1_68' title='bbox 1050 927 1332 989; x_wconf 82' lang='lat' dir='ltr'>dedisset</span> <span class='ocrx_word' id='word_1_69' title='bbox 1359 932 1592 1005; x_wconf 92' lang='lat' dir='ltr'>populo</span> <span class='ocrx_word' id='word_1_70' title='bbox 1623 931 1934 1003; x_wconf 89' lang='lat' dir='ltr'>Romano,</span> <span class='ocrx_word' id='word_1_71' title='bbox 1978 948 2059 993; x_wconf 88' lang='lat' dir='ltr'>ex</span> <span class='ocrx_word' id='word_1_72' title='bbox 2089 949 2211 1007; x_wconf 91' lang='lat' dir='ltr'>quo</span> 
     </span>
     <span class='ocr_line' id='line_1_10' title="bbox 245 1013 2213 1087; baseline 0.001 -12"><span class='ocrx_word' id='word_1_73' title='bbox 245 1016 463 1076; x_wconf 80' lang='lat' dir='ltr'>hostes</span> <span class='ocrx_word' id='word_1_74' title='bbox 492 1016 554 1073; x_wconf 90' lang='lat' dir='ltr'>in</span> <span class='ocrx_word' id='word_1_75' title='bbox 581 1014 753 1075; x_wconf 86' lang='lat' dir='ltr'>ltalia</span> <span class='ocrx_word' id='word_1_76' title='bbox 780 1023 1009 1086; x_wconf 87' lang='lat' dir='ltr'>essent,</span> <span class='ocrx_word' id='word_1_77' title='bbox 1040 1013 1416 1087; x_wconf 85' lang='lat' dir='ltr'>duplicatum</span> <span class='ocrx_word' id='word_1_78' title='bbox 1438 1014 1573 1074; x_wconf 91' lang='lat' dir='ltr'>eius</span> <span class='ocrx_word' id='word_1_79' title='bbox 1597 1030 1873 1077; x_wconf 87' lang='lat' dir='ltr'>summae</span> <span class='ocrx_word' id='word_1_80' title='bbox 1896 1032 2213 1077; x_wconf 88' lang='lat' dir='ltr'>numerum</span> 
     </span>
     <span class='ocr_line' id='line_1_11' title="bbox 247 1097 2213 1174; baseline -0.001 -14"><span class='ocrx_word' id='word_1_81' title='bbox 247 1114 526 1174; x_wconf 77' lang='lat' dir='ltr'>pecuum</span> <span class='ocrx_word' id='word_1_82' title='bbox 567 1098 744 1159; x_wconf 81' lang='lat' dir='ltr'>daret</span> <span class='ocrx_word' id='word_1_83' title='bbox 784 1104 846 1158; x_wconf 88' lang='lat' dir='ltr'>et</span> <span class='ocrx_word' id='word_1_84' title='bbox 884 1097 1125 1172; x_wconf 85' lang='lat' dir='ltr'>equites</span> <span class='ocrx_word' id='word_1_85' title='bbox 1168 1104 1462 1157; x_wconf 88' lang='lat' dir='ltr'>centenos</span> <span class='ocrx_word' id='word_1_86' title='bbox 1490 1098 1768 1159; x_wconf 87' lang='lat' dir='ltr'>vicenos.</span> <span class='ocrx_word' id='word_1_87' title='bbox 1837 1098 1888 1160; x_wconf 88' lang='lat' dir='ltr'>si</span> <span class='ocrx_word' id='word_1_88' title='bbox 1923 1116 2046 1173; x_wconf 89' lang='lat' dir='ltr'>qua</span> <span class='ocrx_word' id='word_1_89' title='bbox 2073 1116 2213 1161; x_wconf 87' lang='lat' dir='ltr'>eum</span> 
     </span>
     <span class='ocr_line' id='line_1_12' title="bbox 247 1180 2211 1258; baseline 0.001 -17"><span class='ocrx_word' id='word_1_90' title='bbox 247 1199 567 1243; x_wconf 86' lang='lat' dir='ltr'>numerum</span> <span class='ocrx_word' id='word_1_91' title='bbox 608 1180 885 1256; x_wconf 90' lang='lat' dir='ltr'>equitum</span> <span class='ocrx_word' id='word_1_92' title='bbox 925 1182 1179 1255; x_wconf 88' lang='lat' dir='ltr'>explere</span> <span class='ocrx_word' id='word_1_93' title='bbox 1220 1197 1341 1241; x_wconf 90' lang='lat' dir='ltr'>non</span> <span class='ocrx_word' id='word_1_94' title='bbox 1386 1189 1634 1256; x_wconf 89' lang='lat' dir='ltr'>posset,</span> <span class='ocrx_word' id='word_1_95' title='bbox 1687 1198 1801 1258; x_wconf 89' lang='lat' dir='ltr'>pro</span> <span class='ocrx_word' id='word_1_96' title='bbox 1843 1184 2048 1258; x_wconf 89' lang='lat' dir='ltr'>equite</span> <span class='ocrx_word' id='word_1_97' title='bbox 2086 1199 2211 1243; x_wconf 93' lang='lat' dir='ltr'>uno</span> 
     </span>
     <span class='ocr_line' id='line_1_13' title="bbox 244 1264 2210 1342; baseline 0.001 -16"><span class='ocrx_word' id='word_1_98' title='bbox 244 1276 373 1327; x_wconf 88' lang='lat' dir='ltr'>tres</span> <span class='ocrx_word' id='word_1_99' title='bbox 406 1266 641 1341; x_wconf 85' lang='lat' dir='ltr'>pedites</span> <span class='ocrx_word' id='word_1_100' title='bbox 670 1266 881 1325; x_wconf 86' lang='lat' dir='ltr'>liceret</span> <span class='ocrx_word' id='word_1_101' title='bbox 910 1266 1077 1325; x_wconf 88' lang='lat' dir='ltr'>dare.</span> <span class='ocrx_word' id='word_1_102' title='bbox 1152 1264 1394 1339; x_wconf 85' lang='lat' dir='ltr'>pedites</span> <span class='ocrx_word' id='word_1_103' title='bbox 1425 1266 1792 1341; x_wconf 84' lang='lat' dir='ltr'>equitesque</span> <span class='ocrx_word' id='word_1_104' title='bbox 1823 1282 2006 1342; x_wconf 89' lang='lat' dir='ltr'>quam</span> <span class='ocrx_word' id='word_1_105' title='bbox 2034 1268 2210 1328; x_wconf 84' lang='lat' dir='ltr'>locu·-</span> 
     </span>
     <span class='ocr_line' id='line_1_14' title="bbox 247 1348 2214 1425; baseline 0 -16"><span class='ocrx_word' id='word_1_106' title='bbox 247 1349 574 1425; x_wconf 79' lang='lat' dir='ltr'>plet-issimi</span> <span class='ocrx_word' id='word_1_107' title='bbox 630 1350 979 1424; x_wconf 84' lang='lat' dir='ltr'>legerentur</span> <span class='ocrx_word' id='word_1_108' title='bbox 1026 1348 1560 1425; x_wconf 84' lang='lat' dir='ltr'>mitterenturque,</span> <span class='ocrx_word' id='word_1_109' title='bbox 1619 1350 1990 1425; x_wconf 88' lang='lat' dir='ltr'>ubicumque</span> <span class='ocrx_word' id='word_1_110' title='bbox 2039 1358 2214 1411; x_wconf 86' lang='lat' dir='ltr'>extra</span> 
     </span>
     <span class='ocr_line' id='line_1_15' title="bbox 246 1432 2211 1508; baseline 0 -15"><span class='ocrx_word' id='word_1_111' title='bbox 246 1436 481 1494; x_wconf 76' lang='lat' dir='ltr'>Italiam</span> <span class='ocrx_word' id='word_1_112' title='bbox 510 1435 937 1508; x_wconf 86' lang='lat' dir='ltr'>supplemento</span> <span class='ocrx_word' id='word_1_113' title='bbox 970 1447 1127 1508; x_wconf 88' lang='lat' dir='ltr'>opus</span> <span class='ocrx_word' id='word_1_114' title='bbox 1158 1439 1344 1493; x_wconf 88' lang='lat' dir='ltr'>esset.</span> <span class='ocrx_word' id='word_1_115' title='bbox 1403 1432 1460 1493; x_wconf 89' lang='lat' dir='ltr'>si</span> <span class='ocrx_word' id='word_1_116' title='bbox 1489 1434 1593 1508; x_wconf 92' lang='lat' dir='ltr'>qui</span> <span class='ocrx_word' id='word_1_117' title='bbox 1621 1448 1700 1493; x_wconf 88' lang='lat' dir='ltr'>ex</span> <span class='ocrx_word' id='word_1_118' title='bbox 1729 1434 1804 1493; x_wconf 91' lang='lat' dir='ltr'>iis</span> <span class='ocrx_word' id='word_1_119' title='bbox 1833 1442 2211 1507; x_wconf 81' lang='lat' dir='ltr'>recusarent,</span> 
     </span>
     <span class='ocr_line' id='line_1_16' title="bbox 244 1516 2211 1593; baseline 0 -16"><span class='ocrx_word' id='word_1_120' title='bbox 244 1518 495 1577; x_wconf 78' lang='lat' dir='ltr'>retineri</span> <span class='ocrx_word' id='word_1_121' title='bbox 553 1518 685 1578; x_wconf 89' lang='lat' dir='ltr'>eius</span> <span class='ocrx_word' id='word_1_122' title='bbox 738 1516 1019 1578; x_wconf 89' lang='lat' dir='ltr'>coloniae</span> <span class='ocrx_word' id='word_1_123' title='bbox 1073 1516 1466 1590; x_wconf 77' lang='lat' dir='ltr'>magistratus</span> <span class='ocrx_word' id='word_1_124' title='bbox 1516 1518 1882 1593; x_wconf 84' lang='lat' dir='ltr'>legatosque</span> <span class='ocrx_word' id='word_1_125' title='bbox 1931 1518 2211 1593; x_wconf 80' lang='lat' dir='ltr'>placere;</span> 
     </span>
     <span class='ocr_line' id='line_1_17' title="bbox 247 1601 2214 1678; baseline 0.001 -18"><span class='ocrx_word' id='word_1_126' title='bbox 247 1614 481 1675; x_wconf 83' lang='lat' dir='ltr'>neque,</span> <span class='ocrx_word' id='word_1_127' title='bbox 514 1602 568 1662; x_wconf 93' lang='lat' dir='ltr'>si</span> <span class='ocrx_word' id='word_1_128' title='bbox 596 1601 1005 1677; x_wconf 87' lang='lat' dir='ltr'>postularent,</span> <span class='ocrx_word' id='word_1_129' title='bbox 1036 1607 1318 1661; x_wconf 88' lang='lat' dir='ltr'>senatum</span> <span class='ocrx_word' id='word_1_130' title='bbox 1347 1601 1498 1675; x_wconf 90' lang='lat' dir='ltr'>dari,</span> <span class='ocrx_word' id='word_1_131' title='bbox 1527 1601 1889 1677; x_wconf 86' lang='lat' dir='ltr'>priusquam</span> <span class='ocrx_word' id='word_1_132' title='bbox 1915 1602 2214 1678; x_wconf 85' lang='lat' dir='ltr'>imperata</span> 
     </span>
     <span class='ocr_line' id='line_1_18' title="bbox 247 1682 2210 1761; baseline 0.001 -17"><span class='ocrx_word' id='word_1_133' title='bbox 247 1685 559 1747; x_wconf 77' lang='lat' dir='ltr'>fecissent.</span> <span class='ocrx_word' id='word_1_134' title='bbox 617 1682 990 1761; x_wconf 87' lang='lat' dir='ltr'>stipendium</span> <span class='ocrx_word' id='word_1_135' title='bbox 1019 1692 1340 1760; x_wconf 86' lang='lat' dir='ltr'>praeterea</span> <span class='ocrx_word' id='word_1_136' title='bbox 1369 1684 1443 1745; x_wconf 90' lang='lat' dir='ltr'>iis</span> <span class='ocrx_word' id='word_1_137' title='bbox 1476 1686 1736 1745; x_wconf 89' lang='lat' dir='ltr'>coloniis</span> <span class='ocrx_word' id='word_1_138' title='bbox 1763 1685 1828 1745; x_wconf 89' lang='lat' dir='ltr'>in</span> <span class='ocrx_word' id='word_1_139' title='bbox 1855 1684 2022 1744; x_wconf 90' lang='lat' dir='ltr'>milia</span> <span class='ocrx_word' id='word_1_140' title='bbox 2049 1684 2210 1745; x_wconf 87' lang='lat' dir='ltr'>aeris</span> 
     </span>
     <span class='ocr_line' id='line_1_19' title="bbox 246 1766 2210 1845; baseline 0 -16"><span class='ocrx_word' id='word_1_141' title='bbox 246 1784 426 1831; x_wconf 88' lang='lat' dir='ltr'>asses</span> <span class='ocrx_word' id='word_1_142' title='bbox 468 1768 747 1843; x_wconf 80' lang='lat' dir='ltr'>singulos</span> <span class='ocrx_word' id='word_1_143' title='bbox 788 1768 1074 1844; x_wconf 89' lang='lat' dir='ltr'>imperari</span> <span class='ocrx_word' id='word_1_144' title='bbox 1104 1766 1394 1843; x_wconf 86' lang='lat' dir='ltr'>exigique</span> <span class='ocrx_word' id='word_1_145' title='bbox 1423 1767 1785 1843; x_wconf 78' lang='lat' dir='ltr'>quotannis3</span> <span class='ocrx_word' id='word_1_146' title='bbox 1830 1783 2210 1845; x_wconf 85' lang='lat' dir='ltr'>censumque</span> 
     </span>
     <span class='ocr_line' id='line_1_20' title="bbox 247 1851 2208 1927; baseline -0.002 -12"><span class='ocrx_word' id='word_1_147' title='bbox 247 1854 308 1915; x_wconf 74' lang='lat' dir='ltr'>in</span> <span class='ocrx_word' id='word_1_148' title='bbox 352 1851 427 1913; x_wconf 90' lang='lat' dir='ltr'>iis</span> <span class='ocrx_word' id='word_1_149' title='bbox 482 1853 743 1915; x_wconf 89' lang='lat' dir='ltr'>coloniis</span> <span class='ocrx_word' id='word_1_150' title='bbox 796 1852 895 1927; x_wconf 80' lang='lat' dir='ltr'>agi</span> <span class='ocrx_word' id='word_1_151' title='bbox 938 1867 1019 1911; x_wconf 84' lang='lat' dir='ltr'>ex</span> <span class='ocrx_word' id='word_1_152' title='bbox 1067 1852 1330 1911; x_wconf 81' lang='lat' dir='ltr'>formula</span> <span class='ocrx_word' id='word_1_153' title='bbox 1381 1852 1456 1911; x_wconf 87' lang='lat' dir='ltr'>ab</span> <span class='ocrx_word' id='word_1_154' title='bbox 1495 1852 1790 1913; x_wconf 88' lang='lat' dir='ltr'>Romanis</span> <span class='ocrx_word' id='word_1_155' title='bbox 1843 1852 2208 1913; x_wconf 86' lang='lat' dir='ltr'>censoribus</span> 
     </span>
     <span class='ocr_line' id='line_1_21' title="bbox 247 1935 2211 2011; baseline -0.001 -14"><span class='ocrx_word' id='word_1_156' title='bbox 247 1938 418 2008; x_wconf 81' lang='lat' dir='ltr'>data3</span> <span class='ocrx_word' id='word_1_157' title='bbox 476 1938 609 1997; x_wconf 88' lang='lat' dir='ltr'>dari</span> <span class='ocrx_word' id='word_1_158' title='bbox 649 1946 848 1997; x_wconf 84' lang='lat' dir='ltr'>autem</span> <span class='ocrx_word' id='word_1_159' title='bbox 894 1935 1141 2010; x_wconf 86' lang='lat' dir='ltr'>placere</span> <span class='ocrx_word' id='word_1_160' title='bbox 1182 1936 1442 1995; x_wconf 89' lang='lat' dir='ltr'>eandem</span> <span class='ocrx_word' id='word_1_161' title='bbox 1486 1952 1671 2011; x_wconf 88' lang='lat' dir='ltr'>quam</span> <span class='ocrx_word' id='word_1_162' title='bbox 1709 1936 1944 2011; x_wconf 86' lang='lat' dir='ltr'>populo</span> <span class='ocrx_word' id='word_1_163' title='bbox 1983 1936 2211 1997; x_wconf 79' lang='lat' dir='ltr'>Roma-</span> 
     </span>
     <span class='ocr_line' id='line_1_22' title="bbox 182 2018 2208 2096; baseline 0 -17"><span class='ocrx_word' id='word_1_164' title='bbox 182 2071 197 2087; x_wconf 30' lang='lat'>,</span> <span class='ocrx_word' id='word_1_165' title='bbox 248 2034 359 2093; x_wconf 66' lang='lat' dir='ltr'>no,</span> <span class='ocrx_word' id='word_1_166' title='bbox 402 2020 753 2096; x_wconf 80' lang='lat' dir='ltr'>deferrique</span> <span class='ocrx_word' id='word_1_167' title='bbox 778 2022 1036 2082; x_wconf 90' lang='lat' dir='ltr'>Romam</span> <span class='ocrx_word' id='word_1_168' title='bbox 1069 2019 1147 2080; x_wconf 86' lang='lat' dir='ltr'>ab</span> <span class='ocrx_word' id='word_1_169' title='bbox 1174 2018 1390 2079; x_wconf 87' lang='lat' dir='ltr'>iuratis</span> <span class='ocrx_word' id='word_1_170' title='bbox 1419 2021 1782 2082; x_wconf 88' lang='lat' dir='ltr'>censoribus</span> <span class='ocrx_word' id='word_1_171' title='bbox 1814 2020 2208 2093; x_wconf 88' lang='lat' dir='ltr'>coloniarum,</span> 
     </span>
     <span class='ocr_line' id='line_1_23' title="bbox 246 2103 2206 2180; baseline 0.001 -17"><span class='ocrx_word' id='word_1_172' title='bbox 246 2104 617 2180; x_wconf 84' lang='lat' dir='ltr'>priusquam</span> <span class='ocrx_word' id='word_1_173' title='bbox 646 2104 1005 2179; x_wconf 83' lang='lat' dir='ltr'>magistratu</span> <span class='ocrx_word' id='word_1_174' title='bbox 1046 2103 1304 2163; x_wconf 85' lang='lat' dir='ltr'>abirent.</span> <span class='ocrx_word' id='word_1_175' title='bbox 1367 2120 1448 2163; x_wconf 87' lang='lat' dir='ltr'>ex</span> <span class='ocrx_word' id='word_1_176' title='bbox 1476 2104 1596 2165; x_wconf 88' lang='lat' dir='ltr'>hoc</span> <span class='ocrx_word' id='word_1_177' title='bbox 1639 2112 1892 2165; x_wconf 89' lang='lat' dir='ltr'>senatus</span> <span class='ocrx_word' id='word_1_178' title='bbox 1921 2105 2206 2165; x_wconf 88' lang='lat' dir='ltr'>consulto</span> 
     </span>
     <span class='ocr_line' id='line_1_24' title="bbox 249 2187 2210 2264; baseline -0.001 -17"><span class='ocrx_word' id='word_1_179' title='bbox 249 2188 459 2249; x_wconf 87' lang='lat' dir='ltr'>accitis</span> <span class='ocrx_word' id='word_1_180' title='bbox 489 2188 744 2249; x_wconf 89' lang='lat' dir='ltr'>Romam</span> <span class='ocrx_word' id='word_1_181' title='bbox 786 2187 1244 2263; x_wconf 84' lang='lat' dir='ltr'>magistratibus</span> <span class='ocrx_word' id='word_1_182' title='bbox 1276 2188 1774 2264; x_wconf 82' lang='lat' dir='ltr'>primoribusque</span> <span class='ocrx_word' id='word_1_183' title='bbox 1802 2204 2010 2248; x_wconf 89' lang='lat' dir='ltr'>earum</span> <span class='ocrx_word' id='word_1_184' title='bbox 2041 2189 2210 2248; x_wconf 90' lang='lat' dir='ltr'>colo·</span> 
     </span>
     <span class='ocr_line' id='line_1_25' title="bbox 248 2269 2206 2348; baseline -0.001 -17"><span class='ocrx_word' id='word_1_185' title='bbox 248 2272 478 2333; x_wconf 85' lang='lat' dir='ltr'>niarum</span> <span class='ocrx_word' id='word_1_186' title='bbox 511 2272 800 2333; x_wconf 88' lang='lat' dir='ltr'>consules</span> <span class='ocrx_word' id='word_1_187' title='bbox 831 2288 969 2333; x_wconf 88' lang='lat' dir='ltr'>cum</span> <span class='ocrx_word' id='word_1_188' title='bbox 990 2269 1239 2331; x_wconf 88' lang='lat' dir='ltr'>militem</span> <span class='ocrx_word' id='word_1_189' title='bbox 1260 2271 1758 2348; x_wconf 88' lang='lat' dir='ltr'>stipendiumque</span> <span class='ocrx_word' id='word_1_190' title='bbox 1781 2272 2206 2345; x_wconf 87' lang='lat' dir='ltr'>imperassent,</span> 
     </span>
     <span class='ocr_line' id='line_1_26' title="bbox 247 2354 2290 2431; baseline -0.001 -16"><span class='ocrx_word' id='word_1_191' title='bbox 247 2356 346 2415; x_wconf 87' lang='lat' dir='ltr'>alii</span> <span class='ocrx_word' id='word_1_192' title='bbox 375 2358 511 2417; x_wconf 83' lang='lat' dir='ltr'>aliis</span> <span class='ocrx_word' id='word_1_193' title='bbox 540 2355 734 2431; x_wconf 84' lang='lat' dir='ltr'>magis</span> <span class='ocrx_word' id='word_1_194' title='bbox 762 2370 1056 2416; x_wconf 85' lang='lat' dir='ltr'>recusare</span> <span class='ocrx_word' id='word_1_195' title='bbox 1082 2370 1159 2415; x_wconf 88' lang='lat' dir='ltr'>ac</span> <span class='ocrx_word' id='word_1_196' title='bbox 1186 2356 1542 2427; x_wconf 88' lang='lat' dir='ltr'>reclamare,</span> <span class='ocrx_word' id='word_1_197' title='bbox 1579 2370 1810 2429; x_wconf 84' lang='lat' dir='ltr'>negare</span> <span class='ocrx_word' id='word_1_198' title='bbox 1837 2361 2068 2416; x_wconf 86' lang='lat' dir='ltr'>tantum</span> <span class='ocrx_word' id='word_1_199' title='bbox 2097 2354 2208 2413; x_wconf 89' lang='lat' dir='ltr'>mi·</span> <span class='ocrx_word' id='word_1_200' title='bbox 2282 2364 2290 2372; x_wconf 77' lang='grc'><em>“</em></span> 
     </span>
     <span class='ocr_line' id='line_1_27' title="bbox 246 2436 2208 2516; baseline -0.001 -18"><span class='ocrx_word' id='word_1_201' title='bbox 246 2440 415 2501; x_wconf 87' lang='lat' dir='ltr'>litum</span> <span class='ocrx_word' id='word_1_202' title='bbox 442 2440 605 2501; x_wconf 83' lang='lat' dir='ltr'>effici</span> <span class='ocrx_word' id='word_1_203' title='bbox 636 2454 858 2516; x_wconf 86' lang='lat' dir='ltr'>posse=</span> <span class='ocrx_word' id='word_1_204' title='bbox 900 2438 1024 2512; x_wconf 86' lang='lat' dir='ltr'>vix,</span> <span class='ocrx_word' id='word_1_205' title='bbox 1056 2439 1110 2498; x_wconf 91' lang='lat' dir='ltr'>si</span> <span class='ocrx_word' id='word_1_206' title='bbox 1140 2436 1428 2513; x_wconf 89' lang='lat' dir='ltr'>simplum</span> <span class='ocrx_word' id='word_1_207' title='bbox 1456 2454 1536 2498; x_wconf 89' lang='lat' dir='ltr'>ex</span> <span class='ocrx_word' id='word_1_208' title='bbox 1568 2439 1831 2507; x_wconf 80' lang='lat' dir='ltr'>formula</span> <span class='ocrx_word' id='word_1_209' title='bbox 1859 2436 2208 2512; x_wconf 88' lang='lat' dir='ltr'>imperetur,</span> 
     </span>
     <span class='ocr_line' id='line_1_28' title="bbox 244 2518 2209 2599; baseline -0.001 -16"><span class='ocrx_word' id='word_1_210' title='bbox 244 2524 549 2588; x_wconf 71' lang='lat' dir='ltr'>enisus-os.</span> <span class='ocrx_word' id='word_1_211' title='bbox 607 2540 789 2586; x_wconf 84' lang='lat' dir='ltr'>orare</span> <span class='ocrx_word' id='word_1_212' title='bbox 829 2531 1015 2599; x_wconf 89' lang='lat' dir='ltr'>atque</span> <span class='ocrx_word' id='word_1_213' title='bbox 1056 2523 1418 2594; x_wconf 87' lang='lat' dir='ltr'>obsecrare,</span> <span class='ocrx_word' id='word_1_214' title='bbox 1462 2530 1530 2582; x_wconf 92' lang='lat' dir='ltr'>ut</span> <span class='ocrx_word' id='word_1_215' title='bbox 1569 2522 1686 2589; x_wconf 88' lang='lat' dir='ltr'>sibi</span> <span class='ocrx_word' id='word_1_216' title='bbox 1727 2529 2007 2581; x_wconf 87' lang='lat' dir='ltr'>senatum</span> <span class='ocrx_word' id='word_1_217' title='bbox 2037 2518 2209 2581; x_wconf 86' lang='lat' dir='ltr'>adire</span> 
     </span>
     <span class='ocr_line' id='line_1_29' title="bbox 244 2604 2208 2685; baseline -0.002 -19"><span class='ocrx_word' id='word_1_218' title='bbox 244 2623 318 2667; x_wconf 87' lang='lat' dir='ltr'>ac</span> <span class='ocrx_word' id='word_1_219' title='bbox 348 2608 669 2685; x_wconf 87' lang='lat' dir='ltr'>deprecari</span> <span class='ocrx_word' id='word_1_220' title='bbox 697 2608 925 2668; x_wconf 85' lang='lat' dir='ltr'>liceret.</span> <span class='ocrx_word' id='word_1_221' title='bbox 1000 2605 1147 2666; x_wconf 84' lang='lat' dir='ltr'>nihil</span> <span class='ocrx_word' id='word_1_222' title='bbox 1174 2621 1277 2681; x_wconf 90' lang='lat' dir='ltr'>se,</span> <span class='ocrx_word' id='word_1_223' title='bbox 1323 2622 1514 2681; x_wconf 86' lang='lat' dir='ltr'>quare</span> <span class='ocrx_word' id='word_1_224' title='bbox 1542 2606 1746 2681; x_wconf 85' lang='lat' dir='ltr'>perire</span> <span class='ocrx_word' id='word_1_225' title='bbox 1775 2605 1990 2665; x_wconf 87' lang='lat' dir='ltr'>merito</span> <span class='ocrx_word' id='word_1_226' title='bbox 2023 2604 2208 2663; x_wconf 91' lang='lat' dir='ltr'>debe-</span> 
     </span>
     <span class='ocr_line' id='line_1_30' title="bbox 244 2689 2210 2766; baseline -0.002 -16"><span class='ocrx_word' id='word_1_227' title='bbox 244 2698 407 2765; x_wconf 87' lang='lat' dir='ltr'>rent,</span> <span class='ocrx_word' id='word_1_228' title='bbox 451 2692 777 2753; x_wconf 86' lang='lat' dir='ltr'>admisisse</span> <span class='ocrx_word' id='word_1_229' title='bbox 792 2700 823 2745; x_wconf 76' lang='lat' dir='ltr'>z·</span> <span class='ocrx_word' id='word_1_230' title='bbox 874 2692 989 2751; x_wconf 89' lang='lat' dir='ltr'>sed</span> <span class='ocrx_word' id='word_1_231' title='bbox 1031 2689 1085 2751; x_wconf 90' lang='lat' dir='ltr'>si</span> <span class='ocrx_word' id='word_1_232' title='bbox 1128 2690 1511 2766; x_wconf 89' lang='lat' dir='ltr'>pereundum</span> <span class='ocrx_word' id='word_1_233' title='bbox 1553 2690 1735 2750; x_wconf 85' lang='lat' dir='ltr'>etiam</span> <span class='ocrx_word' id='word_1_234' title='bbox 1774 2689 1962 2759; x_wconf 82' lang='lat' dir='ltr'>soret,</span> <span class='ocrx_word' id='word_1_235' title='bbox 2005 2702 2210 2761; x_wconf 90' lang='lat' dir='ltr'>neque</span> 
     </span>
     <span class='ocr_line' id='line_1_31' title="bbox 246 2770 2209 2850; baseline -0.003 -16"><span class='ocrx_word' id='word_1_236' title='bbox 246 2790 424 2835; x_wconf 90' lang='lat' dir='ltr'>suum</span> <span class='ocrx_word' id='word_1_237' title='bbox 465 2776 751 2837; x_wconf 84' lang='lat' dir='ltr'>delictum</span> <span class='ocrx_word' id='word_1_238' title='bbox 790 2790 994 2850; x_wconf 87' lang='lat' dir='ltr'>neque</span> <span class='ocrx_word' id='word_1_239' title='bbox 1034 2774 1185 2833; x_wconf 88' lang='lat' dir='ltr'>iram</span> <span class='ocrx_word' id='word_1_240' title='bbox 1217 2773 1431 2849; x_wconf 88' lang='lat' dir='ltr'>populi</span> <span class='ocrx_word' id='word_1_241' title='bbox 1458 2773 1750 2846; x_wconf 88' lang='lat' dir='ltr'>Romani,</span> <span class='ocrx_word' id='word_1_242' title='bbox 1793 2778 1862 2832; x_wconf 93' lang='lat' dir='ltr'>ut</span> <span class='ocrx_word' id='word_1_243' title='bbox 1887 2773 2028 2847; x_wconf 89' lang='lat' dir='ltr'>plus</span> <span class='ocrx_word' id='word_1_244' title='bbox 2058 2770 2209 2829; x_wconf 82' lang='lat' dir='ltr'>mili-</span> 
     </span>
     <span class='ocr_line' id='line_1_32' title="bbox 246 2854 2207 2934; baseline -0.003 -15"><span class='ocrx_word' id='word_1_245' title='bbox 246 2867 371 2919; x_wconf 87' lang='lat' dir='ltr'>tum</span> <span class='ocrx_word' id='word_1_246' title='bbox 402 2860 634 2933; x_wconf 85' lang='lat' dir='ltr'>darent,</span> <span class='ocrx_word' id='word_1_247' title='bbox 668 2874 853 2934; x_wconf 84' lang='lat' dir='ltr'>quarn</span> <span class='ocrx_word' id='word_1_248' title='bbox 880 2857 1194 2932; x_wconf 87' lang='lat' dir='ltr'>haberent,</span> <span class='ocrx_word' id='word_1_249' title='bbox 1224 2872 1418 2933; x_wconf 89' lang='lat' dir='ltr'>posse</span> <span class='ocrx_word' id='word_1_250' title='bbox 1447 2858 1716 2919; x_wconf 82' lang='lat' dir='ltr'>efficere.</span> <span class='ocrx_word' id='word_1_251' title='bbox 1775 2856 2067 2917; x_wconf 89' lang='lat' dir='ltr'>consules</span> <span class='ocrx_word' id='word_1_252' title='bbox 2099 2854 2207 2914; x_wconf 90' lang='lat' dir='ltr'>ob-</span> 
     </span>
     <span class='ocr_line' id='line_1_33' title="bbox 245 2938 2208 3018; baseline -0.002 -17"><span class='ocrx_word' id='word_1_253' title='bbox 245 2941 447 3003; x_wconf 86' lang='lat' dir='ltr'>stinati</span> <span class='ocrx_word' id='word_1_254' title='bbox 477 2945 715 3018; x_wconf 83' lang='lat' dir='ltr'>legatos</span> <span class='ocrx_word' id='word_1_255' title='bbox 744 2955 993 3001; x_wconf 88' lang='lat' dir='ltr'>manere</span> <span class='ocrx_word' id='word_1_256' title='bbox 1020 2942 1254 3002; x_wconf 88' lang='lat' dir='ltr'>Romae</span> <span class='ocrx_word' id='word_1_257' title='bbox 1283 2940 1512 3014; x_wconf 89' lang='lat' dir='ltr'>iubent,</span> <span class='ocrx_word' id='word_1_258' title='bbox 1554 2940 1950 3015; x_wconf 84' lang='lat' dir='ltr'>magistratus</span> <span class='ocrx_word' id='word_1_259' title='bbox 1979 2938 2068 2997; x_wconf 88' lang='lat' dir='ltr'>ire</span> <span class='ocrx_word' id='word_1_260' title='bbox 2099 2938 2208 2997; x_wconf 90' lang='lat' dir='ltr'>do-</span> 
     </span>
     <span class='ocr_line' id='line_1_34' title="bbox 246 3023 2210 3098; baseline -0.001 -15"><span class='ocrx_word' id='word_1_261' title='bbox 246 3041 408 3085; x_wconf 89' lang='lat' dir='ltr'>mum</span> <span class='ocrx_word' id='word_1_262' title='bbox 452 3028 533 3085; x_wconf 85' lang='lat' dir='ltr'>ad</span> <span class='ocrx_word' id='word_1_263' title='bbox 574 3027 834 3087; x_wconf 85' lang='lat' dir='ltr'>dilectus</span> <span class='ocrx_word' id='word_1_264' title='bbox 874 3023 1229 3086; x_wconf 87' lang='lat' dir='ltr'>habendos=</span> <span class='ocrx_word' id='word_1_265' title='bbox 1272 3026 1393 3085; x_wconf 90' lang='lat' dir='ltr'>nisi</span> <span class='ocrx_word' id='word_1_266' title='bbox 1437 3040 1680 3086; x_wconf 86' lang='lat' dir='ltr'>summa</span> <span class='ocrx_word' id='word_1_267' title='bbox 1718 3023 2000 3095; x_wconf 87' lang='lat' dir='ltr'>militum,</span> <span class='ocrx_word' id='word_1_268' title='bbox 2047 3036 2210 3098; x_wconf 89' lang='lat' dir='ltr'>quae</span> 
     </span>
     <span class='ocr_line' id='line_1_35' title="bbox 246 3108 2212 3184; baseline -0.001 -20"><span class='ocrx_word' id='word_1_269' title='bbox 246 3108 541 3183; x_wconf 83' lang='lat' dir='ltr'>imperata</span> <span class='ocrx_word' id='word_1_270' title='bbox 580 3117 778 3184; x_wconf 88' lang='lat' dir='ltr'>esset,</span> <span class='ocrx_word' id='word_1_271' title='bbox 827 3110 1087 3169; x_wconf 88' lang='lat' dir='ltr'>Romam</span> <span class='ocrx_word' id='word_1_272' title='bbox 1127 3109 1424 3183; x_wconf 87' lang='lat' dir='ltr'>adducta,</span> <span class='ocrx_word' id='word_1_273' title='bbox 1467 3108 1770 3169; x_wconf 87' lang='lat' dir='ltr'>neminem</span> <span class='ocrx_word' id='word_1_274' title='bbox 1811 3109 1886 3168; x_wconf 90' lang='lat' dir='ltr'>iis</span> <span class='ocrx_word' id='word_1_275' title='bbox 1929 3111 2212 3167; x_wconf 86' lang='lat' dir='ltr'>senatum</span> 
     </span>
     <span class='ocr_line' id='line_1_36' title="bbox 246 3188 2210 3268; baseline -0.001 -19"><span class='ocrx_word' id='word_1_276' title='bbox 246 3191 548 3251; x_wconf 87' lang='lat' dir='ltr'>daturum.</span> <span class='ocrx_word' id='word_1_277' title='bbox 620 3194 703 3253; x_wconf 85' lang='lat' dir='ltr'>ita</span> <span class='ocrx_word' id='word_1_278' title='bbox 731 3191 1016 3267; x_wconf 83' lang='lat' dir='ltr'>praecisa</span> <span class='ocrx_word' id='word_1_279' title='bbox 1044 3208 1161 3268; x_wconf 91' lang='lat' dir='ltr'>spe</span> <span class='ocrx_word' id='word_1_280' title='bbox 1187 3202 1472 3253; x_wconf 86' lang='lat' dir='ltr'>senatum</span> <span class='ocrx_word' id='word_1_281' title='bbox 1504 3193 1772 3253; x_wconf 83' lang='lat' dir='ltr'>adeundi</span> <span class='ocrx_word' id='word_1_282' title='bbox 1801 3188 2210 3265; x_wconf 83' lang='lat' dir='ltr'>deprecandi-</span> 
     </span>
     <span class='ocr_line' id='line_1_37' title="bbox 248 3274 2208 3351; baseline -0.002 -18"><span class='ocrx_word' id='word_1_283' title='bbox 248 3290 367 3347; x_wconf 91' lang='lat' dir='ltr'>que</span> <span class='ocrx_word' id='word_1_284' title='bbox 408 3274 667 3335; x_wconf 84' lang='lat' dir='ltr'>dilectus</span> <span class='ocrx_word' id='word_1_285' title='bbox 708 3276 875 3337; x_wconf 86' lang='lat' dir='ltr'>iniis</span> <span class='ocrx_word' id='word_1_286' title='bbox 905 3276 1235 3337; x_wconf 88' lang='lat' dir='ltr'>duodecim</span> <span class='ocrx_word' id='word_1_287' title='bbox 1276 3276 1566 3343; x_wconf 86' lang='lat' dir='ltr'>coloniis,</span> <span class='ocrx_word' id='word_1_288' title='bbox 1615 3292 1724 3351; x_wconf 87' lang='lat' dir='ltr'>per</span> <span class='ocrx_word' id='word_1_289' title='bbox 1751 3278 1994 3347; x_wconf 82' lang='lat' dir='ltr'>longam</span> <span class='ocrx_word' id='word_1_290' title='bbox 2023 3287 2208 3332; x_wconf 88' lang='lat' dir='ltr'>vaca-</span> 
     </span>
     <span class='ocr_line' id='line_1_38' title="bbox 246 3358 2204 3433; baseline -0.001 -16"><span class='ocrx_word' id='word_1_291' title='bbox 246 3358 467 3419; x_wconf 86' lang='lat' dir='ltr'>tionem</span> <span class='ocrx_word' id='word_1_292' title='bbox 510 3374 765 3420; x_wconf 85' lang='lat' dir='ltr'>numero</span> <span class='ocrx_word' id='word_1_293' title='bbox 804 3359 1111 3420; x_wconf 90' lang='lat' dir='ltr'>iuniorum</span> <span class='ocrx_word' id='word_1_294' title='bbox 1138 3366 1350 3433; x_wconf 85' lang='lat' dir='ltr'>aucto,</span> <span class='ocrx_word' id='word_1_295' title='bbox 1393 3358 1560 3419; x_wconf 88' lang='lat' dir='ltr'>haud</span> <span class='ocrx_word' id='word_1_296' title='bbox 1590 3358 1915 3418; x_wconf 82' lang='lat' dir='ltr'>difficulter</span> <span class='ocrx_word' id='word_1_297' title='bbox 1942 3365 2040 3417; x_wconf 89' lang='lat' dir='ltr'>est</span> <span class='ocrx_word' id='word_1_298' title='bbox 2063 3370 2204 3431; x_wconf 89' lang='lat' dir='ltr'>per·</span> 
     </span>
     <span class='ocr_line' id='line_1_39' title="bbox 244 3442 457 3502; baseline 0.009 -3"><span class='ocrx_word' id='word_1_299' title='bbox 244 3442 457 3502; x_wconf 78' lang='lat' dir='ltr'>rectuS.</span> 
     </span>
    </p>
   </div>
  </div>
 </body>
</html>
