2550 3959
572 241 795 305 LIBER
824 243 1063 305 XXVII.
1112 245 1277 306 CAP.
1313 254 1512 308 13.14.
1558 247 1631 324 [a.
1665 253 1710 305 c
1759 252 1886 327 209]
2079 247 2206 313 177

216 396 363 460 dari
406 395 618 468 iussit;
664 396 1176 473 centurionesque
1212 399 1691 474 manipulorum,
1735 415 1994 474 quorum
2024 401 2204 477 signa

218 480 461 542 amissa
484 480 741 555 fuerant,
774 480 1079 541 destrictis
1103 480 1325 556 gladiis
1357 481 1689 543 discinctos
1714 483 1957 544 destitui
1987 483 2196 557 iussit;

219 573 283 627 et
314 571 382 626 ut
410 571 664 642 postero
695 564 795 626 die
825 579 1057 638 omnes,
1090 567 1330 641 equites
1361 566 1620 642 pedites,
1665 567 1876 627 armati
1904 568 2202 630 adessent

106 657 113 664 ’
218 649 439 710 edixit.
506 648 591 710 ita
632 649 835 710 contio
880 649 1135 711 dimissa
1174 650 1485 710 fatentium
1529 651 1660 711 iure
1696 666 1770 710 ac
1808 652 2022 711 merito
2054 667 2198 713 sese

217 732 595 810 increpitoS,
639 747 843 809 neque
882 733 984 794 illo
1030 733 1131 793 die
1162 732 1357 793 virum
1404 750 1770 810 quemquam
1811 735 1872 794 in
1913 735 2046 796 acie
2075 737 2197 797 Ro·

218 833 410 878 mana
452 817 644 877 fuisse
674 823 918 893 praeter
949 833 1134 877 unum
1166 817 1418 892 ducem,
1461 818 1558 878 cui
1602 825 1704 878 aut
1731 824 1924 878 morte
1955 819 2198 879 satissa-

220 902 511 962 ciendum
554 907 655 961 aut
706 902 953 976 egregia
999 901 1253 962 victoria
1297 901 1482 961 esset.
1565 909 1814 977 postero
1858 902 1958 963 die
2004 903 2196 963 ornati

222 985 572 1060 armatique
615 985 695 1045 ad
738 985 1003 1046 edictum
1044 985 1320 1046 aderant.
1389 985 1719 1060 imperator
1747 1001 1858 1048 eos
1891 987 2201 1050 collaudat

219 1069 720 1146 pronuntiatque,
766 1085 803 1129 a
835 1068 1059 1143 quibus
1091 1076 1224 1131 orta
1252 1069 1451 1144 pridie
1483 1069 1625 1143 fuga
1655 1077 1840 1142 esset,
1882 1070 2198 1132 cohortes·

222 1169 370 1229 que,
403 1169 562 1228 quae
591 1153 769 1227 signa
797 1152 1166 1228 amisissent,
1212 1169 1284 1213 se
1315 1152 1376 1211 in
1407 1152 1662 1228 primam
1692 1154 1888 1214 aciem
1917 1154 2195 1216 inductu·

216 1253 381 1298 rum.
424 1236 668 1298 edicere
689 1236 810 1296 iam
834 1252 977 1297 sese
1006 1235 1290 1298 omnibus
1316 1237 1709 1312 pugnandum
1737 1253 1811 1298 ac
1830 1238 2197 1299 vincendum

220 1337 404 1396 esse,
447 1329 506 1384 et
546 1319 940 1380 adnitendum
972 1321 1230 1397 singulis
1273 1320 1736 1398 universisque,
1783 1337 1861 1381 ne
1890 1322 2060 1398 prius
2090 1322 2196 1382 he-

222 1413 471 1466 sternae
494 1405 673 1481 fugae
705 1421 890 1481 quam
912 1405 1250 1465 hodiernae
1279 1405 1573 1465 victoriae
1598 1404 1757 1466 sama
1771 1407 2029 1466 Romam
2060 1422 2194 1482 per-

222 1490 449 1551 veniat.
514 1489 659 1549 inde
689 1489 827 1550 cibo
861 1504 1127 1565 corpora
1157 1489 1402 1550 firmare
1432 1489 1604 1564 iussi,
1635 1497 1701 1552 ut
1729 1491 1781 1550 si
1813 1490 2057 1566 longior
2083 1507 2196 1566 pu·

217 1589 349 1650 gna
388 1579 583 1650 esset,
629 1573 862 1634 viribus
893 1573 1265 1635 sufficerent.
1332 1573 1435 1635 ubi
1477 1574 1680 1634 omnia
1711 1575 1871 1635 dicta
1913 1576 2197 1651 factaque

219 1664 386 1733 sunt,
432 1656 653 1733 quibus
684 1657 1095 1718 excitarentur
1123 1659 1308 1718 animi
1337 1658 1618 1731 militum,
1665 1659 1723 1718 in
1757 1661 1949 1719 aciem
1981 1675 2195 1734 proce-

218 1741 395 1798 dunt.
478 1741 639 1798 XIV.
684 1742 853 1813 quod
881 1743 984 1798 ubi
1016 1743 1340 1799 Hannibali
1370 1743 1704 1803 nuntiatum
1741 1749 1862 1816 est,
1909 1758 2085 1815 „cum
2118 1758 2190 1803 ec

214 1819 541 1882 nimirum“
571 1820 767 1897 inquit
806 1821 1028 1896 „hoste
1049 1838 1151 1882 res
1177 1828 1289 1897 est,
1324 1823 1427 1898 qui
1450 1839 1566 1884 nec
1587 1824 1813 1884 bonam
1837 1840 1953 1886 nec
1975 1827 2194 1886 malam

220 1905 387 1966 terre
428 1906 729 1967 fortunam
772 1907 998 1982 possit!
1054 1923 1170 1968 seu
1206 1907 1386 1984 vicit,
1431 1908 1715 1970 ferociter
1757 1909 1942 1971 instat
1980 1910 2194 1970 victisx

218 2005 337 2051 seu
368 1990 562 2052 victus
593 1997 704 2066 est,
744 1989 1045 2052 instaurat
1072 2007 1213 2066 cum,
1235 1990 1572 2055 victoribus
1602 1999 1970 2056 certamen“.
2017 1994 2195 2070 signa

214 2073 371 2134 inde
400 2089 620 2136 canere
640 2074 837 2148 iussit,
872 2075 1085 2152 copias
1116 2075 1338 2137 educit.
1386 2085 1719 2154 pugnatum
1751 2079 2054 2156 utrimque
2086 2080 2192 2138 ali-

224 2165 457 2236 quanto
502 2175 685 2236 quam
724 2159 925 2236 pridie
966 2159 1169 2221 acrius
1212 2167 1338 2236 est,
1394 2163 1616 2223 Poenis
1663 2164 1740 2223 ad
1799 2164 2193 2225 obtinendum

214 2243 572 2304 hesternum
622 2244 812 2304 decus
863 2243 1305 2320 adnitentibuS,
1361 2247 1654 2307 Romanis
1705 2248 1785 2308 ad
1830 2249 2192 2309 demendam

218 2325 636 2404 ignominiam.
699 2327 948 2389 sinistra
990 2328 1087 2389 ala
1128 2328 1207 2388 ab
1236 2329 1532 2391 Romanis
1576 2338 1635 2391 et
1670 2331 1985 2406 cohortes,
2034 2349 2194 2408 quae

219 2409 557 2473 amiserant
586 2412 792 2488 signa,
836 2411 895 2472 in
934 2412 1130 2488 prima
1160 2413 1294 2473 acie
1323 2413 1702 2490 pugnabant,
1751 2422 1811 2476 et
1839 2413 1998 2492 legio
2031 2418 2191 2476 vice·

220 2495 385 2556 sima
412 2495 487 2556 ab
518 2497 735 2557 dextro
766 2511 959 2558 cornu
988 2497 1301 2558 instructa.
1365 2499 1430 2556 L.
1464 2498 1783 2560 Cornelius
1811 2499 2102 2559 Lentulus
2133 2507 2192 2559 et

222 2579 290 2640 c:
340 2579 623 2641 Claudius
664 2580 824 2641 Nero
867 2582 1050 2656 legati
1110 2581 1398 2642 cornibus
1443 2588 1797 2658 praeerant3
1864 2582 2188 2643 Marcellus

218 2662 489 2724 mediam
529 2665 720 2725 aciem
762 2664 1041 2727 hortator
1078 2665 1380 2742 testisque
1409 2681 1707 2742 praesens
1751 2666 2048 2728 firmabat.
2113 2666 2189 2728 ab

217 2747 563 2809 Hannibale
588 2747 846 2826 Hispani
875 2752 1131 2826 primam
1162 2750 1518 2813 obtinebant
1545 2751 1836 2826 frontem,
1884 2758 1943 2812 et
1986 2751 2048 2812 id
2091 2768 2192 2811 ro-

216 2831 397 2894 boris
424 2832 481 2892 in
514 2833 677 2894 omni
709 2834 981 2896 exercitu
1012 2843 1159 2896 erat.
1202 2851 1342 2897 cum
1372 2851 1603 2912 anceps
1635 2834 1737 2896 diu
1771 2851 1976 2911 pugna
2005 2843 2194 2908 esset,

214 2915 524 2978 Hannibal
570 2917 935 2994 elephantos
978 2919 1036 2978 in
1080 2919 1336 2994 primam
1379 2920 1572 2981 aciem
1615 2919 1820 2981 induci
1864 2919 2075 2994 iussit,
2135 2919 2188 2981 si

220 3016 409 3078 quem
458 3001 688 3064 inicere
738 3019 813 3062 ea
854 3019 953 3064 res
1004 3004 1316 3064 tumultum
1363 3020 1435 3065 ac
1478 3021 1774 3082 pavorem
1816 3010 2049 3080 posset.
2131 3012 2193 3065 et

217 3085 420 3162 primo
462 3085 782 3148 turbarunt
822 3087 999 3164 signa
1041 3087 1444 3163 ordinesque,
1501 3095 1561 3150 et
1601 3089 1816 3166 partim
1871 3089 2188 3150 occultatis

216 3169 443 3246 partim
474 3170 792 3247 dissipatis
822 3178 1071 3246 terrore,
1106 3173 1208 3248 qui
1240 3173 1404 3232 circa
1440 3180 1627 3249 erant,
1661 3173 2040 3236 nudaverant
2069 3187 2190 3232 una

213 3259 395 3332 parte
426 3254 650 3325 aciem
682 3255 987 3334 latiusque
1015 3258 1158 3332 ruga
1186 3263 1514 3330 manasset,
1545 3257 1606 3318 ni
1634 3258 1696 3319 C.
1722 3256 2028 3320 Decimius
2051 3256 2189 3317 Fla-

208 3353 337 3398 vus
376 3337 657 3400 tribunus
700 3339 954 3401 militum
997 3343 1173 3418 signo
1224 3349 1468 3418 arrepto
1513 3342 1689 3417 primi
1733 3343 1954 3404 hastati
1998 3339 2188 3402 mani-

212 3423 428 3500 pulum
473 3423 607 3484 eius
644 3423 803 3500 signi
834 3426 1011 3502 sequi
1048 3442 1118 3486 se
1160 3425 1466 3487 iussisset.
1534 3425 1737 3501 duxit,
1781 3427 1885 3488 ubi
1923 3423 2188 3487 maxime

210 3507 535 3569 tumultum
580 3507 981 3584 conglobatae
1020 3509 1240 3570 beluae
1286 3507 1620 3583 faciebant,
1672 3511 1922 3586 pilaque
1965 3510 2024 3570 in
2075 3525 2184 3568 eas

302 3608 355 3650 τ.
388 3608 511 3652 ιινῐ
540 3609 693 3654 rAns
728 3594 822 3652 111.
1703 3604 1769 3656 12
