2550 3959
636 253 868 314 LIBER
894 251 1492 314 xxv111.cAP.2a.
1544 259 1862 326 [annaeo]
2101 253 2222 313 253

246 379 508 490 propter
538 409 707 486 quod
736 407 973 467 facinus
1004 413 1129 467 tota
1157 406 1340 482 legio,
1383 405 1548 466 milia
1574 403 1886 464 hominum
1919 412 2225 494 quattuor,

249 497 312 557 in
344 495 480 555 foro
510 494 745 554 Romae
776 491 974 552 securi
1006 491 1286 566 percussi
1316 495 1478 552 sunt.
1545 491 1660 550 sed
1687 489 1772 550 illi
1805 480 2071 566 primu'm
2099 505 2222 550 non

250 581 489 641 Atrium
526 577 822 638 Umbrum
864 575 1235 652 semilixam,
1290 575 1555 636 nominis
1592 574 1776 635 etiam
1830 575 2224 635 abominandi

250 666 508 738 ducem,
567 661 681 722 sed
720 660 975 721 Decium
1016 659 1348 721 Vibellium
1387 659 1694 721 tribunum
1733 659 1986 719 militum
2029 659 2223 719 secuti

218 755 427 817 ·sunt;
468 761 584 806 nec
614 761 752 806 cum
781 745 1039 822 Pyrrho,
1084 758 1201 804 nec
1228 759 1369 806 cum·
1400 743 1776 806 Samnitibus
1807 749 1910 804 aut
1937 743 2220 816 LucaniS,

248 831 535 892 hostibus
565 828 779 906 populi
806 828 1086 904 Romani,
1117 846 1187 890 se
1216 829 1694 890 coniunxemnt=
1739 843 1858 889 vos
1887 844 2028 889 cum
2053 827 2224 888 Man-

250 916 442 978 donio
485 921 546 976 et
572 912 829 975 Indebili
870 913 1129 974 cons-ilia
1166 913 1666 975 communicastis
1709 920 1769 972 et
1803 927 1975 973 arma
2001 927 2222 973 conso·

247 997 469 1062 ciaturi
500 999 721 1061 mistis.
785 997 901 1070 illi,
948 998 1109 1058 sicut
1138 998 1430 1076 Campani
1460 999 1731 1074 Capuam
1759 997 1978 1058 Tuscis
2007 997 2225 1058 veteri·-

248 1085 368 1146 bus
397 1084 737 1145 cultoribus
768 1082 1135 1158 ademptam,
1166 1080 1506 1144 Mamertini
1535 1083 1596 1142 in
1623 1080 1830 1142 Sicilia
1850 1081 2222 1155 Messanam,

250 1169 347 1231 sic
356 1169 615 1244 Regium
645 1165 907 1229 habituri
936 1170 1296 1243 perpetuam
1319 1168 1534 1228 sedem
1561 1172 1752 1238 erant,
1785 1178 1900 1226 neo
1928 1169 2225 1243 populum

248 1268 367 1326 nec
396 1254 606 1316 socios
634 1251 851 1330 populi
878 1251 1138 1313 Romani
1177 1253 1336 1313 ultro
1365 1251 1707 1312 lacessituri
1735 1251 1926 1310 bello:
1975 1281 2062 1296 -—-
2112 1249 2224 1312 Su-

253 1351 587 1398 cronemne
614 1350 733 1397 vos
773 1336 1151 1397 domicilium
1177 1336 1442 1397 habituri
1483 1335 1720 1410 eratis-2²
1751 1335 1858 1395 ubi
1888 1334 1941 1394 si
1973 1349 2090 1395 vos
2121 1335 2223 1394 de·

254 1422 488 1489 cedens
519 1423 800 1482 confecta
837 1419 1157 1497 provincia
1198 1420 1530 1498 imperator
1558 1419 1994 1495 relinquerem,
2043 1419 2228 1479 deum

253 1505 695 1582 hominumque
722 1505 909 1576 fidem
951 1503 1282 1582 implorare
1311 1503 1662 1578 debebatiS,
1712 1503 2044 1580 quodnon
2063 1502 2223 1564 redi·

251 1591 401 1652 retis
431 1591 514 1650 ad
546 1589 840 1664 coniuges
872 1589 1225 1666 liberosque
1251 1596 1519 1650 vestros.
1583 1582 1697 1650 sed
1727 1589 1944 1649 horum
1973 1603 2226 1665 quoque

249 1675 637 1749 memoriam,
662 1674 843 1734 ‘sicut
869 1675 1102 1748 patriae
1127 1674 1393 1748 meique,
1429 1673 1735 1734 eieceritis
1765 1683 1845 1732 ex
1873 1673 2090 1733 animis
2120 1687 2223 1732 ve-

250 1759 417 1824 stris,
474 1759 636 1820 viam
666 1757 907 1819 consilii
937 1759 1235 1831 scelerati,
1268 1759 1384 1818 sed
1413 1770 1536 1817 non
1566 1758 1647 1818 ad
1675 1757 1948 1816 ultimum
1979 1757 2224 1816 demen-

248 1843 329 1904 tis
373 1844 632 1920 exsequi
662 1842 826 1903 volo.
890 1853 1071 1902 mene
1098 1843 1246 1903 vivo
1279 1849 1340 1903 et
1367 1849 1574 1902 cetero
1603 1841 1891 1902 incolumi
1933 1840 2222 1916 exercitu,

250 1941 391 1989 cum
420 1945 546 2004 quo
576 1943 692 2004 ego
720 1927 821 1987 die
846 1941 970 1988 uno
987 1925 1414 2002 Carthaginem
1440 1926 1598 2002 cepi,
1629 1941 1768 1986 cum
1793 1939 1916 2002 quo
1942 1932 2226 2002 quattuor

246 2013 559 2074 exercitus
592 2011 1174 2088 Carthaginiensium
1216 2010 1346 2072 fudi
1388 2010 1602 2086 fugavi
1641 2010 1881 2086 expuli,
1922 2021 2041 2072 vos
2080 2018 2223 2071 octo

252 2097 422 2158 milia
460 2097 773 2158 hominum
790 2141 805 2170 ,
846 2095 1101 2156 minoris
1132 2103 1296 2158 certe
1341 2107 1555 2156 omnes
1583 2095 1765 2171 pretii
1795 2107 1979 2172 quam
2007 2095 2224 2156 Albius

251 2187 314 2242 et
338 2182 549 2243 Atrius
578 2187 739 2254 sunt,
770 2180 995 2255 quibus
1026 2195 1141 2240 vos
1154 2191 1159 2214 ²
1172 2180 1543 2252 subiecistis„
1589 2179 1949 2256 Hispaniam
1977 2179 2224 2256 provin-

252 2266 411 2326 ciam
440 2267 676 2342 populo
700 2265 985 2326 ’Romano
1016 2263 1285 2340 erepturi
1315 2264 1547 2324 eratis?
1589 2264 1848 2324 amolior
1875 2270 1934 2323 et
1963 2277 2223 2332 amoveo

246 2365 476 2412 nomen
516 2363 750 2420 metum
796 2349 944 2410 nihil
985 2349 1143 2410 ultra
1182 2347 1366 2408 facile
1407 2348 1700 2410 creditam
1729 2355 1984 2408 mortem
2025 2362 2223 2410 meam

254 2433 434 2495 vobis
460 2434 724 2496 violatus
756 2433 872 2495 sim
898 2454 1015 2489 -ε
1062 2432 1257 2509 quid?
1293 2432 1348 2492 si
1379 2443 1496 2506 ego
1520 2447 1810 2506 morerer,
1851 2447 2090 2491 mecum
2118 2447 2225 2490 ex-

252 2517 563 2594 spiratura
601 2532 703 2579 res
747 2517 1024 2594 publica,
1066 2531 1309 2578 mecum
1337 2531 1624 2576 casurum
1655 2515 1978 2591 imperium
2009 2515 2222 2591 populi

248 2602 512 2664 Romani
554 2607 725 2664 erat?
788 2618 867 2662 ne
904 2601 1065 2662 istuc
1104 2601 1382 2677 Iuppiter
1420 2601 1686 2676 optimus
1727 2599 2028 2660 maximus
2073 2597 2221 2672 sirit,

253 2687 467 2748 urbem
508 2687 828 2762 auspicato
874 2686 1013 2746 deis
1060 2683 1412 2747 auctoribus
1453 2685 1516 2744 in
1563 2692 1876 2745 aeternum
1917 2683 2224 2746 conditam

252 2771 398 2832 huic
428 2771 625 2846 fragili
656 2777 717 2832 et
742 2771 981 2832 mortali
1014 2771 1261 2846 corpori
1303 2771 1624 2846 aequalem
1649 2781 1817 2830 esse.
1892 2768 1955 2828 Ο.
1984 2769 2225 2830 Flami-

248 2859 370 2930 nio,
410 2855 661 2918 Aemilio
678 2855 889 2930 Paulo,
928 2854 1282 2932 Sempronio
1305 2853 1596 2929 Graccho,
1636 2851 1947 2914 Postumio
1978 2851 2223 2926 Albim,

245 2939 332 3000 Μ.
360 2938 685 3013 Marcello,
730 2941 795 3000 T.
826 2938 1105 3013 Quinctio
1134 2938 1450 3016 Crispino,
1493 2938 1598 2999 Cn.
1627 2937 1875 3013 Fulvio,
1921 2935 2222 3014 Scipioni-

222 3022 370 3084 -lms
398 3024 582 3100 meiS,
623 3030 713 3084 tot
741 3030 865 3084 tam
893 3023 1226 3098 praeclaris
1267 3023 1894 3099 imperatoribus-uno
1924 3022 2088 3083 bello
2117 3020 2224 3081 ab·

257 3106 523 3183 sumptis
564 3115 884 3184 superstes
926 3114 1024 3168 est
1062 3107 1330 3184 populus
1372 3108 1722 3184 Romanus,
1781 3108 2019 3183 eritque
2059 3105 2225 3165 mille

244 3190 393 3252 aliis
422 3205 585 3252 nunc
624 3192 787 3254 ferro
831 3207 995 3254 nunc
1022 3191 1237 3253 morbo
1279 3191 1679 3253 morientibus
1705 3215 1822 3236 --·
1807 3195 2010 3252 .meo
2041 3188 2224 3251 unius

246 3273 468 3338 funere
508 3277 669 3338 elata
707 3293 811 3340 res
852 3275 1099 3353 publica
1140 3282 1352 3336 esset?
1402 3289 1518 3336 vos
1559 3277 1681 3352 ipsi
1709 3275 1810 3336 hic
1839 3275 1900 3337 in
1926 3275 2226 3351 Hispania

252 3366 429 3436 patre
474 3369 537 3422 et
576 3367 795 3438 patruo
832 3373 1011 3438 meo,
1058 3361 1304 3421 duobus
1343 3360 1845 3436 imperatoribus,
1888 3359 2222 3421 interfectis
2273 3427 2288 3436 ‚

252 3442 614 3520 Septimium
658 3445 952 3506 Marcium
992 3443 1213 3505 ducem
1254 3461 1295 3504 v
1298 3444 1432 3524 obis
1489 3444 1793 3505 adversus
1842 3445 2221 3506 exsultantes

252 3528 483 3589 recenti
514 3530 771 3590 victoria
790 3529 1032 3592 Poenos
1064 3526 1400 3605 delegistis.
1445 3529 1618 3589 etsie
1645 3529 1882 3605 loquor,
1911 3535 2221 3606 tamquam
