2550 3959
388 273 513 336 234
659 274 887 333 LIBER
916 273 1180 332 XXVIII.
1226 271 1388 330 CAP.
1422 280 1505 332 11.
1534 279 1618 332 12.
1663 277 1734 344 [a.
1759 277 1827 328 U.
1854 293 1900 329 c.
1927 277 2050 344 546]

386 427 693 500 militibuS,
727 441 886 500 quos
916 425 1053 500 ipse
1082 425 1553 499 conscripserat,
1588 425 1912 500 supplevit.
1979 425 2039 485 in
2076 425 2352 486 Consen-

387 512 577 574 tinum
630 525 841 584 agrum
891 510 1179 569 consules
1224 509 1556 568 exercitum
1602 509 1935 582 duxerunt,
1989 509 2356 584 passimque

390 594 791 671 depopulati„
820 609 957 653 cum
988 607 1206 667 agmen
1238 593 1358 652 iam
1386 607 1574 666 grave
1603 593 1838 667 praeda
1865 601 2058 666 esset,
2101 593 2160 652 in
2192 596 2358 654 saltu

390 685 653 754 angusto
686 693 723 736 a
750 676 999 736 Bruttiis
1041 675 1604 751 iaculatoribusque
1633 676 1907 736 Numidis
1939 677 2157 737 turbati
2188 685 2356 752 sunt,

388 764 471 822 ita
499 768 566 823 ut
594 777 718 822 non
748 760 994 835 praeda,
1040 760 1153 818 sed
1185 759 1397 820 armati
1428 775 1676 835 quoque
1704 759 1766 820 in
1799 761 2071 835 periculo
2108 761 2355 821 l'uerInt.

386 848 582 907 maior
634 851 831 904 tamen
881 845 1168 928 tumultus
1222 859 1405 919 quam
1458 860 1666 919 pugna
1717 843 1854 916 suit,
1908 851 1969 904 et
2008 845 2357 920 praemissa

389 931 624 1007 praeda
665 928 1003 990 incolumes
1046 934 1106 988 et
1134 928 1412 1003 legiones
1445 929 1505 988 in
1535 930 1674 989 loca
1701 933 1828 987 tuta
1856 943 2132 988 evasere.
2207 929 2356 988 inde

388 1014 449 1074 in
478 1015 763 1074 Lucanos
797 1013 1072 1088 profecti.
1120 1027 1194 1072 ea
1220 1013 1357 1072 sine
1387 1012 1715 1073 certamine
1745 1017 1872 1072 tota
1899 1026 2052 1087 gens
2075 1012 2135 1071 in
2162 1012 2352 1071 dicio-

389 1113 525 1158 nem
557 1096 773 1172 populi
800 1097 1060 1157 Romani
1088 1096 1284 1157 rediit.
2247 1109 2276 1138 ο

552 1181 684 1240 XII.
728 1179 874 1240 Cum
920 1181 1260 1240 Hannibale
1309 1178 1455 1238 nihil
1495 1194 1570 1239 eo
1614 1195 1775 1239 anno
1821 1180 1908 1239 rei
1953 1187 2194 1254 gestum
2236 1185 2355 1238 est.

389 1282 529 1326 nam
573 1280 776 1347 neque
805 1265 941 1340 ipse
972 1281 1041 1324 se
1074 1263 1291 1327 obtulit
1319 1263 1381 1322 in
1409 1269 1530 1322 tam
1559 1265 1788 1324 recenti
1817 1263 2070 1324 vulnere
2100 1262 2353 1338 publico

390 1350 773 1428 privatoque,
804 1363 1007 1422 neque
1037 1347 1484 1407 lacessiverunt
1514 1346 1784 1422 quietum
1804 1347 2091 1408 Romani=
2123 1353 2354 1406 tantam

389 1434 598 1494 inesse
625 1433 777 1504 vim,
808 1433 924 1492 etsi
956 1433 1161 1490 omnia
1191 1431 1309 1490 alia
1337 1431 1502 1490 circa
1531 1446 1668 1490 eum
1699 1438 1973 1505 ruerent,
2003 1431 2062 1490 in
2093 1446 2217 1491 uno
2249 1431 2357 1492 illo

390 1518 549 1577 duce
591 1515 941 1575 censebant.
1018 1530 1090 1574 ac
1120 1514 1331 1574 nescio
1377 1531 1452 1572 an
1496 1514 1826 1575 mirabilior
1855 1515 2134 1576 adversis
2168 1531 2358 1589 quam

391 1598 682 1661 secundis
711 1598 897 1658 rebus
929 1598 1121 1673 fuerit,
1154 1597 1384 1674 quippe
1410 1600 1528 1670 qui,
1557 1614 1692 1658 cum
1737 1599 1878 1658 etin
1900 1598 2169 1658 hostium
2191 1604 2359 1658 terra

390 1700 503 1760 per
545 1698 741 1742 annos
790 1683 1105 1756 tredecim,
1146 1684 1515 1758 tamtprocul
1546 1682 1622 1741 ab
1655 1683 1870 1758 domo,
1916 1682 2083 1742 varia
2112 1684 2360 1742 fortuna

387 1769 617 1828 bellum
660 1773 929 1841 gereret,
970 1774 1031 1825 et
1068 1767 1342 1826 exercitu
1385 1781 1508 1826 non
1553 1782 1667 1826 suo
1714 1766 1874 1826 civili
1910 1766 2023 1827 sed
2054 1765 2242 1825 mixto
2274 1781 2359 1825 ex

393 1849 740 1912 colluvione
782 1850 1050 1910 omnium
1095 1850 1396 1924 gentium,
1447 1849 1668 1924 quibus
1710 1867 1833 1910 non
1863 1850 1996 1925 lex,
2042 1865 2165 1910 non
2195 1865 2353 1924 m08,

389 1952 514 1996 non
544 1935 748 2010 lingua
779 1934 1137 2007 communiS,
1168 1933 1325 1994 alius
1347 1933 1609 2005 habitus,
1642 1933 1762 1992 alia
1781 1933 1991 2004 vestie,
2025 1933 2144 1993 alia
2167 1949 2350 2008 arma,

391 2019 491 2078 alii
530 2017 713 2090 rituS,
766 2017 883 2076 alia
924 2033 1133 2090 sacra,
1184 2017 1285 2076 alii
1326 2031 1524 2092 prope
1554 2017 1653 2076 dei
1683 2024 1921 2091 essent,
1972 2017 2055 2076 ita
2085 2017 2358 2091 quodam

394 2117 513 2162 uno
544 2101 789 2160 vinculo
825 2099 1207 2176 copulaverit
1234 2115 1376 2174 eoS,
1419 2108 1485 2161 ut
1513 2101 1680 2160 nulla
1706 2116 1823 2160 nec
1851 2100 2007 2160 inter
2035 2099 2209 2174 ipsos
2241 2115 2360 2160 nec

394 2185 695 2244 adversus
742 2183 959 2243 ducem
994 2183 1215 2244 seditio
1246 2184 1571 2254 exstiterit,
1619 2199 1756 2244 cum
1786 2191 1846 2244 et
1875 2185 2134 2260 pecunia
2163 2200 2360 2258 saepe

393 2269 452 2328 in
502 2267 873 2344 stipendium
922 2274 982 2328 ct
1030 2275 1406 2328 commeatus
1461 2268 1522 2328 in
1564 2266 1830 2329 hostium
1882 2284 2031 2342 agro
2087 2268 2359 2342 deesset,

394 2365 654 2428 quorum
702 2351 911 2425 inopia
952 2351 1158 2427 priore
1196 2352 1428 2412 Punico
1480 2351 1640 2412 bello
1681 2354 1869 2412 multa
1909 2352 2161 2412 infanda
2203 2351 2362 2410 inter

398 2436 585 2496 duces
642 2435 990 2510 militesque
1042 2435 1376 2495 commissa
1427 2437 1684 2496 fuerant.
1759 2443 1903 2511 post
1948 2435 2360 2495 Hasdrubalis

396 2535 541 2579 vero
574 2518 905 2580 exercitum
940 2534 1078 2580 cum
1109 2521 1287 2594 duee,
1328 2519 1388 2578 in
1420 2519 1644 2594 quibus
1676 2535 1824 2594 spes
1856 2519 2056 2580 omnis
2082 2519 2364 2593 reposita

396 2603 685 2664 victoriae
729 2603 953 2676 fuerat,
998 2603 1292 2674 deletum,
1337 2603 1741 2678 cedendoque
1770 2603 1830 2662 in
1859 2603 2151 2678 angulum
2180 2603 2358 2663 Brut-

393 2686 540 2746 tium
582 2691 785 2745 cetera
826 2685 997 2746 Italia
1041 2701 1438 2761 concessum,
1483 2687 1581 2745 cui
1623 2703 1746 2748 non
1775 2687 2056 2747 videatur
2082 2686 2363 2746 mirabile

397 2771 628 2831 nullum
668 2775 893 2829 motum
925 2769 988 2829 in
1019 2770 1236 2830 castris
1272 2771 1538 2830 factum?
1591 2786 1732 2829 nam
1761 2771 1842 2831 ad
1878 2776 2084 2831 cetera
2110 2769 2173 2830 id
2205 2783 2362 2844 quo-

398 2869 519 2929 que
572 2859 951 2926 accesserat,
1001 2859 1069 2914 ut
1109 2869 1186 2912 ne
1228 2853 1430 2912 alendi
1481 2852 1728 2927 quidem
1769 2853 2080 2915 exercitus
2119 2853 2237 2912 nisi
2279 2867 2363 2912 ex

394 2937 627 2997 Bruttio
660 2951 808 3010 agro
840 2951 988 3009 spes
1018 2942 1213 3010 esset,
1249 2936 1384 3010 qui,
1422 2943 1487 2997 ut
1515 2938 1713 2998 omnis
1746 2940 2065 3012 coleretur,
2095 2936 2360 3012 exig-uus

396 3027 596 3080 tamen
638 3023 804 3078 tanto
849 3019 1069 3079 alendo
1113 3020 1408 3080 exercitui
1439 3026 1595 3080 erat=
1657 3028 1781 3083 tum
1815 3035 2095 3096 magnam
2127 3027 2362 3096 partem

398 3102 725 3163 iuventutis
770 3101 1139 3162 abstractam
1168 3119 1207 3162 a
1235 3105 1399 3165 cultu
1438 3119 1724 3178 agrorum
1754 3105 1980 3167 bellum
2011 3119 2361 3179 occupave-

396 3193 491 3247 rat
522 3194 581 3247 et
610 3201 744 3246 mos
778 3184 920 3246 vitio
951 3186 1135 3246 etiam
1159 3185 1383 3248 insitus
1411 3187 1578 3262 genti
1609 3203 1723 3263 per
1749 3188 2064 3249 latrocinia
2089 3187 2365 3248 militiam

398 3269 747 3330 exercendi.
818 3285 933 3330 nee
969 3269 1047 3330 ab
1076 3268 1262 3330 domo
1296 3271 1627 3346 quicquam
1655 3271 2003 3333 mittebatur
2030 3272 2110 3332 de
2137 3271 2364 3346 Hispa-

399 3352 499 3410 nia
526 3355 841 3414 retinenda
874 3357 1152 3427 sollicitis,
1188 3361 1490 3430 tamquam
1521 3357 1721 3416 omnia
1747 3371 2046 3432 prospera
2081 3358 2144 3416 in
2177 3354 2366 3416 Italia

396 3442 601 3496 essent.
1489 3461 1498 3464 -

553 3519 631 3580 In
656 3520 957 3596 Hispania
995 3535 1097 3580 res
1143 3522 1410 3596 quadam
1437 3535 1518 3580 ex
1548 3529 1720 3597 parte
1748 3521 2008 3584 eandem
2035 3521 2366 3606 fortunam,
