2550 3959
688 249 920 311 LIBER
945 250 1114 311 XXV
1116 294 1132 309 .
1176 250 1345 312 CAP-
1375 258 1464 314 34.
1505 252 1576 330 [ι.
1603 258 1672 310 C.
1697 254 1824 332 212]
2157 253 2236 319 91

437 402 706 464 XXXIV.
758 400 876 461 Per
911 402 1169 462 eosdem
1210 402 1346 463 dies
1372 400 1438 461 P.
1469 402 1823 477 Scipionem
1861 420 1978 479 par
2021 410 2236 479 terror,

262 487 614 565 periculum
651 485 849 545 maius
885 484 963 545 ab
992 501 1157 547 novo
1188 484 1368 546 hoste
1397 486 1672 561 urgebat.
1741 486 2077 549 Masinissa
2103 497 2238 551 erat

260 570 511 632 iuvenis
538 598 627 612 -—
652 584 729 629 eo
778 576 1057 643 tempore
1106 575 1236 629 erat
1285 568 1495 629 socius
1537 568 2124 645 Carthaginiensium
2150 604 2236 617 -

263 670 455 731 quem
500 652 725 713 deinde
753 654 981 711 clarum
1016 659 1451 729 potentemque
1477 654 1758 713 Romana
1785 654 1929 715 fecit
1955 655 2236 715 amicitia.

260 738 319 799 is
347 743 482 799 tum
512 752 651 797 cum
680 735 955 811 equitatu
981 735 1374 796 Numidarum
1406 743 1466 796 et
1493 736 1840 797 advenienti
1867 735 1932 796 P.
1963 737 2238 813 Scipioni

262 820 555 893 occurrit,
586 828 647 881 et
674 818 899 879 deinde
918 818 1181 879 adsidue
1202 820 1336 879 dies
1362 826 1704 895 noctesque
1723 821 1982 881 infestus
2009 822 2236 895 aderat,

262 913 333 966 ut
358 919 490 965 non
518 919 714 979 vagos
745 908 979 963 tantum
1007 904 1224 978 procul
1246 918 1284 962 a
1305 903 1522 963 eastris
1543 904 1835 979 lignatum
1857 905 2234 980 pabulatum·

269 1002 398 1065 que
438 1002 815 1063 progressos
859 986 1201 1063 exciperet,
1244 986 1360 1047 sed
1392 986 1548 1061 ipsis
1581 987 1966 1063 obequitaret
1994 990 2234 1065 castriS,

264 1074 677 1147 invectusque
718 1072 777 1130 in
819 1070 1057 1131 medias
1099 1084 1294 1145 saepe
1333 1070 1628 1131 stationes
1659 1070 1861 1132 omnia
1885 1072 2114 1148 ingenti
2145 1080 2236 1136 tu-

261 1158 459 1217 multu
487 1156 777 1216 turbaret.
822 1154 1105 1215 noctibus
1136 1168 1388 1229 quoque
1415 1168 1608 1230 saepe
1633 1154 1888 1215 incursu
1913 1157 2234 1231 repentino

263 1241 327 1301 in
358 1240 557 1316 portis
599 1240 887 1313 valloque
913 1238 1283 1313 trepidatum
1313 1245 1432 1311 est,
1471 1252 1587 1297 nee
1617 1244 1722 1298 aut
1753 1240 1926 1299 locus
1957 1247 2059 1300 aut
2085 1247 2234 1300 tem-

264 1340 390 1402 pus
428 1324 619 1385 ullum
660 1337 921 1382 vacuum
950 1338 988 1382 a
1016 1329 1181 1382 metu
1224 1336 1297 1381 ae
1327 1321 1736 1381 sollieitudine
1765 1328 1895 1381 erat
1920 1322 2235 1385 Romanis.

265 1407 738 1483 compulsisque
776 1406 931 1466 intra
971 1406 1196 1465 vallum
1240 1405 1529 1480 adempto
1569 1422 1775 1466 rerum
1818 1406 2086 1466 omnium
2113 1423 2232 1468 usu

266 1508 409 1553 eum
438 1505 639 1567 prope
665 1490 827 1551 iusta
857 1488 1099 1551 obsidio
1130 1496 1328 1565 esset,
1372 1490 1758 1565 futuramque
1786 1489 2070 1551 artiorem
2098 1506 2234 1551 eam

262 1579 625 1652 appareret,
667 1574 721 1635 si
762 1590 833 1634 se
860 1572 1181 1647 IndebiIiS‚
1226 1588 1413 1649 quem
1452 1589 1592 1633 cum
1632 1580 1867 1649 septem
1897 1574 2138 1636 milibus
2175 1582 2235 1635 et

267 1658 622 1736 quingentis
666 1657 1181 1719 Suessetanorum
1223 1656 1556 1717 adventare
1597 1659 1760 1717 fama
1801 1664 1956 1731 erat,
2007 1657 2232 1719 Poenis

266 1742 723 1815 coniunxisset,
768 1742 895 1802 dux
936 1750 1149 1802 cautus
1193 1746 1253 1800 et
1293 1739 1628 1814 providens
1660 1740 1868 1814 Scipio
1899 1740 2096 1801 victus
2127 1756 2233 1801 ne·

266 1826 665 1891 cessitatibus
696 1825 1079 1886 temerarium
1112 1823 1276 1899 capit
1305 1823 1643 1898 eonsilium,
1674 1830 1744 1884 ut
1769 1829 1950 1884 nocte
1976 1824 2228 1885 Indebili

264 1911 513 1974 obviam
556 1910 698 1983 iret,
750 1915 813 1970 et
853 1922 1245 1984 quocumque
1298 1908 1668 1968 occurrisset
1708 1909 1876 1981 loco,
1931 1907 2228 1983 proelium

265 2001 641 2057 consereret,
680 1994 890 2053 relicto
914 1994 1094 2068 igitur
1115 1990 1360 2053 modico
1387 1991 1700 2067 praesidio
1721 1991 1784 2050 in
1809 1990 2030 2051 castris
2053 2006 2230 2066 prae-

264 2080 600 2157 positoque
626 2077 755 2137 Tib.
779 2076 1035 2138 Fonteio
1064 2076 1284 2151 legato,
1317 2074 1520 2135 media
1547 2082 1728 2136 nocte
1757 2076 2068 2151 profectus
2092 2090 2230 2136 cum

266 2161 469 2226 obviis
518 2161 801 2221 hostibus
853 2176 1071 2221 manus
1124 2159 1450 2221 conseruit.
1522 2160 1765 2235 agmina
1812 2160 2007 2235 magis
2050 2177 2232 2236 quam

264 2248 436 2309 acies
460 2244 833 2321 pugnabant,
866 2245 1152 2321 superior
1172 2250 1393 2316 tamen,
1423 2243 1572 2303 utin
1596 2244 1985 2304 tumultuaria
2005 2259 2231 2320 pugna,

262 2332 583 2393 Romanus
642 2335 788 2389 erat.
882 2334 1153 2389 ceterum
1208 2332 1269 2387 et
1322 2327 1563 2402 equites
1613 2328 1908 2388 Numidae
1958 2333 2232 2403 repente,

270 2430 429 2491 quos
470 2412 767 2473 refellisse
796 2426 868 2473 se
895 2412 1023 2472 dux
1048 2417 1217 2471 ratus
1246 2418 1408 2484 erat,
1453 2410 1530 2470 ab
1559 2410 1851 2471 lateribus
1883 2410 2233 2472 circumfusi

264 2514 555 2573 magnum
583 2504 878 2557 terrorem
906 2496 1180 2556 intulere.
1256 2499 1570 2555 contracto
1602 2495 1906 2554 adversus
1934 2493 2231 2554 Numidas

266 2579 601 2644 certamine
622 2595 787 2641 novo
812 2580 1027 2642 tertius
1051 2579 1306 2653 insuper
1327 2578 1573 2638 advenit
1591 2576 1809 2651 hostiS,
1835 2577 2028 2636 duces
2041 2574 2232 2637 Poeni

266 2664 549 2727 adsecuti
592 2663 671 2725 ab
710 2671 882 2740 tergo
934 2664 1054 2723 iam
1104 2668 1482 2739 pugnantes;
1536 2676 1894 2737 ancepsque
1933 2660 2236 2737 proelium

263 2751 580 2811 Romanos
632 2748 1114 2810 circumsteterat
1160 2746 1430 2807 incertos
1445 2791 1461 2821 ,
1511 2744 1574 2805 in
1619 2760 1805 2822 quem
1846 2743 2232 2820 potissimum

268 2834 509 2895 hostem
552 2846 817 2909 quam-ve
856 2832 918 2891 in
963 2837 1197 2907 partem
1239 2830 1496 2893 conferti
1531 2830 1914 2907 eruptionem
1946 2829 2234 2891 facerent.

268 2916 565 2993 pugnanti
592 2916 979 2991 hortantique
1006 2916 1359 2990 imperatori
1388 2920 1452 2975 et
1479 2914 1760 2975 offerenti
1791 2929 1879 2986 se,
1906 2913 2018 2980 ,ubi
2045 2912 2237 2989 pluri-

267 3017 430 3061 mum
460 2999 690 3061 laboris
720 3006 868 3075 erat,
898 3000 1058 3060 latus
1083 3000 1362 3060 dextrum
1389 3000 1604 3059 lancea
1623 2998 1926 3068 traicitur;
1971 3010 2236 3058 cuneus-

270 3100 392 3161 que
433 3084 484 3144 is
527 3083 821 3157 hostium,
876 3084 980 3159 qui
1021 3083 1083 3143 in
1127 3084 1440 3143 consertos
1482 3083 1648 3143 cirea
1687 3084 1905 3142 ducem
1943 3086 2236 3155 impetum

270 3171 525 3243 fecerat,
568 3172 637 3229 ut
675 3166 1017 3227 exanimem
1046 3167 1349 3227 labentem
1379 3182 1458 3226 ex
1487 3180 1650 3241 equo
1685 3164 2037 3240 Scipionem
2064 3162 2234 3233 vidit,

269 3254 505 3313 alacres
547 3250 773 3326 gaudio
818 3266 955 3311 cum
998 3252 1266 3311 clamore
1305 3266 1420 3325 per
1443 3256 1632 3311 totam
1663 3248 1857 3309 aciem
1886 3245 2232 3306 nuntiantes

268 3335 620 3397 discurrunt
659 3335 1085 3410 imperatorem
1126 3334 1472 3393 Romanum
1514 3331 1834 3392 cecidisse.
1895 3345 1972 3389 ea
2013 3344 2228 3406 perva-

268 3426 409 3495 gata
452 3420 686 3495 passim
715 3435 869 3493 vox,
910 3427 972 3479 ut
1000 3425 1061 3478 et
1094 3417 1308 3477 hostes
1339 3416 1506 3478 haud
1535 3414 1720 3475 dubie
1748 3429 1862 3488 pro
1891 3414 2229 3475 victoribus

270 3508 332 3563 et
355 3502 614 3565 Romani
642 3518 756 3579 pro
789 3502 965 3563 victis
997 3508 1226 3573 essent,
1256 3499 1416 3560 fecit.
1461 3500 1608 3574 fuga
1635 3496 1952 3559 confestim
1986 3512 2062 3557 ex
2095 3495 2230 3556 acie
