2550 3959
404 244 488 311 76
714 242 946 307 LIBER
974 244 1161 305 xxv.
1203 243 1368 303 CAP.
1397 253 1488 307 πο.
1517 252 1606 304 21.
1652 249 1723 316 [a.
1750 248 1818 300 υ.
1843 247 2042 315 0.st

398 406 627 475 coepta
664 405 790 469 est,
838 411 1123 472 quaeque
1164 395 1225 458 in
1256 410 1393 455 eam
1419 410 1548 453 rem
1579 408 1738 470 opus
1777 401 1978 467 erant,
2025 404 2374 471 comporta-

396 485 617 545 bantur
646 481 1157 559 parabanturque.
1223 478 1553 539 Casilinum
1581 479 1944 538 frumentum
1973 484 2373 551 convectum

398 567 477 628 ad
508 566 789 627 Vulturni
820 564 1061 639 ostium,
1104 562 1207 623 ubi
1238 578 1398 623 nunc
1425 562 1574 622 urbs
1604 568 1714 635 est,
1757 561 2074 621 castellum
2101 577 2376 623 commu—

398 651 606 721 nitum,
651 649 734 689 *²⁸¹
764 656 904 711 ante
924 648 1151 708 Fabius
1164 646 1468 709 Maximus
1496 646 1814 719 munierat,
1853 644 2228 721 praesidium
2257 647 2373 705 im-

398 735 689 811 positum,
716 740 783 794 ut
810 748 980 793 mare
1008 731 1354 808 proximum
1383 735 1444 791 et
1465 728 1692 790 flumen
1721 730 1781 789 in
1805 736 2110 805 potestate
2138 737 2376 795 essent.

398 820 461 879 in
490 834 569 879 ea
596 818 722 878 duo
751 816 1052 879 maritima
1082 815 1334 875 castella
1361 815 1744 889 frumentum,
1778 814 1944 888 quod
1977 829 2056 873 ex
2083 808 2378 875 Sardinia

398 917 599 978 nuper
626 901 885 962 missum
920 906 1079 974 erat,
1124 898 1418 975 quodque
1445 898 1528 957 M.
1555 897 1764 959 Iunius
1805 904 2056 973 praetor
2085 912 2162 957 ex
2188 898 2374 957 Etru-

396 985 491 1046 ria
538 991 878 1058 coemerat,
918 984 997 1044 ab
1030 982 1199 1045 Ostia
1241 989 1604 1043 convectum
1647 989 1772 1056 est,
1813 987 1882 1043 ut
1921 981 2214 1043 exercitui
2254 997 2378 1058 per

401 1070 666 1129 hiemem
699 1070 881 1145 copia
909 1075 1094 1129 esset.
1142 1074 1414 1127 ceterum
1443 1082 1633 1142 super
1660 1081 1795 1125 eam
1827 1065 2081 1141 cladem,
2115 1081 2274 1142 quae
2303 1064 2376 1125 in

398 1154 665 1215 Lucanis
689 1160 944 1229 accepta
969 1158 1116 1224 erat,
1147 1153 1442 1212 volonum
1465 1166 1711 1226 quoque
1735 1150 2060 1225 exercitus,
2094 1148 2198 1226 qui
2219 1149 2374 1209 vivo

402 1238 679 1299 Graccho
710 1254 948 1298 summa
968 1237 1095 1297 fide
1122 1235 1432 1311 stipendia
1463 1236 1708 1307 fecerat,
1742 1236 1908 1295 velut
1935 1240 2372 1313 exauctoratus

399 1328 596 1382 morte
624 1322 803 1382 ducis
833 1320 911 1381 ab
940 1320 1136 1396 signis
1164 1320 1474 1381 discessit.

569 1406 871 1465 Hannibal
918 1421 1043 1465 non
1086 1404 1354 1479 Capuam
1405 1404 1773 1478 neglectam,
1836 1418 2038 1477 neque
2084 1408 2152 1462 ut
2197 1408 2373 1464 tanto

404 1489 757 1551 discrimine
800 1490 1081 1549 desertos
1111 1486 1361 1548 volebat
1389 1487 1632 1549 socios=
1677 1487 1789 1546 sed
1816 1502 2120 1561 prospero
2167 1502 2245 1545 ex
2279 1494 2373 1547 te-

400 1573 675 1633 meritate
715 1573 895 1634 unius
924 1571 1185 1632 Romani
1224 1572 1402 1631 ducis
1445 1586 1742 1632 successu
1787 1570 1848 1629 in
1893 1568 2140 1631 alterius
2185 1570 2373 1632 ducis

400 1657 831 1732 exercitusque
858 1656 1245 1733 opprimendi
1270 1655 1662 1717 occasionem
1691 1653 2060 1716 imminebat.
2107 1652 2373 1715 Cn.Ful-

402 1742 567 1801 vium
596 1748 942 1817 praetorem
955 1742 1007 1801 A
1014 1741 1144 1818 puli
1168 1740 1349 1816 legati
1379 1738 1732 1800 nuntiabant
1754 1739 1970 1814 primo,
2004 1739 2148 1799 dum
2175 1736 2372 1801 urbes

400 1826 701 1902 quasdam
742 1826 1113 1901 Apulorum,
1172 1840 1332 1900 quae
1372 1824 1452 1884 ad
1491 1822 1891 1884 Hannibalem
1933 1822 2371 1897 descivissent,

402 1917 813 1986 oppugnaret,
845 1908 1129 1971 intentius
1159 1924 1289 1969 rem
1319 1909 1553 1983 egisse;
1601 1914 1821 1984 postca
1848 1908 2031 1989 nimio
2063 1921 2374 1969 successu

400 2001 460 2053 et
500 1994 703 2068 ipsum
743 2002 803 2054 et
842 1992 1061 2054 milites
1105 1993 1337 2067 praeda
1376 1993 1658 2068 impletos
1687 1993 1749 2051 in
1791 1998 2018 2052 tantam
2061 1990 2373 2052 licentiam

400 2076 871 2151 socordiamque
910 2074 1176 2148 effuso&
1223 2082 1290 2136 ut
1327 2077 1492 2135 nulla
1534 2076 1859 2151 disciplina
1885 2076 2132 2137 militiae
2173 2083 2369 2135 esset.

400 2176 536 2221 cum
567 2176 759 2235 saepe
788 2160 940 2221 alias
969 2167 1094 2221 tum
1124 2160 1342 2235 paucis
1373 2159 1591 2221 dicbus
1621 2166 1762 2220 ante
1791 2167 2113 2236 expertuS,
2161 2160 2370 2234 qualis

401 2245 521 2305 sub
552 2244 745 2305 inscio
778 2244 935 2305 duee
964 2244 1268 2305 exercitus
1299 2249 1482 2317 esset,
1515 2245 1577 2304 in
1607 2244 1893 2320 Apuliam
1923 2251 2124 2305 castra
2151 2242 2368 2303 movit.

398 2328 553 2388 XXI.
599 2328 761 2389 circa
786 2328 1173 2389 Herdoneam
1203 2330 1518 2389 Romanae
1544 2327 1820 2403 legiones
1862 2335 1923 2388 et
1949 2334 2199 2405 praetor
2223 2326 2368 2389 Ful-

402 2411 537 2471 vius
563 2417 709 2471 erat.
742 2428 865 2488 quo
888 2412 994 2473 ubi
1016 2413 1284 2473 adlatum
1305 2419 1404 2473 est
1425 2412 1637 2474 hostes
1669 2414 2018 2485 adventare,
2045 2427 2243 2488 prope
2267 2419 2369 2473 est

403 2496 643 2569 lactum,
672 2501 738 2557 ut
765 2495 1005 2558 iniussu
1025 2497 1325 2571 praetoris
1356 2497 1552 2571 signis
1577 2496 1890 2559 convulsis
1913 2497 1976 2557 in
2005 2496 2199 2556 aciem
2230 2496 2365 2555 exi-

399 2587 551 2639 rent.
596 2596 711 2639 nec
730 2596 833 2640 res
856 2581 1051 2655 magis
1083 2581 1205 2641 ulla
1225 2580 1416 2641 tenuit
1437 2595 1621 2655 quam
1649 2595 1798 2656 spes
1828 2580 1994 2641 haud
2025 2579 2211 2640 dubia
2241 2595 2365 2640 suo

400 2663 464 2722 id
494 2662 740 2723 arbitrio
772 2663 872 2723 ubi
895 2665 1123 2723 vellent
1150 2671 1418 2726 acturos.
1458 2670 1640 2724 nocte
1668 2664 2014 2741 insequenti
2035 2662 2363 2739 Hannibal,

400 2762 539 2807 cum
562 2748 983 2807 tumultuatum
1006 2747 1067 2807 in
1090 2747 1308 2808 castris
1331 2754 1394 2808 et
1413 2748 1751 2824 plerosque
1773 2748 2074 2821 ferociter,
2117 2747 2364 2822 signum

400 2836 466 2889 ut
504 2830 705 2903 daret,
746 2830 1041 2891 institisse
1082 2831 1222 2891 duci
1264 2832 1346 2891 ad
1387 2848 1557 2891 arma
1597 2839 1890 2893 vocantes
1932 2832 2146 2904 sciret,
2191 2830 2361 2891 haud

401 2912 623 2973 dubius
653 2928 994 2989 prosperae
1022 2930 1265 2990 pugnae
1297 2914 1686 2976 occasionem
1715 2916 1877 2991 dari,
1919 2916 2031 2976 tria
2057 2915 2223 2975 milia
2252 2931 2362 2975 ex-

400 2995 748 3071 peditarum
770 2996 1021 3059 militum
1042 2997 1103 3057 in
1123 2998 1286 3059 villis
1310 2998 1472 3059 circa
1499 2999 1918 3075 vepribusque
1947 3008 2008 3060 et
2027 2999 2202 3060 silvis
2231 2998 2360 3059 dis·

401 3078 605 3155 ponit,
647 3080 749 3156 qui
778 3081 956 3157 signo
986 3083 1129 3143 dato
1160 3083 1339 3144 simul
1371 3098 1585 3143 omnes
1615 3100 1652 3144 e
1679 3083 1926 3144 latebris
1969 3084 2359 3155 exsisterent,

401 3170 463 3223 et
486 3163 810 3240 Magonem
852 3165 1095 3227 duobus
1137 3167 1328 3227 ferme
1353 3166 1597 3227 milibus
1641 3167 1942 3243 equitum,
1989 3184 2110 3243 qua
2149 3168 2360 3242 rugam

401 3246 819 3309 inclinaturam
862 3249 1178 3323 credebat,
1222 3250 1428 3311 emnia
1454 3251 1672 3311 itinera
1711 3251 1978 3313 insidere
2007 3250 2190 3311 iubet.
2255 3247 2364 3311 his

402 3337 582 3391 nocte
610 3334 989 3409 praeparatis
1021 3332 1213 3409 prima
1243 3335 1379 3395 lucc
1407 3334 1467 3394 in
1497 3335 1690 3395 aciem
1718 3335 1932 3411 copias
1963 3334 2184 3396 educit.
2241 3350 2364 3395 nec

399 3413 651 3476 Fulvius
684 3424 779 3477 est
806 3423 1141 3496 cunctatuS‚
1169 3434 1294 3478 non
1323 3425 1446 3479 tam
1469 3436 1584 3479 sua
1609 3419 1733 3478 ulla
1755 3435 1871 3496 spe
1895 3435 2074 3495 quam
2103 3418 2362 3479 militum

401 3498 631 3575 impetu
645 3499 897 3562 fortuito
921 3507 1167 3563 tractus.
1210 3502 1416 3579 itaque
1443 3503 1660 3563 eadem
1687 3504 2039 3575 temeritate,
2071 3519 2196 3579 qua
2216 3517 2364 3580 pro·
