2550 3959
613 202 839 263 LIBER
866 202 1047 263 XXX.
1097 201 1259 261 CAP.
1281 209 1369 265 38.
1395 210 1482 263 39.
1531 208 1603 275 [a.
1631 211 1693 259 c,
1719 209 1845 275 202]
2087 200 2212 265 361

260 359 377 418 alio
418 370 679 429 usquam
724 368 901 428 quam
934 352 1191 413 Romam
1218 352 1522 413 mitterent
1550 354 1814 429 legatoS,
1857 364 1918 415 et
1946 356 2215 432 quicum·

260 456 381 517 que
410 439 591 514 legati
623 436 1042 509 Carthaginem
1072 434 1406 509 venissent,
1436 452 1514 497 ne
1543 443 1684 507 ante
1714 437 2080 499 dimitterent
2106 458 2216 503 eos

260 539 443 601 quam
482 524 823 583 Romanum
868 519 1324 594 imperatorem,
1376 519 1524 595 quid
1565 527 1844 595 petentes
1886 525 2215 596 venissent,

260 607 581 669 certiorem
604 606 891 667 lacerent.
935 618 1075 663 cum
1095 603 1314 678 legatis
1338 602 1938 679 Carthaginiensibus
1960 608 2218 669 Romam

260 691 432 752 missi
472 690 540 749 L.
570 688 859 751 Veturius
900 686 1071 748 Philo
1111 692 1173 746 et
1200 686 1281 747 M.
1311 686 1579 748 Marcius
1609 689 1783 757 Ralla
1823 697 1883 751 et
1908 690 1974 751 L.
2007 690 2216 767 Scipio

260 773 643 850 imperatoris
692 773 897 833 frater.
969 786 1081 846 per
1129 786 1241 832 eos
1295 772 1430 831 dies
1472 780 1848 833 commeatus
1893 788 1972 833 ex
2013 774 2216 835 Sicilia

260 858 667 933 Sardiniaque
718 862 943 919 tantam
990 854 1274 916 vilitatem
1317 870 1600 917 annonae
1643 858 1945 934 recerunt,
1998 866 2064 919 ut
2106 875 2217 935 pro

261 950 509 1005 vectura
537 943 903 1003 frumentum
933 939 1137 1000 nautis
1166 944 1470 1013 mercator
1495 940 1886 1015 relinqueret.

425 1027 659 1087 Romae
688 1024 767 1085 ad
797 1023 1069 1085 nuntium
1098 1022 1361 1098 primum
1381 1023 1734 1091 rebellionis
1767 1023 2217 1101 Carthaginien·

263 1108 419 1169 sium
446 1109 813 1183 trepidatum
845 1109 1059 1180 suerat,
1096 1107 1435 1182 iussusque
1460 1113 1592 1169 erat
1619 1108 1746 1167 Tib.
1775 1107 2065 1170 Claudius
2096 1126 2218 1171 ma-

262 1202 395 1253 ture
442 1192 706 1253 classem
746 1192 809 1250 in
852 1191 1117 1252 Siciliam
1160 1190 1389 1251 ducere
1439 1196 1626 1266 atque
1665 1192 1810 1251 inde
1850 1191 1910 1252 in
1953 1194 2220 1253 Africam

262 1275 546 1349 traicere,
599 1281 662 1334 et
700 1275 851 1335 alter
894 1276 1111 1335 consul
1148 1273 1230 1333 M.
1263 1274 1557 1335 Servilius
1601 1276 1681 1335 ad
1721 1275 1936 1335 urbem
1977 1278 2219 1349 morari,

262 1361 463 1421 donec
504 1375 629 1435 quo
670 1364 835 1419 statu
873 1374 973 1419 res
1004 1358 1065 1418 in
1107 1358 1318 1419 Africa
1353 1365 1568 1419 essent
1605 1357 1884 1419 sciretur.
1957 1361 2224 1435 segniter

263 1443 467 1505 omnia
494 1443 553 1503 in
584 1438 1520 1517 comparanda'deducendaque
1549 1444 1752 1503 classe
1781 1443 1858 1503 ab
1887 1442 2017 1504 Tib.
2049 1444 2220 1503 Clau-

264 1528 365 1588 dio
410 1528 665 1587 consule
708 1526 867 1585 facta
902 1532 1102 1599 erant,
1148 1526 1316 1601 quod
1358 1532 1566 1601 patres
1609 1526 1688 1587 de
1729 1542 1886 1601 pace
1915 1524 2222 1603 Scipionis

265 1612 470 1687 potius
526 1608 835 1671 arbitrium
892 1601 1064 1684 este,
1124 1608 1348 1684 quibus
1405 1607 1646 1684 legibus
1703 1611 1980 1685 daretur,
2042 1627 2222 1686 quam

265 1694 537 1757 consulis
568 1700 957 1755 censuerant.
1000 1692 1283 1767 prodigia
1313 1708 1564 1769 quoque
1591 1694 1864 1755 nuntiata
1884 1694 2002 1754 sub
2025 1695 2224 1770 ipsam

264 1781 485 1839 famam
522 1776 874 1839 rebellionis
916 1785 1210 1837 terrorem
1240 1776 1592 1837 attulerant=
1638 1777 1842 1838 Cumis
1871 1777 2023 1839 solis
2056 1778 2223 1839 orbis

264 1862 449 1923 minui
488 1862 663 1923 visus
706 1867 767 1922 et
804 1861 957 1935 pluit
996 1859 1242 1936 lapideo
1287 1858 1488 1933 imbri,
1531 1867 1592 1920 et
1629 1861 1690 1920 in
1718 1861 2030 1923 Veliterno
2073 1878 2224 1937 agro

266 1954 427 2007 terra
472 1946 819 2022 ingentibus
870 1944 1151 2007 cavernis
1194 1942 1506 2019 consedit,
1558 1944 1938 2021 arboresque
1982 1945 2040 2005 in
2081 1962 2224 2023 pro-

267 2031 515 2091 fundum
558 2030 846 2100 haustae;
910 2028 1155 2090 Ariciae
1197 2028 1396 2088 iorum
1431 2033 1492 2089 ct
1520 2030 1684 2089 circa
1712 2028 2031 2106 tabernae,
2077 2030 2224 2092 Fru-

264 2114 483 2175 sinone
522 2130 731 2175 murus
772 2114 1006 2189 aliquot
1047 2112 1201 2174 locis
1232 2119 1296 2173 et
1335 2119 1512 2187 porta
1539 2115 1620 2173 de
1649 2116 1820 2174 caelo
1853 2120 2036 2184 tacta3
2077 2115 2224 2175 etin

266 2196 493 2256 Palatio
523 2196 829 2271 lapidibus
861 2196 1029 2270 pluit.
1082 2196 1144 2255 id
1174 2196 1520 2269 prodigium
1550 2213 1722 2257 more
1751 2198 1946 2271 patrio
1976 2213 2223 2258 novem-

266 2279 408 2340 diali
440 2294 653 2353 sacro,
699 2284 901 2351 cetera
929 2276 1149 2339 hostiis
1176 2278 1513 2339 maioribus
1545 2280 1810 2354 expiata.
1880 2280 2035 2340 inter
2071 2296 2227 2354 quae

264 2364 447 2425 etiam
488 2376 787 2436 aquarum
828 2360 1073 2423 insolita
1115 2362 1467 2435 magnitudo
1508 2362 1568 2421 in
1612 2363 1969 2439 religionem
2012 2379 2224 2423 versat

268 2462 407 2508 narn
436 2447 519 2507 ita
549 2445 879 2507 abundavit
904 2444 1157 2517 TiberiS‚
1185 2452 1255 2505 ut
1281 2445 1408 2505 ludi
1431 2446 1822 2521 Apollinares
1857 2447 2020 2509 circo
2051 2448 2223 2508 inun-

258 2533 409 2591 dato
446 2536 619 2591 extra
656 2534 891 2604 portam
924 2529 1217 2591 Collinam
1262 2529 1341 2589 ad
1386 2530 1601 2591 aedem
1626 2530 1930 2592 Erucinae
1956 2518 2222 2591 Veneris

268 2615 461 2691 parati
504 2614 643 2675 sint.
712 2621 981 2675 ceterum
1024 2612 1308 2674 ludorum
1351 2613 1492 2688 ipso
1522 2613 1624 2674 die
1665 2614 1870 2675 subita
1899 2615 2227 2677 serenitate

264 2706 399 2761 orta
448 2713 677 2773 pompa
728 2697 871 2761 duci
921 2703 1141 2772 coepta
1188 2697 1265 2755 ad
1321 2705 1556 2772 portam
1601 2698 1892 2759 Collinam
1938 2706 2228 2760 revocata

264 2783 573 2859 ductaque
601 2782 661 2842 in
693 2781 921 2844 circum
951 2788 1063 2855 est,
1108 2795 1245 2841 cum
1274 2782 1618 2841 recessisse
1647 2781 1790 2841 inde
1821 2798 2042 2858 aquam
2074 2800 2224 2843 nun-

268 2868 469 2929 tiatum
514 2872 711 2928 esset=
776 2865 1187 2939 laetitiamque
1229 2864 1464 2939 populo
1508 2871 1567 2925 et
1609 2865 1768 2927 ludis
1817 2866 2224 2927 celebritatem

267 2950 500 3010 addidit
528 2950 712 3009 sedes
744 2965 861 3009 sua
890 2948 1169 3010 sollemni
1198 2949 1555 3022 spectaculo
1583 2949 1841 3009 reddita.

430 3033 693 3095 XXXIX.
742 3032 1059 3093 Claudium
1102 3033 1449 3107 consulem,
1493 3033 1836 3107 profectum
1877 3034 2119 3093 tandem
2149 3034 2226 3093 ab

266 3117 447 3190 urbe,
505 3116 661 3179 inter
713 3122 932 3192 portus
984 3117 1290 3178 Cosanum
1346 3115 1839 3193 Loretanumque
1897 3123 2076 3177 atrox
2131 3115 2225 3176 vis

266 3200 645 3277 tempestatis
693 3202 911 3263 adorta
940 3201 999 3260 in
1032 3208 1258 3264 metum
1303 3199 1608 3275 ingentem
1638 3200 1908 3263 adduxit.
1961 3199 2225 3275 Populo-

266 3285 429 3345 nium
472 3284 616 3345 inde
659 3299 797 3347 cum
843 3285 1259 3361 pervenisset,
1309 3283 1706 3359 stetissetque
1743 3284 1853 3360 ibi,
1901 3283 2046 3345 dum
2091 3284 2224 3343 reli-

268 3385 457 3444 quum
501 3370 878 3444 tempestatis
920 3369 1300 3440 exsaeviret,
1351 3368 1542 3429 Ilvam
1582 3367 1842 3429 insulam
1885 3376 1947 3429 et
1990 3367 2068 3428 ab
2097 3368 2227 3427 ilva

266 3451 595 3528 Corsicam,
629 3469 665 3513 a
690 3453 939 3515 Corsica
966 3455 1027 3515 in
1054 3450 1398 3515 Sardiniam
1427 3451 1681 3514 traiecit.
1723 3451 1808 3512 ibi
1835 3456 2227 3528 superantem
