2550 3959
50 526 54 667 δ

989 308 996 313 -
1024 284 1404 338 PRAEFA'no,
2112 304 2171 346 ιχ

181 437 636 501 οεοαραυεναηιῖ)
671 444 719 486 et
755 438 964 487 nomina
998 440 1196 489 urbium
1231 440 1606 491 interciderunt.
1669 438 1725 489 C.
1760 436 1845 491 28.
1882 439 2025 489 εἰηηιῑ
2055 439 2173 489 libe-

183 516 351 557 ratas
385 506 451 557 ab
487 514 614 570 optt.
651 505 796 566 cdd.;
833 506 918 557 alii
953 507 1054 557 alia
1088 509 1283 558 ratione
1318 509 1586 559 emendare
1620 510 1785 558 conati
1822 516 1953 557 sunt.
1988 507 2056 559 cf.
2086 506 2174 568 32,

180 577 246 628 21
299 593 351 633 s.
393 580 431 634 r.
461 578 550 645 35,
575 576 662 631 12.
752 574 807 627 G.
847 572 938 629 29.
1004 576 1211 639 ‚santae
1241 592 1306 625 nc
1340 577 1485 626 credi
1512 578 1769 626 veli⁸“est
1806 577 1939 626 idem
1957 576 2063 626 fere
2098 585 2175 626 at-

185 660 296 709 que
337 644 444 694 noli
481 644 714 709 credere,
744 643 812 695 cf.
843 642 930 703 44,
948 642 1018 696 22
1053 659 1116 694 ne
1153 644 1327 706 alatis3
1361 642 1414 704 3,
1434 644 1468 694 2
1508 660 1573 695 ne
1606 647 1780 696 timete
1818 643 1918 699 Cic.
1955 647 2060 695 Att.
2088 645 2172 705 13,

187 712 264 765 23
305 711 421 778 alh,
469 713 542 761 ita
576 712 748 777 aptius
783 712 1080 779 adiungitur
1116 713 1513 778 incolumesque.
1572 730 1704 778 quae
1730 715 2040 777 sequuntur:
2080 730 2177 779 quo

188 784 428 849 quisquis
462 788 560 830 etc.
615 783 688 831 ita
719 782 773 831 in
807 782 925 832 cdd.
973 790 1191 836 exstant.
1255 784 1423 833 minus
1458 781 1607 833 facile
1638 784 1871 835 ostendat
1909 783 1977 833 ad
2006 783 2176 833 urbem

147 884 154 888 -
185 850 444 917 refertur,
493 865 658 912 neque
705 856 874 900 tamen
922 866 1037 901 cum
1075 850 1334 917 Madvigio
1370 866 1499 916 quae
1532 860 1589 903 ut
1621 856 1829 918 quisque
1864 854 2174 917 scripserim,

187 935 316 971 cum
349 920 660 969 attractionis
692 934 880 985 genera
908 920 1062 971 etiam
1087 920 1291 970 duriora
1324 921 1667 981 inveniantur3
1706 922 1801 971 sed
1823 922 2016 981 dubito,
2052 936 2173 973 num

189 990 324 1040 alibi
357 990 580 1053 quisquis
619 996 670 1038 et
705 990 911 1055 quisque
945 990 1333 1055 coniungantur.
1380 990 1451 1042 ib.
1483 992 1846 1053 praesensisti-s
1870 992 1923 1040 in
1945 990 2047 1040 BD.
2076 999 2173 1051 est,

187 1060 247 1108 in
270 1059 322 1107 A
358 1058 660 1121 rescmistis,
697 1072 756 1108 eo
791 1059 957 1123 magis
991 1058 1181 1123 dubito,
1222 1074 1344 1108 num
1378 1059 1504 1108 illud
1538 1076 1714 1110 verum
1749 1062 1835 1110 sit.
1882 1075 1947 1109 an
1983 1074 2168 1126 „prae-

187 1128 365 1179 sentia
385 1124 650 1177 sensim&
685 1128 926 1192 scriptum
952 1127 1083 1176 fuit?
1123 1127 1178 1177 C.
1201 1125 1291 1182 30.
1327 1136 1569 1179 sem-etum
1594 1130 1733 1187 cdd.;
1771 1130 1972 1179 emend.
2000 1128 2175 1191 Grong

185 1202 402 1248 secreto
439 1212 468 1244 e
499 1195 540 1243 B
574 1194 626 1245 2.
662 1196 802 1247 dedit
838 1196 1014 1251 Alsch.
1085 1197 1155 1246 ib.
1197 1198 1448 1263 „adsensi
1476 1205 1607 1249 emt.
1640 1195 1913 1261 parabat&
1949 1199 2170 1248 scriben-

194 1266 332 1315 dum
353 1264 632 1316 videbatur.
664 1266 718 1315 in
753 1265 976 1315 adiicere
998 1280 1100 1315 nou
1127 1280 1258 1330 opus
1296 1275 1390 1332 est,
1424 1268 1519 1317 sed
1543 1266 1675 1317 infra
1712 1282 1905 1331 „neque
1940 1269 1989 1315 in
2017 1266 2173 1317 ullis“

191 1342 311 1383 erat
347 1333 656 1387 addendum.
734 1332 790 1383 G.
824 1332 913 1386 31.
962 1334 1290 1400 ‚,servatam“
1324 1350 1390 1384 ex
1426 1334 1618 1387 ABDE.
1659 1336 1805 1395 dedi,
1852 1333 2063 1386 haberet
2094 1344 2171 1384 est

187 1403 504 1468 possideret.
556 1404 626 1452 ib.
667 1410 856 1466 „capta
893 1402 1052 1455 urbs“
1087 1406 1316 1464 servavi3
1354 1403 1461 1454 Liv.
1500 1403 1643 1455 urbis
1674 1411 1731 1454 ut
1758 1404 1931 1469 stirpis
1968 1403 2054 1457 all.
2091 1406 2170 1454 vi·

191 1473 346 1521 detur
377 1472 668 1537 scripsisse,
709 1472 777 1524 cf.
815 1473 896 1536 21,
928 1470 999 1523 62
1018 1509 1032 1532 ,
1070 1482 1119 1522 et
1153 1474 1221 1523 ad
1256 1474 1311 1523 id
1337 1480 1519 1535 captae
1553 1474 1989 1524 accommodatum
2023 1488 2155 1533 esse;

188 1556 362 1604 neque
398 1542 670 1603 requiritur
704 1542 802 1590 nisi
834 1542 1104 1591 tumultum
1140 1542 1193 1595 11.
1223 1541 1259 1595 l.
1300 1545 1703 1604 commemorari,
1742 1544 1812 1593 cf.
1841 1540 1927 1608 23,
1946 1538 2043 1602 30;
2080 1540 2165 1606 29,

188 1607 292 1668 283
334 1606 434 1668 24,
467 1607 566 1668 303
617 1606 720 1670 27,
760 1610 824 1661 15
863 1610 970 1676 all.,
1020 1626 1168 1674 quem
1203 1626 1295 1660 cur
1336 1613 1457 1661 urbs
1507 1612 1629 1662 dum
1680 1613 1877 1678 capitur
1909 1612 2041 1661 ciere
2066 1625 2170 1660 non

189 1678 360 1743 possit
387 1678 486 1727 dici
517 1693 622 1727 non
644 1688 875 1743 apparet.
895 1679 1068 1729 Alsch.
1109 1680 1292 1743 „urbis
1320 1678 1601 1742 strepitus“
1635 1682 1813 1733 edidit.
1864 1680 2001 1730 idem
2024 1696 2167 1745 „pa-

188 1748 328 1797 riter
369 1746 746 1809 perniciosior-‘⁴
791 1764 907 1797 cum
936 1751 989 1797 in
1025 1748 1142 1799 cdd.
1181 1750 1247 1798 sit
1283 1764 1344 1810 p.
1372 1751 1661 1811 pernicior,
1708 1749 1847 1812 quod
1879 1763 2000 1797 num
2032 1757 2165 1798 recte

191 1817 391 1865 dicatur
405 1814 643 1863 dubitans
664 1814 808 1881 vulg.
830 1817 1087 1868 revocavi.
1141 1814 1244 1867 Sed
1260 1816 1587 1865 vehementer
1604 1818 1767 1881 probo
1799 1832 1844 1868 c.
1864 1815 1952 1867 32.
1984 1819 2170 1869 excita.

192 1882 406 1933 hostimn
420 1882 560 1946 quod
586 1898 681 1946 pro
705 1887 974 1935 excitatum
998 1886 1238 1950 scripsit..
1267 1886 1340 1936 ib.
1360 1891 1499 1935 vem
1515 1885 1709 1933 restitui
1732 1898 1847 1933 cum
1872 1884 1925 1932 in
1946 1887 1994 1933 A
2014 1899 2165 1933 venus

193 1954 413 2018 legatur.
456 1951 513 2002 G.
535 1948 627 2005 33.
665 1953 839 2001 nescio
874 1967 940 2001 an
973 1960 1108 2002 recte
1127 1951 1281 2006 Gron.
1308 1954 1513 2002 omnium
1538 1951 1694 2002 deleri
1730 1952 1953 2003 iusserit.
1992 1950 2046 2001 G.
2072 1948 2157 2005 34.

190 2029 351 2090 „erat
385 2022 590 2072 socia-3⁶⁴
626 2022 736 2071 iure
774 2021 1000 2071 defendit
1029 2021 1177 2071 Vi'elz
1210 2020 1244 2072 Ι.
1264 2020 1301 2073 l.
1337 2036 1389 2085 p.
1430 2017 1517 2071 43.
1578 2020 1635 2071 G.
1670 2018 1759 2073 35.
1798 2036 1927 2086 „spe
1961 2023 2163 2071 coniun-

187 2087 427 2142 xn’ssenff‘
478 2090 613 2155 cdd„
663 2089 840 2140 addidi
876 2105 1022 2154 „cion
1055 2087 1168 2144 δι”.
1221 2088 1375 2141 Grou.
1414 2104 1521 2139 cum
1550 2091 1705 2141 {macti
1732 2098 1901 2141 essent
1930 2090 2161 2140 coniecit.

189 2161 263 2211 ib.
299 2165 440 2225 „tuto
472 2156 565 2209 καί*
600 2160 707 2207 iure
743 2158 1029 2223 displicuit;
1067 2158 1369 2224 suspicabar
1404 2160 1573 2221 „ulem
1606 2158 1726 2214 ufss-
1757 2166 1952 2209 tantum
1988 2160 2164 2209 aberat

191 2238 248 2279 ut
285 2228 460 2293 Scipio
497 2242 586 2277 eos
621 2229 899 2278 consistere
933 2234 1216 2293 pateretur,
1265 2234 1326 2279 ut
1362 2226 1493 2277 ultro
1542 2241 1773 2293 pugnare
1800 2236 1849 2277 et
1883 2228 2163 2293 procedere

189 2298 499 2347 hortaretur.
571 2295 626 2345 O.
653 2293 743 2347 36.
783 2296 958 2347 Alsch.
978 2299 1024 2346 A
1047 2297 1268 2362 vestigia
1292 2304 1495 2346 secutus
1530 2297 1665 2361 „sed
1697 2296 1989 2346 ὠτίον-επ*
2025 2305 2161 2346 recte

194 2366 385 2425 edidit3
421 2364 518 2415 sed
551 2365 726 2415 dubito
762 2379 884 2415 num
917 2367 1172 2431 „novitate
1205 2366 1321 2416 ret·“
1355 2365 1509 2414 lateat
1541 2366 1595 2414 in
1630 2367 1823 2427 novat-i,
1855 2381 2011 2429 quare
2030 2380 2160 2415 nova

193 2434 447 2498 revocavi,
483 2434 534 2483 ri
568 2450 596 2483 e
626 2436 798 2499 primo
831 2442 996 2484 ortum
1027 2443 1168 2499 puto.
1213 2435 1283 2483 ib.
1317 2434 1525 2484 traditis
1558 2433 1629 2483 ibi
1658 2433 1718 2497 Β,
1752 2434 2075 2484 traditisdibu
2097 2434 2159 2493 Ι),

194 2518 350 2567 quare
382 2504 604 2554 tardatis
636 2504 723 2553 diu
758 2512 952 2553 certum
987 2519 1103 2553 esse
1138 2517 1239 2552 non
1273 2510 1470 2566 potestg
1525 2503 1851 2565 suspicabart
1898 2504 2162 2552 distractis

192 2576 275 2625 iis.
333 2588 463 2636 quae
494 2570 775 2636 sequuntur
807 2574 1032 2636 „amoliti
1053 2572 1248 2622 obiectu
1272 2567 1471 2622 οντα-α’*
1504 2570 1677 2619 nescio
1706 2584 1772 2618 an
1795 2577 1927 2619 recte
1953 2586 1982 2619 e
2008 2584 2158 2635 supe-

197 2641 412 2691 rioribus
457 2642 674 2707 repetita
713 2648 969 2705 putentur.
1042 2642 1112 2694 ib.
1150 2654 1347 2706 quarnq.
1394 2642 1457 2704 Α,
1496 2638 1583 2689 ubi
1618 2655 1651 2703 q
1686 2638 1854 2704 magis
1888 2654 1917 2689 e
1950 2653 2156 2705 praece·-

199 2710 430 2760 dentibus
461 2711 730 2775 repetitum
765 2725 934 2774 quam,
952 2726 1046 2776 pro
1083 2711 1170 2775 qui
1199 2710 1425 2774 positum
1455 2708 1756 2773 putaverim,
1794 2722 1913 2757 nam
1943 2724 2044 2758 non
2068 2723 2156 2774 ge-

195 2794 315 2829 nera
347 2779 440 2830 sed
473 2779 664 2845 gradus
701 2777 866 2828 luctus
905 2780 1270 2829 discernuntur.
1342 2778 1412 2829 ib.
1449 2791 1477 2825 e
1513 2776 1554 2825 D
1586 2777 1723 2841 quod
1752 2777 1938 2827 diutius
1970 2779 2155 2843 recepi,

197 2848 250 2897 id
282 2850 417 2897 enim
455 2849 522 2898 ad
557 2846 713 2911 prior
744 2848 946 2899 videtur
982 2846 1431 2898 accommodatius.
1508 2844 1562 2898 C.
1597 2840 1685 2897 37.
1724 2847 2021 2896 merarius
2055 2861 2158 2896 non

197 2926 382 2966 certum
418 2924 513 2983 est,
547 2931 662 2966 cum
694 2919 745 2966 in
783 2924 908 2981 optt.
947 2918 1014 2965 sit
1048 2916 1368 2967 temer-abilis.
1420 2914 1476 2965 G.
1511 2910 1600 2965 38.
1638 2914 1779 2981 vulg.
1819 2931 2157 2981 „conservare

190 2984 409 3047 poseim“
463 2985 680 3035 fortasse
713 2986 920 3036 rectius.
993 2986 1061 3035 ib.
1112 2987 1277 3053 „lacti
1306 2982 1524 3035 audire“
1558 2984 1619 3048 D,
1654 2984 1793 3046 quod
1824 2984 1999 3041 Alsch.
2036 3000 2155 3050 pro·

199 3056 367 3104 batum
397 3054 451 3105 h.
487 3053 525 3104 1.
560 3056 736 3104 durius
781 3055 984 3106 videtur
1028 3056 1149 3106 dici.
1219 3053 1276 3104 O.
1313 3049 1402 3117 39.
1455 3053 1820 3103 restituendum
1860 3054 2037 3119 putavi
2080 3062 2154 3103 te-

195 3124 397 3188 nuisset,
432 3138 550 3173 cum
584 3138 686 3174 non
723 3123 875 3173 facile
907 3123 1158 3189 proelium
1191 3124 1413 3185 aliquem
1445 3130 1617 3171 tenere
1653 3122 1869 3173 dicatur.
1940 3122 2011 3169 ib.
2052 3121 2153 3170 for·

199 3204 330 3242 tasse
364 3194 475 3253 „ita
509 3208 609 3242 una
639 3190 823 3242 ηικπειι
857 3193 1100 3257 scriptum
1137 3192 1251 3253 fuit,
1290 3206 1403 3240 cum
1430 3190 1549 3240 bina
1573 3196 1827 3251 sequatur.
1887 3189 1942 3240 C.
1976 3189 2064 3241 40.
2102 3190 2155 3238 in

197 3262 310 3313 cdd.
355 3272 430 3311 est
476 3269 804 3325 „ornamenta
846 3262 992 3327 siqua
1035 3259 1214 3311 urbis“
1263 3260 1403 3325 quod
1448 3259 1540 3309 vix
1582 3266 1717 3307 recte
1746 3257 1933 3307 habere
1967 3265 2153 3323 potest,

197 3330 388 3381 servavi
424 3330 565 3396 vulg.
598 3346 716 3396 ‚,or.
751 3330 892 3380 urbis
921 3329 1108 3395 .«ιι·ἰ,ι]ηιιιι
1143 3329 1235 3379 sed
1270 3329 1323 3378 iu
1358 3344 1409 3379 v.
1432 3326 1573 3376 urbis
1607 3326 1780 3375 nescio
1815 3341 1882 3375 an
1918 3326 2059 3375 aliud
2078 3324 2151 3375 la-

197 3409 310 3460 teat,
345 3408 395 3448 et
429 3401 559 3449 arcis
591 3400 836 3464 scriptum
873 3398 1034 3448 fuisse
1067 3408 1318 3465 putarem,
1354 3397 1399 3445 si
1424 3395 1727 3445 adiectivum
1745 3405 1880 3445 esset
1902 3395 2153 3456 additum,

196 3468 260 3517 cr.
296 3465 383 3532 32,
429 3464 494 3519 16
527 3479 655 3518 extr.
693 3466 780 3533 27,
819 3465 904 3519 16.
963 3469 1032 3520 ib.
1069 3470 1117 3517 A
1147 3468 1513 3531 hippaeinaum
1546 3464 1685 3525 quod
1714 3463 1949 3513 Botteher
1980 3478 2147 3514 emen·

197 3539 346 3588 davit.
419 3534 474 3585 C.
517 3534 607 3586 41.
661 3538 932 3587 intervente
968 3552 996 3585 e
1030 3537 1147 3587 cdd.
1189 3533 1555 3588 restituendum
1602 3531 1715 3598 fuit,
1752 3533 1819 3583 cf.
1856 3531 2005 3582 welz
2042 3532 2078 3583 1.
2114 3533 2148 3584 i.
