2550 3959
372 229 501 292 290
689 228 914 288 LIBER
934 228 1143 287 XXIX.
1190 228 1356 287 CAP.
1380 235 1468 288 10.
1495 235 1579 287 11.
1625 232 1697 299 [a.
1723 233 1792 284 U.
1818 250 1866 285 c.
1888 234 2014 300 5471

379 384 558 438 vento
583 377 851 437 carmine
873 375 935 437 in
958 374 1127 436 libris
1153 374 1473 454 Sibyllinis
1495 382 1752 453 propter
1774 378 2048 439 crebrius
2073 394 2148 441 eo
2174 396 2338 442 anno

374 463 450 523 de
482 461 655 521 caelo
677 461 1010 537 lapidatum
1034 459 1350 535 inspectis,
1382 460 1756 537 quandoque
1772 460 1970 522 hostis
1993 462 2339 538 alienigena

374 553 570 606 terrae
610 544 819 605 Italiae
857 544 1087 605 bellum
1114 542 1454 620 intulisset,
1494 560 1632 605 eum
1674 545 1818 619 pelli
1846 545 2018 605 Italia
2045 545 2338 623 vincique

371 644 583 706 posse,
614 628 668 688 si
696 634 890 688 mater
916 627 1104 687 Idaea
1132 643 1169 687 a
1193 626 1563 689 Pessinunte
1586 628 1840 690 Romam
1870 629 2129 690 advecta
2157 632 2336 691 foret.

371 714 432 774 id
476 726 720 774 carmen
762 711 839 771 ab
871 711 1235 771 decemviris
1276 712 1588 773 inventum
1629 727 1707 773 eo
1734 711 1930 788 magis
1966 720 2176 790 patres
2206 730 2335 775 mo-

372 796 474 871 vit,
508 796 676 872 quod
706 802 766 855 et
792 794 995 871 legati,
1039 794 1143 870 qui
1173 794 1404 856 donum
1433 794 1705 870 Delphos
1734 803 2146 873 portaverant,
2177 800 2333 859 rese-

371 880 601 953 rebant,
633 884 694 939 et
715 878 1201 939 sacrificantibus
1232 878 1388 955 ipsis
1410 878 1628 957 Pythio
1650 881 1922 956 Apollini
1950 882 2112 941 laeta
2139 880 2338 943 fuisse

372 971 431 1023 et
457 978 830 1039 responsum
872 964 1123 1024 oraculo
1168 963 1427 1037 editum,
1473 964 1765 1024 maiorem
1795 965 1983 1025 multo
2013 964 2337 1027 victoriam

373 1064 555 1124 quam
585 1047 761 1108 cuius
791 1062 867 1107 ex
900 1045 1120 1123 spoliis
1152 1047 1318 1109 dona
1347 1054 1662 1123 portarent
1690 1049 1916 1108 adesse
1945 1050 2180 1124 populo
2208 1047 2326 1110 Ro·

368 1148 570 1193 mano.
616 1132 677 1191 in
710 1130 989 1193 eiusdem
1016 1130 1154 1208 spei
1184 1146 1484 1193 summam
1513 1130 1909 1192 conserebant
1927 1132 1991 1192 Ρ.
2020 1131 2332 1209 Scipionis

368 1218 532 1277 velut
578 1215 1071 1293 praesagientem
1109 1216 1380 1276 animum
1422 1216 1501 1276 de
1539 1216 1678 1275 fine.
1703 1216 1875 1291 belli,
1929 1217 2097 1292 quod
2140 1218 2331 1293 depo-

371 1301 679 1377 poscisset
704 1298 1085 1375 provinciam
1113 1298 1405 1360 Africam.
1449 1298 1674 1376 itaque,
1707 1316 1831 1375 quo
1863 1299 2160 1361 maturius
2191 1302 2333 1361 fatis

369 1384 675 1444 ominibus
707 1383 1101 1459 oraculisque
1131 1382 1553 1458 portendentis
1585 1398 1730 1444 sese
1760 1384 2049 1443 victoriae
2079 1400 2326 1459 compo-

386 1481 455 1527 es
485 1468 719 1540 fierent,
752 1467 816 1527 id
846 1466 1135 1542 cogitare,
1168 1482 1330 1543 quae
1358 1467 1511 1527 ratio
1541 1469 2052 1541 transportandae
2073 1469 2328 1529 Romam

370 1550 519 1611 deae
542 1555 729 1611 esset.
769 1550 872 1611 XI.
902 1550 1249 1611 nullasdum
1276 1551 1339 1611 in
1361 1551 1516 1611 Asia
1536 1550 1738 1611 socias
1765 1551 2040 1612 civitates
2063 1551 2330 1613 habebat

364 1635 633 1711 populus
655 1634 1005 1696 Romanus=
1046 1643 1248 1696 tamen
1277 1648 1584 1696 memores
1605 1635 2044 1710 Aesculapium
2076 1651 2328 1711 quoque

367 1735 441 1778 ex
475 1718 734 1781 Graecia
776 1719 1090 1793 quondam
1117 1717 1435 1781 hauddum
1461 1721 1587 1780 ullo
1620 1720 1871 1780 foedere
1901 1719 2136 1781 sociata
2161 1721 2329 1779 vale·

385 1802 590 1864 udinis
632 1804 847 1880 populi
900 1818 1092 1864 causa
1142 1804 1538 1877 arcessitum,
1591 1810 1732 1863 tunc
1780 1803 1899 1862 iam
1943 1819 2081 1863 cum
2120 1803 2328 1863 Attalo

364 1902 525 1961 rege·
541 1892 799 1965 propter
842 1902 1167 1949 commune
1208 1887 1514 1948 adversus
1543 1885 1888 1963 Philippum
1931 1887 2153 1947 bellum
2185 1902 2326 1947 coe-

367 1978 527 2031 utam
568 1970 892 2031 amicitiam
936 1986 1111 2046 esse,
1153 1972 1455 2032 facturum
1495 1986 1635 2031 eum
1677 1986 1838 2046 quae
1863 1977 2083 2045 posset
2112 1964 2326 2045 popul

363 2054 617 2115 Romani
663 2069 881 2126 causa,
934 2056 1171 2130 legatos
1212 2054 1295 2114 ad
1335 2068 1476 2115 eum
1516 2054 1852 2114 decernunt
1889 2054 1970 2113 M.
2012 2054 2328 2114 Valerium

367 2136 715 2209 Laevinum,
762 2137 868 2212 qui
896 2136 994 2197 bis
1026 2137 1246 2199 consul
1274 2137 1475 2199 fuerat
1501 2153 1576 2198 ac
1603 2154 1705 2199 res
1735 2138 1796 2197 in
1830 2138 2085 2198 Graecia
2112 2153 2325 2212 gesse-

365 2227 468 2295 rat,
496 2220 578 2281 M.
596 2220 918 2282 Caecilium
930 2220 1239 2283 Metellum
1266 2221 1658 2297 praetorium,
1683 2220 1814 2303 Ser.
1833 2220 2169 2297 Sulpicium
2187 2222 2326 2282 Gal-

365 2304 500 2366 bam
531 2303 907 2379 aedilicium,
951 2305 1111 2366 duos
1143 2306 1568 2382 quaestorios,
1609 2305 1714 2367 Cn.
1741 2305 2124 2365 Tremellium
2152 2304 2324 2365 Flac-

363 2404 499 2450 cum
542 2395 604 2450 et
628 2388 708 2448 M.
738 2388 1053 2449 Valerium
1078 2388 1416 2450 Faltonem.
1488 2389 1564 2450 iis
1609 2388 1881 2465 quinque
1922 2404 2112 2449 naves
2151 2389 2322 2465 quin-

366 2489 705 2549 queremes,
743 2477 811 2532 ut
837 2487 915 2532 ex
946 2473 1240 2548 dignitate
1269 2472 1484 2549 populi
1511 2473 1771 2533 Romani
1801 2469 2040 2533 adirent
2065 2488 2175 2533 eas
2203 2478 2322 2532 ter-

360 2574 490 2632 ras,
535 2558 615 2617 ad
658 2572 814 2632 quas
847 2556 1229 2620 concilianda
1256 2556 1546 2617 maiestas
1576 2556 1802 2618 nomini
1824 2558 2103 2618 Romano
2135 2565 2322 2629 esset,

360 2642 713 2719 decernunt.
776 2639 961 2715 legati
988 2641 1203 2701 Asiam
1242 2644 1526 2716 petentes
1566 2640 1848 2716 protinus
1876 2640 2150 2716 Delphos
2181 2656 2324 2701 eum

360 2724 815 2797 escendissent,
868 2725 1185 2786 oraculum
1234 2723 1517 2785 adierunt
1557 2726 1980 2797 consulenteS,
2031 2725 2112 2785 ad
2153 2725 2320 2800 quod

362 2807 671 2883 negotium
712 2807 898 2868 domo
940 2808 1115 2869 missi
1147 2814 1388 2881 essent,
1435 2806 1793 2884 perficiendi
1823 2807 1956 2868 eius
1989 2823 2170 2883 quam
2201 2808 2318 2867 sibi

361 2906 537 2966 spem
578 2894 940 2966 populoque
968 2892 1247 2953 Romano
1290 2892 1704 2967 portenderet.
1773 2906 2148 2967 responsum
2177 2906 2324 2951 esse

361 2974 559 3034 lerunt
600 2990 713 3050 per
739 2975 1007 3035 Attalum
1033 2988 1242 3050 regem
1272 2980 1594 3051 compotes
1627 2977 1758 3037 eius
1791 2975 1924 3036 fore
1954 2976 2123 3051 quod
2152 2982 2320 3051 pete-

360 3062 521 3117 rent=
567 3072 706 3117 cum
744 3057 1002 3119 Romam
1045 3058 1225 3119 deam
1268 3058 1693 3133 devexissent,
1735 3064 1862 3118 tum
1903 3065 2214 3134 curarent,
2258 3068 2324 3119 ut

357 3157 490 3201 eam
544 3140 648 3217 qui
698 3140 796 3221 vir
844 3141 1108 3219 optimus
1150 3144 1386 3204 Romae
1429 3150 1625 3215 esset,
1679 3142 1947 3218 hospitio
1989 3144 2320 3219 exciperet.

358 3222 715 3301 Pergamum
765 3225 846 3286 ad
895 3240 1105 3301 regem
1151 3232 1470 3287 venerunt.
1538 3226 1590 3285 is
1634 3226 1873 3301 legatos
1923 3226 2179 3289 comiter
2219 3242 2318 3301 ac-

356 3318 573 3386 ceptos
602 3309 1030 3372 Pessinuntem
1064 3309 1127 3370 in
1155 3310 1482 3388 Phrygiam
1518 3310 1800 3385 deduxit,
1843 3326 2214 3386 sacrumque
2244 3309 2320 3370 iis

362 3393 653 3468 lapidem,
699 3410 882 3469 quam
910 3398 1163 3454 matrem
1194 3394 1376 3455 deum
1407 3408 1551 3454 esse
1579 3393 1817 3454 incolae
1847 3394 2160 3470 dicebant,
2201 3400 2318 3453 tra-

362 3476 511 3537 didit
553 3493 627 3537 ac
669 3478 996 3552 deportare
1024 3478 1282 3538 Romam
1322 3476 1518 3542 iussit.
1582 3478 1962 3554 praemissus
1994 3476 2320 3553 ablegatis
