2550 3959
394 254 518 317 3⁶6
716 252 943 313 LIBER.
969 251 1150 311 XXX.
1197 249 1364 309 CAP-
1393 257 1482 312 42.
1511 256 1600 311 43.
1645 256 1718 322 [a.
1741 254 1810 307 U.
1834 272 1883 307 c.
1904 257 2030 322 551}

393 402 869 475 memorantium,
894 418 973 463 ex
1004 402 1245 477 quantis
1276 402 1500 477 opibus
1529 418 1656 477 quo
1683 401 2088 465 reccidissent
2107 406 2361 467 Cartha-

393 489 753 567 giniensium
782 503 903 546 res.
947 485 1096 545 nihil
1123 485 1218 560 iis,
1250 485 1358 561 qui
1379 486 1566 547 modo
1597 486 1810 547 orbem
1832 502 2030 563 prope
2055 494 2361 551 terrarum

394 571 761 635 obtinuerint
788 570 1003 643 armis,
1039 584 1384 646 superesse
1411 574 1660 646 praeter
1681 570 2063 645 carthaginis
2091 572 2360 633 moenia.

394 658 489 718 his
518 656 792 716 inclusos
822 670 945 715 non
974 660 1167 726 terra,
1210 670 1337 713 non
1363 653 1514 713 nutri
1547 654 1878 730 quicquum
1909 655 2006 716 sui
2043 656 2196 721 imis
2225 672 2360 717 cer·

398 756 571 811 nere3
611 738 825 800 urbem
868 752 1119 813 quoque
1157 738 1359 813 ipsam
1401 753 1474 797 ae
1505 744 1759 813 penates
1801 738 1886 799 ita
1924 738 2262 813 habituros,
2301 742 2362 801 si

394 840 518 886 non
546 824 610 887 in
640 838 715 885 ea
744 836 1011 898 quoque,
1056 836 1184 896 qno
1210 820 1364 881 nihil
1390 821 1642 883 ulterius
1671 822 1770 897 sit,
1813 822 2058 884 saevire
2086 826 2360 901 populns

394 911 705 971 Romanus
726 906 929 967 vellet,
974 920 1113 965 cum
1140 904 1307 965 flecti
1329 905 1752 967 misericordia
1771 912 1978 982 patres
2007 916 2358 984 appareret,

394 998 738 1054 senatorem
764 1006 952 1051 unum
976 989 1265 1050 infestum
1287 989 1587 1065 perfidiae
1599 989 2200 1066 carthaginiensium·
2215 1008 2359 1053 suc·

394 1077 700 1139 clamasse
728 1075 945 1148 ferunt,
985 1089 1099 1150 per
1126 1088 1288 1149 ques
1317 1073 1472 1134 deos
1505 1074 1726 1135 foedus
1754 1074 1930 1135 icturi
1959 1081 2188 1150 esseut,
2217 1091 2356 1136 cum

393 1176 523 1235 eos,
554 1174 665 1235 per
685 1173 847 1235 ques
876 1162 1019 1218 ante
1039 1158 1225 1218 ictum
1248 1157 1856 1233 esset-idemesentz
1885 1174 2040 1235 „per
2055 1158 2356 1220 eosdem“

392 1244 587 1320 inqfflt
613 1241 980 1318 Hasdrubal,
1021 1241 1354 1318 „quoniam
1379 1248 1505 1301 tam
1534 1242 1740 1303 infesti
1770 1250 1914 1303 sunt
1943 1242 2198 1304 foedera
2227 1244 2357 1303 vio-

393 1327 716 1391 lantibus“.

558 1410 761 1473 XLIII.
819 1410 1128 1469 Inclinatis
1160 1410 1432 1469 omnium
1455 1410 1540 1470 ad
1569 1424 1786 1486 pacem
1813 1409 2036 1471 animis
2067 1411 2172 1471 Cn.
2203 1411 2358 1470 Len-

393 1498 554 1559 tulus
582 1494 821 1567 consul,
866 1494 962 1554 eui
996 1494 1217 1553 elassis
1248 1493 1568 1569 provincia
1597 1500 1742 1567 erat,
1788 1502 2042 1555 sen-atus
2069 1496 2356 1555 consulto

390 1576 753 1640 intercessit.
812 1582 940 1637 tum
968 1576 1069 1635 Μ’.
1097 1577 1337 1636 Acilius
1375 1584 1441 1637 et
1469 1576 1536 1650 Q.
1567 1576 1873 1639 Minucius
1905 1576 2129 1639 tribuni
2157 1578 2356 1653 plebis

391 1664 471 1723 ad
514 1661 811 1739 poputum
848 1660 1137 1733 tulerunt,
1185 1660 1412 1721 vellent
1437 1660 1795 1721 iuberentne
1823 1668 2104 1723 senatum
2143 1662 2354 1722 decer-

393 1762 555 1820 nere,
588 1752 654 1806 ut
680 1760 819 1806 cum
850 1743 1452 1820 Carthaglniensibus
1483 1760 1608 1819 pax
1631 1744 1837 1815 fieret;
1871 1761 2056 1822 quem
2085 1760 2221 1805 eam
2250 1762 2357 1820 pa-

393 1846 524 1889 cem
556 1830 705 1889 dare
719 1876 735 1903 ,
782 1843 1089 1903 quemque
1116 1843 1197 1888 ex
1230 1827 1439 1889 Africa
1467 1828 1798 1889 exercitum
1833 1829 2164 1906 deportare
2189 1830 2358 1889 iube-

392 1922 543 1974 rent.
580 1936 583 1941 ·
610 1914 689 1973 de
732 1927 889 1989 paee
912 1912 1002 1973 uti
1030 1920 1284 1987 rogatae
1325 1919 1502 1973 erant
1541 1927 1756 1973 omnes
1785 1912 1984 1981 tribus
2013 1912 2358 1982 iusserunt;

392 2012 605 2075 pacem
650 1996 799 2057 dare
825 1996 891 2055 P.
924 1996 1307 2072 Scipionem,
1348 1996 1618 2057 eundem
1659 1997 1968 2058 exercitus
2010 1997 2358 2073 deportare.

392 2098 471 2141 ex
499 2082 617 2141 hac
644 2079 963 2156 rogatione
991 2086 1244 2140 senatus
1274 2080 1565 2154 decrevit,
1605 2086 1672 2141 ut
1698 2079 1762 2139 P.
1793 2080 2005 2156 Sprio
2035 2096 2116 2141 ex
2143 2081 2359 2141 decem

393 2168 725 2240 legatorum
765 2162 1065 2225 sententia
1093 2178 1311 2238 pacem
1339 2179 1478 2223 eum
1509 2165 1742 2239 populo
1774 2164 2357 2239 Carthaginiensium

394 2246 616 2324 quibus
647 2247 887 2325 legibus
916 2247 973 2307 ei
1003 2247 1316 2309 videretur
1345 2248 1592 2310 faceret.
1653 2248 1887 2323 gratias
1917 2249 2144 2310 deinde
2174 2248 2357 2323 patri-

392 2334 506 2393 bus
536 2346 719 2407 egere
748 2330 1312 2407 Carthaginienses,
1355 2338 1420 2392 et
1447 2332 1768 2407 petierunt,
1809 2339 1880 2393 ut
1907 2332 2024 2393 sibi
2051 2333 2113 2391 in
2141 2332 2357 2392 urbem

391 2416 640 2476 introire
680 2422 741 2475 et
768 2416 1040 2492 eeiloqui
1070 2432 1211 2477 eum
1252 2414 1494 2476 civibus
1524 2415 1654 2477 suis
1684 2415 1925 2491 liceret,
1969 2417 2076 2493 qui
2101 2415 2264 2491 capti
2295 2416 2356 2473 in

392 2500 637 2577 publica
671 2500 957 2560 custodia
1008 2508 1247 2560 essent=
1305 2514 1450 2560 esse
1488 2500 1551 2560 in
1591 2500 1666 2561 ils
1709 2500 1926 2575 partim
1969 2501 2356 2577 propinquos

391 2584 748 2659 amicosque
776 2599 949 2658 sues,
1002 2584 1243 2645 nobiles
1272 2584 1588 2659 kenuines,
1633 2584 1854 2659 partim
1883 2584 1968 2643 ad
1997 2600 2158 2659 quos
2185 2598 2354 2642 man·

391 2668 536 2728 data
560 2684 601 2727 a
624 2667 987 2744 propinquis
1016 2667 1330 2729 baberent.
1375 2667 1600 2744 quibus
1625 2669 1946 2729 conventis
1977 2684 2114 2728 cum
2141 2682 2356 2727 mrsus

390 2757 683 2829 peterent,
715 2750 832 2811 eibi
853 2766 1015 2825 >quos
1039 2752 1264 2811 vellent
1289 2766 1371 2811 ex
1399 2750 1476 2811 iis
1496 2750 1837 2811 redimendi
1865 2759 2140 2828 potestus
2161 2749 2354 2823 fieret,

390 2835 543 2897 iussi
574 2836 821 2903 nomina
860 2835 1077 2895 edet-ez
1122 2841 1183 2895 et
1208 2850 1350 2895 oum
1380 2834 1679 2896 ducentos
1709 2836 1899 2895 ferme
1929 2836 2212 2908 ederent,
2257 2850 2353 2894 se·

391 2927 567 2980 natus
596 2919 943 2980 consultum
974 2920 1196 2979 rectum
1222 2924 1338 2993 est,
1367 2925 1436 2979 ut
1459 2918 1643 2994 legati
1654 2919 1916 2981 Romani
1945 2920 2247 2980 ducentos
2276 2932 2354 2978 ex

391 3004 681 3080 captivis,
726 3018 885 3079 quos
926 3002 1467 3078 Carthaginienses
1505 3004 1759 3078 vellent,
1803 3003 1886 3071 ad
1913 3002 1976 3061 P.
2007 3002 2352 3063 Cornelium

392 3090 450 3147 in
480 3087 751 3147 Africam
782 3087 1192 3164 deportarent,
1240 3088 1710 3165 nuntiarentque
1734 3088 1811 3162 ei,
1845 3093 1928 3161 ut,
1973 3086 2028 3146 si
2057 3102 2184 3163 pax
2211 3100 2326 3145 con

393 3172 689 3246 venisset,
736 3171 872 3232 sine
902 3172 1097 3248 pretio
1126 3186 1241 3233 eos
1270 3170 1876 3248 Carthaginiensibus
1902 3171 2208 3232 redderet.
2269 3169 2327 3227 re

390 3257 565 3318 tiales
597 3270 735 3317 cum
762 3256 827 3316 in
849 3255 1119 3316 Africam
1146 3256 1228 3317 ad
1248 3256 1474 3317 foedus
1504 3256 1839 3316 feriendum
1867 3254 1958 3315 ire
1986 3255 2351 3324 iuberentur,

392 3340 545 3415 ipsis
588 3340 1039 3416 postulantibus
1067 3346 1320 3401 senatus
1351 3341 1695 3401 consultum
1725 3340 1946 3399 factum
1991 3346 2088 3399 est
2114 3338 2172 3397 in
2201 3336 2356 3395 haec

392 3422 596 3497 verba,
626 3431 690 3484 ut
720 3424 929 3499 privos
954 3424 1197 3499 lapides
1225 3424 1434 3485 silices
1461 3424 1794 3501 privasque
1814 3422 2120 3483 verbenas
2144 3435 2354 3480 secum

393 3504 647 3578 {errent}
693 3507 779 3567 uti
818 3515 1064 3583 praetor
1092 3506 1406 3568 Romanus
1447 3508 1802 3584 imperaret,
1849 3514 1914 3569 ut
1955 3504 2172 3566 foedus
2215 3501 2350 3562 seri-
