2550 3959
394 248 476 311 29.
641 292 646 295 -
697 250 926 309 LlBER
948 250 1160 309 XXIV.
1205 248 1595 309 CAP.21.22.
1642 254 1715 320 [a.
1744 254 1810 305 υ.
1836 273 1885 305 c.
1911 254 2035 319 538]

393 402 604 479 pigros
649 400 924 461 dedisset
963 398 1375 479 Syraeusanis
1390 446 1406 473 ‚
1450 414 1635 475 quam
1672 414 1927 461 eausam
1964 406 2071 461 aut
2108 401 2345 465 animos

391 490 716 559 mutasset,
766 484 847 543 Μ.
890 484 1184 544 Marcello
1225 483 1395 544 alteri
1438 484 1757 545 consulum
1795 484 2347 559 eamprovinciam

391 569 745 629 decernunt.
803 567 1142 628 secundum
1181 566 1542 645 Hieronymi
1594 567 1845 627 eaedem
1893 568 2101 643 primo-
2130 572 2347 630 timul-

389 658 623 713 tuatum
662 652 724 711 in
751 648 1068 711 Leontinis
1107 651 1273 726 apud
1304 650 1523 711 milites
1552 648 1777 725 tuerat,
1820 650 2348 728 vociferatumque

392 736 682 796 ferociter
713 734 1154 811 parentandum
1194 733 1329 809 regi
1367 733 1667 809 sanguine
1698 734 2155 795 coniuratorum
2181 750 2345 796 esse.

391 819 616 879 deinde
663 818 959 879 libertatis
1009 816 1323 880 restitutae
1375 817 1561 879 dulce
1606 816 1817 877 auditu
1864 832 2086 879 nomen
2129 820 2343 881 crebro

387 908 747 977 usurpatum
762 947 779 975 ,
823 916 972 977 spes
1013 902 1174 963 sacta
1213 916 1294 961 ex
1328 900 1591 976 pecunia
1629 902 1806 975 regia
1828 901 2167 977 largitionis
2192 901 2340 963 mili-

386 986 632 1063 tiaeque
670 986 1019 1061 fungendae
1061 984 1404 1061 potioribus
1445 984 1709 1045 ducibus
1724 1030 1741 1059 ‚
1784 989 1845 1045 et
1882 986 2076 1047 relata
2100 986 2345 1065 tyranni

391 1070 574 1131 foeda
611 1071 852 1130 scelera
892 1068 1329 1145 foedioresque
1368 1068 1654 1129 libidines
1682 1068 1841 1129 adeo
1870 1074 2183 1130 mutavere
2210 1070 2341 1130 ani·

388 1170 553 1229 mos,
596 1160 666 1214 ut
700 1154 1072 1229 insepultum
1111 1154 1315 1213 iacere
1354 1167 1581 1227 corpus
1623 1152 1811 1227 paulo
1840 1158 1983 1214 ante
2010 1153 2343 1215 desiderati

387 1237 554 1313 regis·
593 1244 962 1313 paterentur.
1033 1252 1171 1297 cum
1214 1235 1400 1297 ceteri·
1429 1250 1507 1295 ex
1537 1236 1873 1297 coniuratis
1898 1238 1981 1297 ad
2006 1238 2343 1298 exercitum

387 1318 781 1383 obtinendum
807 1318 1266 1395 remansissent,
1290 1318 1645 1381 Theodotus
1676 1326 1739 1380 et
1760 1318 1943 1381 Sosis
1956 1320 2141 1396 regiis
2164 1321 2342 1396 equis

388 1412 615 1481 quanto
645 1400 909 1464 maximo
935 1418 1122 1464 cursu
1148 1410 1447 1479 poterant,
1478 1410 1545 1463 ut
1568 1404 1819 1479 ignaros
1848 1404 2115 1465 omnium
2136 1404 2343 1481 regios

387 1490 818 1563 opprimerent,
851 1486 1202 1566 Syracusas
1234 1487 1628 1549 contendunt.
1701 1495 1969 1550 ceterum
1997 1502 2340 1564 praevene-

385 1578 478 1631 rat
519 1586 641 1633 non
684 1572 846 1631 fama
887 1572 1118 1646 solum,
1163 1588 1287 1647 qua
1314 1570 1463 1630 nihil
1492 1572 1555 1631 in
1584 1571 1809 1632 talibus
1838 1572 2027 1633 rebus
2058 1578 2154 1633 est
2184 1573 2341 1633 cele-

389 1656 536 1730 rius,
569 1656 682 1716 sed
711 1655 960 1715 nuntius
991 1656 1170 1715 ctiam
1199 1670 1280 1715 ex
1305 1654 1493 1729 regiis
1524 1654 1742 1715 servis.
1786 1654 1995 1730 itaque
2016 1655 2338 1717 Andrano-

386 1740 577 1801 dorus
607 1746 668 1799 et
693 1740 964 1800 Insulam
995 1744 1056 1798 et
1083 1754 1288 1799 arcem
1318 1744 1380 1798 et
1405 1738 1553 1811 alia,
1600 1754 1765 1813 quae
1789 1746 2032 1815 poterut
2059 1755 2342 1817 quaeque

385 1830 732 1899 opportuna
780 1829 984 1897 erant,
1036 1822 1362 1897 praesidiis
1414 1820 1701 1883 firmarat.
1770 1822 2098 1901 Hexapylo
2142 1824 2339 1886 Theo-

386 1907 570 1968 dotus
621 1922 694 1967 ac
744 1905 922 1967 Sosis
971 1914 1118 1981 post
1171 1904 1323 1967 solis
1382 1918 1673 1966 occasum
1722 1904 1843 1965 iam
1898 1906 2165 1968 obseura
2202 1908 2341 1987 luce

383 1990 606 2051 invecti
649 2006 787 2050 cum
825 1996 1140 2050 cruentam
1176 1990 1409 2064 regiam
1446 1996 1683 2049 vestem
1722 1996 1909 2065 atque
1955 1990 2199 2065 insigne
2238 2006 2339 2051 ca·

383 2073 524 2149 pitis
567 2078 972 2148 ostentarent,
1031 2072 1285 2133 travecti
1326 2088 1443 2148 per
1474 2072 1776 2150 Tycham,
1820 2074 2001 2135 simul
2039 2075 2118 2133 ad
2158 2072 2338 2134 liber-

381 2163 562 2218 tatem
611 2157 792 2217 simul
840 2157 922 2216 ad
969 2171 1140 2217 arma
1189 2162 1485 2217 vocantes
1535 2156 1598 2215 in
1650 2156 2063 2218 Achradinam
2114 2172 2339 2217 eonve-

381 2239 514 2301 nire
554 2240 781 2303 iubent.
845 2234 1163 2302 multitudo
1206 2256 1354 2316 pars
1398 2240 1701 2315 procurrit
1739 2240 1801 2300 in
1848 2241 2014 2315 vias,
2076 2256 2225 2317 pars
2276 2240 2336 2301 in

379 2325 700 2386 vestibulis
745 2331 894 2398 stat,
935 2338 1082 2399 pars
1121 2340 1202 2385 ex
1241 2326 1420 2385 tectis
1465 2324 1881 2401 fenestrisque
1915 2330 2335 2401 prospectant,

381 2414 442 2467 et
472 2406 621 2484 quid
649 2408 737 2467 rei
766 2408 848 2469 sit
871 2407 1153 2482 rogitant.
1201 2408 1407 2468 omnia
1433 2407 1765 2469 luminibus
1794 2409 2097 2469 collucent
2118 2409 2338 2484 strepi-

381 2500 574 2568 tuque
600 2493 774 2555 vario
805 2492 1206 2567 complentur.
1272 2490 1485 2551 armati
1514 2490 1669 2552 locis
1698 2488 2047 2567 patentibus
2076 2506 2337 2567 congre—

377 2584 628 2649 gantur-3
673 2578 937 2637 inermes
967 2590 1046 2635 ex
1066 2575 1329 2654 Olympii
1356 2573 1519 2635 lovis
1548 2578 1775 2651 templo
1802 2576 2001 2652 spolia
2024 2576 2339 2637 Gallorum

377 2658 864 2736 Illyriorumque,
897 2659 1064 2720 dono
1095 2659 1238 2720 data
1263 2658 1516 2719 Hieroni
1544 2674 1582 2718 a
1611 2662 1846 2735 populo
1872 2660 2151 2721 Romano
2183 2660 2336 2721 fixa-

379 2758 499 2817 que
519 2742 598 2802 ab
621 2758 716 2817 eo,
745 2741 1089 2819 detrahunt,
1120 2747 1445 2818 precantes
1468 2744 1677 2804 Iovem
1697 2751 1766 2804 ut
1786 2745 2005 2815 volens
2030 2743 2335 2821 propitius

376 2826 672 2900 praebeat
701 2840 880 2886 saera
907 2842 1077 2887 arma
1103 2842 1219 2903 pro
1249 2827 1476 2901 patria,
1520 2842 1635 2903 pro
1666 2828 1851 2889 deum
1878 2828 2187 2904 delubris,
2220 2844 2335 2905 pro

376 2910 652 2969 libertate
681 2922 824 2970 sese
851 2909 1243 2971 armantibus.
1311 2910 1467 2971 haec
1498 2926 1749 2987 quoque
1776 2910 2095 2974 multitudo
2126 2912 2333 2974 statio·-

375 2992 554 3053 nibus
583 3006 698 3069 per
727 2993 1038 3069 principes
1067 2995 1386 3070 regionum
1415 2996 1585 3056 urbis
1615 2995 1937 3072 dispositis
1967 2996 2332 3072 adiungitur.

375 3076 435 3136 in
457 3075 667 3138 Insula
694 3078 850 3139 inter
879 3083 1084 3139 cetera
1103 3079 1595 3140 Andranodorus
1617 3080 1947 3155 praesidiis
1970 3080 2171 3141 firmat
2190 3078 2330 3140 hor-

370 3176 482 3220 rea
521 3160 796 3237 publicat
839 3163 1015 3224 locus
1057 3178 1214 3225 saxo
1249 3163 1549 3239 quadrato
1580 3170 1835 3239 saeptus
1864 3171 2051 3240 atque
2080 3163 2242 3224 arcis
2270 3162 2329 3223 in

371 3244 620 3305 modum
672 3245 974 3308 emunitus
1019 3248 1257 3323 capitur
1298 3247 1376 3307 ab
1420 3244 1759 3321 iuventute,
1810 3262 1974 3325 quae
2017 3246 2331 3324 praesidio

371 3327 505 3388 eius
533 3330 652 3388 loci
683 3331 966 3393 attributa
994 3338 1140 3407 erat,
1172 3331 1537 3407 mittuntque
1558 3331 1806 3393 nuntios
1830 3332 1889 3393 in
1915 3331 2333 3393 Achradinam

369 3409 594 3473 horrea
621 3413 1113 3491 frumentumque
1141 3416 1199 3475 in
1231 3424 1483 3478 senatus
1513 3420 1819 3490 potestate
1846 3430 2011 3477 esse.
2036 3441 2047 3447 ·

533 3494 694 3559 XXi?
754 3498 920 3559 Luce
959 3501 1156 3575 prima
1199 3501 1471 3577 populus
1513 3500 1709 3561 omnis
1754 3506 2022 3562 armatus
2050 3496 2331 3561 inermis-
