2550 3959
408 182 498 249 eo
719 185 951 247 LIBER
978 184 1163 243 xxv.
1210 181 1377 243 cAP.
1405 188 1494 243 23.
1524 188 1611 241 24.
1657 188 1729 254 [a.
1752 184 1822 238 o.
1847 204 1897 238 ο.
1921 184 2046 254 640]

410 338 665 397 militurn
689 334 1049 406 collocutuS,
1077 332 1412 408 electisque
1429 346 1539 407 per
1560 346 1670 391 eos
1694 330 1776 390 ad
1795 346 1928 391 rem
1939 336 2169 391 tantam
2190 346 2362 408 agen-

411 422 553 482 dam
582 419 1057 493 audendamque
1087 416 1328 477 idoneis
1362 414 1815 475 centurionibus
1846 413 2282 491 militibusque,
2316 422 2374 475 et

380 534 383 539 ·
410 505 598 567 scalis
629 504 688 562 in
720 502 964 562 occulto
990 499 1378 575 comparatis,
1414 498 1632 559 ceteris
1665 498 1905 573 signum
1937 499 2067 558 dari
2095 499 2280 573 iubet,
2309 505 2377 560 ut

412 598 645 649 mature
676 601 937 661 corpora
966 590 1249 643 curarent
1279 582 1589 659 quietique
1612 583 1857 642 darentz
1889 590 2068 644 nocte
2097 582 2160 642 in
2187 598 2374 659 expe-

412 672 702 733 ditionem
732 670 1000 729 eundum
1029 684 1191 729 esse.
1256 666 1400 726 inde
1429 666 1534 727 ubi
1563 668 1628 727 id
1653 668 1948 742 temporis
1979 667 2206 741 visum,
2253 681 2374 743 quo

412 756 494 816 de
517 758 617 817 die
646 753 907 829 epulatis
938 752 1057 811 iam
1082 752 1204 811 vini
1236 751 1422 811 satias
1444 750 1937 827 principiumque
1959 750 2160 811 somni
2191 758 2374 826 esset,

413 840 572 915 signi
600 838 781 900 unius
813 837 1031 897 milites
1062 837 1224 895 ferre
1254 834 1457 895 scalas
1489 834 1696 906 iussit;
1729 841 1789 895 et
1824 836 1906 895 ad
1933 836 2097 895 mille
2125 836 2252 895 fere
2281 853 2376 895 ar-

413 924 556 985 mati
583 922 748 983 tenui
780 922 1019 997 agmine
1050 936 1163 996 per
1183 919 1488 980 silentium
1519 934 1594 979 eo
1627 919 1896 979 deducti.
1939 920 2044 980 ubi
2065 920 2202 979 sine
2224 926 2376 979 stre·

412 1008 545 1085 pitu
573 1023 647 1068 ac
674 1006 931 1067 tumultu
964 1005 1141 1081 primi
1184 1010 1513 1065 evaserunt
1539 1003 1601 1062 in
1628 1018 1884 1079 murum,
1929 1004 2124 1065 secuti
2164 1004 2380 1065 ordine

412 1093 543 1167 alii,
590 1107 728 1153 cum
772 1091 1041 1167 priorum
1081 1088 1343 1149 audacia
1373 1087 1574 1149 dubiis
1618 1088 1797 1149 eti-am
1831 1088 2100 1149 animum
2129 1088 2378 1149 faceret.

411 1176 625 1236 XXIV.
683 1174 803 1234 iam
831 1174 993 1234 mille
1024 1179 1392 1234 armatorum
1420 1178 1710 1247 ceperant
1737 1179 2002 1249 partem,
2049 1188 2187 1234 cum
2217 1180 2352 1233 cete

411 1274 519 1320 rae
550 1261 833 1320 admotae
863 1258 1111 1333 copiae:
1146 1256 1551 1333 pluribusque
1580 1257 1766 1317 scalis
1795 1256 1858 1315 in
1885 1272 2121 1317 murum
2151 1258 2375 1319 evade-

411 1344 559 1404 bant
586 1343 764 1419 signo
796 1343 874 1402 ab
904 1341 1229 1419 Hexapylo
1263 1341 1426 1413 dat0,
1468 1356 1590 1414 quo
1621 1356 1734 1416 per
1762 1341 2069 1418 ingentem
2099 1340 2379 1401 solitudi-

412 1443 553 1486 nem
581 1433 710 1487 erat
740 1432 1115 1501 perventum,
1160 1424 1306 1500 quia
1330 1437 1554 1498 magna
1581 1440 1728 1499 pars
1758 1425 1820 1484 in
1852 1426 2116 1486 turribus
2149 1424 2380 1501 epulati

409 1514 515 1570 aut
553 1510 738 1587 sopiti
778 1509 921 1567 vino
967 1517 1141 1569 erant
1182 1514 1284 1568 aut
1327 1507 1703 1583 semigraves
1743 1509 2058 1584 potabant.
2133 1525 2380 1585 paucos

413 1602 611 1654 tamen
643 1608 857 1653 eorum
887 1608 1229 1668 oppressos
1261 1591 1322 1652 in
1353 1592 1655 1653 cubilibus
1687 1594 2136 1655 interfecerunt.
2175 1608 2382 1669 prope

312 1676 321 1685 “
410 1678 782 1757 Hexapylon
808 1682 903 1738 est
924 1678 1165 1753 portula
1188 1692 1409 1751 magna
1430 1676 1492 1735 vi
1515 1677 1765 1753 refringi
1788 1686 2037 1754 coepta3
2061 1684 2122 1737 et
2139 1693 2178 1737 e
2199 1694 2381 1739 muro

410 1778 492 1821 ex
534 1763 877 1839 composito
918 1761 1065 1821 tuba
1108 1762 1311 1822 datum
1355 1761 1597 1835 signum
1636 1768 1793 1837 erat,
1842 1768 1903 1822 et
1942 1763 2063 1821 iam
2102 1761 2385 1837 undique

412 1862 537 1907 non
567 1848 769 1908 furtim
810 1844 924 1907 sed
955 1846 1015 1905 vi
1056 1851 1267 1921 aperte
1305 1844 1628 1919 gerebatur
1661 1860 1783 1905 res.
1853 1846 2080 1921 quippe
2123 1846 2204 1905 ad
2231 1845 2376 1920 Epi‹

413 1932 590 2005 polas
634 1931 1009 2007 frequentem
1055 1928 1352 1989 custodiis
1397 1928 1598 1988 locum
1639 1935 1999 2003 perventum
2041 1937 2200 2003 erat,
2256 1936 2382 1989 ter-

412 2014 713 2089 rendique
754 2014 949 2086 magis
979 2012 1191 2072 hostes
1235 2018 1409 2070 erant
1439 2028 1622 2086 quam
1664 2012 1941 2085 fallendi,
1991 2014 2146 2073 sieut
2185 2014 2387 2075 territi

412 2104 573 2158 sunt.
636 2114 776 2156 nam
818 2095 998 2157 simul
1040 2110 1113 2154 ac
1144 2094 1420 2155 tubarum
1463 2103 1559 2155 est
1597 2094 1840 2156 auditus
1872 2102 2085 2157 cantus
2117 2098 2388 2159 clamor-

411 2198 534 2257 que
562 2182 891 2242 tenentium
930 2194 1141 2239 muros
1174 2184 1531 2254 partemque
1565 2178 1765 2251 urbiS,
1815 2180 2017 2240 omnia
2045 2180 2236 2240 teneri
2271 2196 2386 2244 eu·

412 2266 625 2325 stodes
666 2266 781 2325 rati
823 2264 925 2325 alii
967 2280 1081 2340 per
1119 2278 1358 2322 murum
1401 2264 1639 2338 sugere,
1688 2262 1788 2323 alii
1831 2262 2014 2323 salire
2055 2264 2135 2323 de
2175 2280 2386 2342 muro,

412 2347 922 2425 praecipitarique
942 2348 1121 2408 turba
1143 2346 1513 2423 paventium.
1543 2362 1763 2421 magna
1777 2364 1924 2423 pars
1937 2353 2139 2409 tamen
2165 2349 2387 2423 ignara

408 2432 557 2494 ⁴tanti
600 2434 741 2493 mali
784 2440 913 2493 erat
954 2439 1013 2493 et
1041 2432 1312 2507 gravatis
1357 2430 1637 2492 omnibus
1668 2431 1812 2493 vino
1845 2447 2190 2507 somnoque
2224 2439 2287 2494 ct
2318 2435 2386 2495 in

414 2526 625 2578 vastae
655 2518 1083 2593 magnitudinis
1126 2516 1281 2575 urbe
1310 2516 1570 2592 partium
1603 2532 1793 2576 sensu
1833 2532 1955 2577 non
1999 2516 2146 2577 satis
2193 2520 2384 2591 perti-

410 2608 590 2661 nente
631 2602 691 2661 in
735 2601 955 2661 omnia.
1038 2600 1153 2660 sub
1196 2600 1334 2658 luce
1375 2600 1701 2676 Hexapylo
1749 2600 2002 2661 effracto
2047 2600 2383 2663 Marcellus

411 2685 689 2746 omnibus
734 2684 930 2762 copiis
981 2683 1195 2745 urbem
1243 2683 1565 2757 ingressus
1619 2685 1906 2746 excitavit
1955 2684 2387 2761 convertitque

408 2786 623 2829 omnes
654 2770 734 2829 ad
764 2785 933 2828 arma
962 2768 1264 2843 capienda
1295 2782 1620 2843 opemque,
1658 2768 1919 2844 siquam
1950 2775 2222 2845 possent,
2254 2769 2386 2831 iam

406 2860 627 2927 captae
658 2868 853 2927 prope
881 2851 1018 2912 urbi
1050 2851 1385 2911 ferendam.
1449 2851 1766 2929 Epicydes
1797 2852 1874 2912 ab
1904 2853 2140 2927 Insula,
2189 2870 2386 2929 quam

408 2935 529 3012 ipsi
548 2935 756 2996 Nason
784 2944 1025 3010 vocant,
1075 2935 1253 2996 citato
1287 2936 1603 3011 profectus
1635 2936 1890 3012 agmine,
1929 2937 2097 2998 haud
2127 2936 2386 3015 dubius»,

410 3019 555 3096 quin
580 3033 816 3096 paucos
842 3035 954 3095 per
976 3019 1423 3095 neglegentiam
1448 3020 1771 3083 custodum
1793 3028 2220 3097 transgressos
2243 3038 2385 3083 mu—

407 3120 540 3165 rum
563 3105 953 3181 »expulsurus
997 3104 1180 3177 foret,
1237 3104 1693 3165 occurrentibus
1737 3105 2010 3180 pavidis,
2059 3108 2386 3169 tumultum

338 3220 341 3223 ⁴
406 3204 631 3263 augere
661 3204 771 3249 eos
796 3188 1077 3250 dictitans
1104 3196 1165 3249 et
1190 3188 1425 3251 maiora
1446 3206 1519 3249 ac
1542 3188 1907 3251 terribiliora
1927 3206 2078 3251 vero
2110 3190 2382 3269 adferre,

407 3280 735 3350 postquam
760 3273 1087 3349 conspexit
1109 3274 1312 3335 omnia
1335 3272 1499 3335 circa
1510 3273 1808 3349 Epipolas
1833 3274 2018 3336 armis
2045 3276 2382 3353 completa,

407 3356 693 3419 lacessito
740 3364 969 3419 tantum
1000 3358 1180 3419 hoste
1223 3358 1439 3435 paucis
1469 3357 1805 3421 missilibus
1847 3367 2010 3421 retro
2045 3361 2106 3421 in
2134 3360 2385 3422 Achra-

402 3439 611 3502 dinam
660 3457 878 3519 agmen
921 3444 1247 3517 convertit‚
1308 3459 1433 3505 non
1475 3451 1598 3505 tam
1638 3443 1762 3505 vim
1803 3444 2388 3523 multitudinemque
