2550 3959
664 186 895 245 LIBER
922 186 1131 247 XXIX.
1177 184 1343 245 c-AP.
1373 195 1426 247 ⁵.
1453 194 1507 249 6.
1553 192 1626 261 [a.
1648 192 1714 245 C.
1741 193 1871 263 2⁰5]
2123 186 2250 253 285

283 353 615 403 cursurosz
658 354 735 399 ea
761 339 841 399 ab
870 338 1059 399 Gallis
1090 337 1500 412 desideraret,
1546 337 1768 413 quibus
1797 339 2036 399 occulte
2075 340 2246 403 adiu·

284 425 415 486 vari
444 430 679 500 posset.
735 422 1077 498 Liguribus,
1109 420 1282 497 quod
1309 422 1526 498 procul
1553 436 1702 497 agro
1732 420 2112 499 urbibusque
2139 440 2246 485 eo-

286 524 419 573 rum
448 516 652 569 castra
662 506 941 568 Romana
968 505 1104 578 sint,
1136 506 1328 567 libera
1355 504 1612 565 consilia
1639 520 1800 566 esse.
1841 506 1982 567 illos
2011 523 2246 568 armare

286 594 657 653 iuventutem
694 597 759 651 et
797 605 1130 667 capessere
1160 604 1277 665 pro
1305 596 1480 665 parte
1505 587 1732 650 bellum
1773 605 2041 666 aequum
2081 606 2244 651 esse.

284 676 535 752 Ligures
576 674 743 735 haud
796 673 1095 748 abnuere,
1150 680 1394 749 tempus
1443 674 1628 733 modo
1670 675 1927 735 duorum
1967 690 2246 737 mensum

282 768 494 835 petere
520 760 603 820 ad
632 758 890 819 dilectus
918 757 1262 819 habendos.
1326 757 1562 818 interim
1587 758 1774 833 Mago
1801 756 2020 819 milites
2051 758 2241 821 Gallis

280 844 556 904 dimissis
586 842 743 903 clam
762 856 877 919 per
902 857 1088 918 agros
1116 856 1328 903 eorum
1348 841 1634 902 mercede
1661 842 2038 914 conducere3
2079 859 2243 906 com-

281 935 521 989 meatus
563 942 813 1003 quoque
866 925 1067 987 omnis
1106 924 1353 1001 generis
1395 925 1634 987 occulte
1673 926 1756 986 ad
1795 940 1935 987 eum
1976 942 2018 987 a
2055 928 2242 987 Gallis

280 1012 529 1088 populis
576 1010 983 1071 mittebantur.
1061 1009 1146 1069 M.
1184 1009 1395 1069 Livius
1443 1008 1777 1070 exercitum
1826 1010 2118 1072 volonum
2165 1028 2244 1071 ex

278 1094 517 1157 Etruria
554 1094 619 1155 in
660 1093 915 1155 Galliam
956 1092 1249 1169 traducit,
1307 1092 1672 1170 iunctusque
1709 1093 2022 1171 Lucretio,
2079 1096 2133 1155 si
2174 1111 2245 1156 se

278 1179 461 1255 Mago
504 1194 585 1240 ex
613 1176 941 1254 Liguribus
982 1177 1241 1254 propius
1295 1174 1508 1239 urbem
1548 1184 1824 1253 moveat,
1869 1176 2116 1238 obviam
2153 1179 2242 1239 ire

280 1271 473 1339 parat,
518 1262 573 1323 si
592 1261 841 1323 Poenus
868 1261 985 1323 sub
1014 1262 1239 1337 angulo
1262 1261 1511 1336 Alpium
1542 1262 1784 1337 qraetus
1815 1276 1888 1321 se
1917 1261 2240 1337 contineat,

280 1356 340 1406 et
366 1347 504 1423 ipse
529 1346 593 1406 in
616 1346 835 1407 eadem
860 1345 1113 1421 regione
1143 1346 1308 1406 circa
1327 1344 1666 1405 Ariminum
1691 1344 1900 1406 ltaliae
1926 1346 2242 1421 praesidio

282 1432 540 1491 iuturus.

445 1515 550 1573 VI.
601 1513 751 1575 Post
776 1514 1034 1575 reditum
1064 1528 1143 1572 ex
1166 1513 1384 1573 Africa
1412 1514 1476 1575 C.
1505 1513 1697 1577 Laelii
1725 1521 1787 1574 et
1813 1512 2108 1591 Scipione
2135 1515 2233 1575 sti-

279 1598 502 1659 mulato
531 1596 901 1659 Masinissae
928 1596 1472 1672 adhortationibus,
1513 1604 1574 1659 et
1600 1596 1909 1670 militibus
1945 1599 2242 1674 praedam

278 1698 358 1743 ex
384 1681 653 1745 hostium
678 1689 841 1743 terra
867 1680 1258 1742 cernentibus
1287 1686 1416 1742 teta
1443 1683 1648 1743 classe
1686 1680 1910 1754 efferri,
1955 1684 2236 1743 accensis

279 1766 359 1827 ad
400 1766 797 1828 traiciendum
839 1781 1023 1842 quam
1062 1765 1325 1841 primum
1339 1810 1355 1838 ,
1412 1764 1740 1826 intervenit
1788 1764 2004 1825 maiori
2044 1766 2243 1849 minor

278 1849 565 1925 cogitatio
592 1850 827 1911 Locros
855 1849 1069 1910 urbem
1096 1848 1453 1925 recipiendi,
1496 1864 1658 1927 quae
1685 1847 1804 1910 sub
1833 1848 2239 1911 defectionem

276 1934 487 1995 Italiae
507 1934 853 1995 desciverat
878 1941 939 1994 et
964 1934 1103 2009 ipsa
1132 1932 1213 1992 ad
1222 1932 1488 1994 Poenos.
1533 1948 1680 2010 spes
1701 1939 1906 1993 autem
1931 1933 2238 1995 adfectan-

277 2019 395 2078 dae
422 2019 557 2081 eius
579 2019 667 2079 rei
696 2033 775 2078 ex
798 2018 1045 2078 minima
1070 2032 1141 2079 re
1168 2016 1437 2078 adfulsit.
1479 2016 1816 2079 latrociniis
1837 2016 2034 2093 magis
2056 2033 2240 2095 quam

277 2103 435 2163 iusto
465 2101 629 2163 bello
658 2100 721 2162 in
747 2101 995 2163 Bruttiis
1024 2100 1391 2176 gerebantur
1415 2116 1544 2178 res,
1585 2100 1889 2180 principio
1931 2100 2008 2162 ab
2037 2101 2240 2162 Numi·

277 2186 373 2247 dis
415 2187 575 2247 facto
628 2192 690 2247 et
726 2185 975 2247 Bruttiis
1015 2200 1141 2245 non
1191 2185 1486 2246 societate
1537 2186 1734 2261 magis
1767 2184 2000 2247 Punica
2057 2201 2240 2262 quam

277 2277 500 2346 suopte
536 2270 783 2347 ingenio
824 2267 1302 2345 congruentibus
1343 2268 1405 2328 in
1439 2284 1580 2331 eum
1605 2282 1856 2331 morem.
1925 2275 2240 2344 postremo

275 2353 534 2415 Romami
563 2368 813 2431 quoque
838 2351 961 2413 iam
991 2352 1358 2427 contagione
1379 2353 1646 2427 quadam
1671 2358 1850 2428 rapto
1877 2353 2236 2427 gaudentes,

276 2445 568 2513 quantum
594 2454 709 2515 per
738 2436 930 2498 duces
958 2436 1199 2509 licebat,
1230 2436 1634 2497 excursiones
1665 2435 1729 2496 in
1758 2434 2026 2497 hostium
2053 2452 2238 2512 agros

274 2523 497 2583 tacere.
560 2520 640 2583 ab
680 2522 759 2582 iis
799 2520 1035 2596 egressi
1068 2520 1318 2596 quidam
1355 2518 1572 2581 urbem
1596 2520 1942 2581 Locrenses
1983 2519 2238 2581 circum-

274 2606 439 2666 venti
464 2606 851 2683 Regiumque
878 2604 1168 2666 abstracti
1194 2605 1454 2665 fuerant.
1517 2603 1579 2663 in
1611 2620 1687 2666 eo
1717 2604 2102 2681 captivorum
2131 2620 2238 2665 nu-

274 2706 445 2751 mero
486 2690 643 2751 fabri
673 2689 921 2766 quidam
948 2690 1119 2752 fuere
1132 2734 1149 2764 ,
1194 2688 1436 2750 adsueti
1480 2687 1647 2764 apud
1674 2687 1916 2749 Poenos
1955 2688 2240 2748 mercede

272 2790 435 2851 opus
464 2774 526 2835 in
555 2789 698 2835 arco
723 2773 1063 2834 Locrorum
1088 2774 1314 2835 facere.
1377 2771 1440 2832 hi
1467 2771 1696 2847 cogniti
1737 2770 1816 2831 ab
1843 2770 2239 2834 Locrensium

276 2859 683 2936 principibuS,
729 2857 833 2932 qui
860 2856 1026 2932 pulsi
1065 2856 1144 2917 ab
1184 2856 1458 2917 adversa
1483 2855 1778 2928 factione,
1823 2870 1986 2930 quae
2009 2853 2236 2915 Hanni·

273 2944 398 3003 hali
425 2944 660 3005 Locros
698 2939 1063 3015 tradiderat,
1105 2939 1364 3016 Regium
1406 2956 1477 3001 se
1517 2940 1926 3015 contulerant,
1971 2954 2110 3001 cum
2139 2954 2236 2999 ce·

272 3032 407 3085 tera
426 3024 963 3102 percunctantibus
992 3056 1077 3069 -—-
1097 3030 1165 3086 ut
1184 3040 1324 3085 mos
1344 3031 1444 3087 est
1465 3022 1572 3100 qui
1593 3023 1700 3086 diu
1722 3022 1946 3085 absunt
1963 3053 2052 3067 —-
2079 3037 2254 3111 quae·

277 3108 443 3169 domi
472 3116 795 3183 agerentur
820 3107 1275 3185 exposuissent,
1315 3124 1494 3185 spem
1522 3109 1812 3183 recerunt,
1857 3106 1912 3167 si
1937 3106 2237 3183 redempti

280 3208 353 3254 ac
380 3194 623 3255 remissi
652 3193 869 3269 forent,
899 3208 1105 3253 arcem
1130 3192 1308 3253 sciis
1337 3193 1688 3255 tradituros.
1733 3192 1817 3252 ibi
1843 3205 1917 3253 se
1942 3189 2236 3265 habitare,

277 3275 591 3354 fidemque
632 3277 749 3338 sibi
776 3292 980 3339 rerum
1018 3276 1290 3339 omnium
1321 3275 1481 3339 inter
1507 3274 2040 3353 Carthaginienses
2071 3289 2235 3335 esse.

275 3360 479 3436 itaque
518 3367 587 3423 ut
629 3362 735 3437 qui
776 3363 957 3424 simul
994 3358 1305 3422 desiderio
1345 3360 1582 3437 patriae
1619 3365 2014 3435 angerentur,
2059 3357 2234 3418 simul

272 3446 607 3521 cupiditate
632 3445 911 3537 inimicos
932 3443 1273 3507 ulciscendi
1301 3444 1604 3519 arderent,
1643 3442 1982 3519 redemptis
2007 3448 2226 3503 extem—
