2550 3959
259 196 266 201 ’
387 239 474 305 04
779 242 1010 303 LIBER
1036 241 1222 301 xxv.
1269 240 1543 303 CAP.11.
1590 218 1663 314 [ι’.
1688 246 1753 299 υ.
1781 262 1829 299 0.
1854 246 1977 313 540]

391 400 625 467 cetera,
666 397 825 466 tuta,
869 392 984 453 sed
1022 392 1160 454 loco
1189 394 1377 467 plano
1408 392 1611 469 posita
1636 399 1697 453 et
1722 392 1801 453 ab
1829 393 1983 453 urbe
2010 409 2187 454 muro
2216 398 2347 453 tan·

387 486 518 539 tum
539 492 614 537 ac
642 478 818 540 fossa
838 476 1054 537 divisa.
1098 492 1236 537 cum
1258 477 1379 537 iam
1400 475 1913 537 machinationum
1936 477 2100 537 omni
2123 491 2351 552 genere

391 568 456 623 et
491 562 782 637 operibus
827 567 1313 636 oppugnaretur,
1355 559 1613 621 missum
1652 576 1691 620 a
1714 560 2071 637 Metaponto
2114 562 2351 637 praesi-

391 647 558 707 dium
584 643 878 707 Romanis
905 644 1050 706 fecit
1077 644 1358 719 animum,
1388 651 1455 705 ut
1480 650 1663 704 nocte
1692 660 1772 705 ex
1792 644 2131 721 improviso
2156 658 2351 720 opera

389 730 658 792 hostium
698 727 1075 789 invaderent.
1134 727 1254 787 alia
1294 728 1691 803 disiecerunt,
1734 727 1855 788 alia
1892 728 2019 804 igni
2056 742 2348 805 corrupe-

389 820 550 875 runt.
593 814 774 889 isque
801 811 942 872 finis
969 812 1295 872 Hannibali
1316 812 1427 873 fuit
1445 826 1523 872 ea
1540 819 1717 887 parte
1736 827 1943 872 arcem
1964 826 2347 889 oppugnare.

387 898 628 973 reliqua
656 901 788 957 erat
811 896 874 955 in
905 895 1228 957 obsidione
1257 910 1438 971 spes,
1482 910 1598 957 nec
1626 910 1701 955 ea
1729 896 1880 957 satis
1909 897 2161 970 efficait,
2206 896 2351 971 quia

391 995 594 1041 arcem
621 986 928 1054 tenenteS,
961 980 1210 1055 quaein
1247 979 1607 1056 paeninsula
1632 980 1837 1055 posita
1861 980 2133 1040 imminet
2157 980 2345 1041 fauci‹

389 1065 506 1125 bus
536 1071 782 1139 portus,
823 1079 993 1124 mare
1021 1062 1277 1124 liberum
1306 1063 1645 1138 habebant,
1673 1064 1823 1124 urbs
1854 1070 2065 1125 contra
2093 1064 2351 1123 exclusa

387 1148 702 1209 maritimis
746 1146 1212 1220 commeatibus,
1255 1148 1639 1224 propiusque
1678 1147 1945 1223 inopiam
1981 1152 2157 1209 erant
2184 1145 2348 1207 obsi-

389 1232 606 1291 dentes
657 1246 840 1307 quam
893 1231 1157 1293 obsessi.
1218 1230 1522 1293 Hannibal
1572 1232 1927 1294 convocatis
1964 1230 2347 1307 principibus

387 1315 730 1377 Tarentinis
761 1330 974 1377 omnes
997 1321 1359 1391 praesentes
1384 1315 1772 1376 difficultates
1794 1314 2113 1391 exposuit=
2142 1329 2347 1391 neque

387 1400 548 1460 arcis
587 1408 710 1460 tam
751 1402 1020 1460 munitae
1059 1399 1511 1474 expugnandae
1537 1414 1793 1459 cernere
1818 1399 1979 1460 viam
1996 1443 2011 1473 ‚
2052 1412 2261 1473 neque
2284 1399 2345 1460 in

389 1482 716 1544 obsidione
757 1484 1088 1559 quicquam
1113 1482 1344 1542 habere
1372 1482 1535 1559 spei,
1578 1483 1779 1544 donec
1806 1484 1957 1543 mari
1984 1482 2203 1543 hostes
2232 1497 2347 1557 po-

386 1566 630 1627 tiantur.
692 1567 864 1641 quod
905 1566 958 1627 si
1001 1581 1192 1627 naves
1243 1566 1395 1641 sint,
1452 1566 1675 1643 quibus
1726 1572 2101 1629 commeatus
2140 1566 2345 1627 invehi

391 1645 740 1726 prohibeat,
793 1652 1098 1726 extemplo
1139 1655 1244 1711 aut
1277 1666 1423 1711 arce
1463 1666 1757 1712 cessuros
1796 1657 1901 1711 aut
1927 1650 2247 1711 dedituros
2278 1664 2348 1710 se

385 1732 620 1794 hostes.
677 1734 1178 1796 adsentiebantur
1203 1735 1540 1815 Tarentini;
1578 1740 1845 1796 ceterum
1874 1734 1930 1794 ei
1943 1780 1959 1809 ,
2005 1734 2111 1809 qui
2140 1734 2344 1795 consi·

386 1818 530 1877 lium
560 1818 843 1893 adferret,
875 1833 1058 1894 opem
1087 1832 1337 1895 quoque
1364 1818 1427 1877 in
1456 1832 1593 1879 eam
1618 1833 1751 1879 rem
1779 1817 2175 1889 adferendam
2202 1831 2335 1878 cen-

387 1902 608 1961 sebant
655 1917 818 1963 esse.
888 1902 1152 1965 Punicas
1205 1903 1367 1963 enim
1406 1917 1599 1965 naves
1642 1916 1723 1962 ex
1764 1900 1971 1963 Sicilia
2010 1904 2241 1963 accitas
2284 1900 2346 1961 id

387 2000 582 2059 posse
637 1986 872 2046 sacer-ea
940 2002 1088 2047 suas
1101 2032 1118 2061 ,
1177 2002 1338 2061 quae
1386 1987 1527 2047 sinu
1584 1987 1809 2061 exig-uo
1859 1984 2021 2047 intus
2070 1985 2347 2045 inclusae

386 2076 627 2143 essent,
669 2085 808 2129 cum
849 2071 1116 2129 claustra
1155 2076 1375 2144 portu-s
1414 2069 1610 2132 hostis
1652 2070 1934 2142 haberet,
1980 2084 2239 2144 ecquem
2266 2068 2345 2129 ad

385 2152 636 2213 modum
676 2152 821 2213 inde
860 2153 922 2211 in
963 2159 1240 2228 apertum
1282 2168 1452 2214 marc
1492 2160 1833 2215 evasuras?
1884 2153 2227 2230 ‚,evadent“
2255 2152 2345 2212 in-

389 2235 517 2310 quit
543 2236 876 2297 Hannibah
921 2239 1163 2311 ‚,multa,
1196 2254 1357 2313 quae
1384 2237 1675 2313 impedita
1701 2243 1921 2299 natura
1948 2242 2109 2311 sunt,
2140 2236 2347 2297 consi-

387 2319 468 2380 lio
511 2320 938 2395 expediuntur.
1001 2320 1214 2381 urbem
1255 2322 1318 2381 in
1348 2336 1565 2397 campo
1594 2322 1773 2383 sitam
1800 2320 2055 2383 habetis.
2122 2322 2349 2395 planae

389 2408 448 2462 ct
487 2403 638 2463 satis
680 2405 838 2465 latae
866 2404 1004 2464 viae
1033 2411 1242 2480 patent
1268 2406 1329 2465 in
1363 2420 1579 2466 omnes
1608 2411 1836 2481 partes.
1900 2405 2030 2480 via,
2074 2419 2238 2480 quae
2264 2419 2348 2465 ex

385 2492 570 2563 portu
590 2504 703 2563 per
721 2488 984 2551 mediam
1009 2487 1219 2549 urbem
1241 2490 1324 2551 ad
1343 2504 1512 2550 mare
1530 2490 1895 2551 transmissa
1912 2494 2026 2563 est,
2054 2487 2349 2564 plaustris

385 2572 776 2656 transveham
816 2588 1010 2633 naves
1049 2574 1211 2635 haud
1255 2588 1481 2648 magna
1516 2575 1697 2635 mole.
1767 2579 1829 2633 et
1864 2588 2033 2633 mare
2068 2578 2349 2633 nostrum

387 2654 530 2730 erit,
575 2672 697 2730 quo
738 2672 902 2717 nunc
929 2656 1144 2718 hostes
1173 2657 1517 2732 potiuntur-3
1557 2662 1618 2717 et
1642 2656 1809 2719 illinc
1834 2657 1987 2719 mari
2013 2655 2155 2717 hinc
2182 2662 2349 2717 terra

387 2738 967 2800 circumsedebimus
1007 2755 1230 2801 arcem.
1286 2740 1470 2801 immo
1497 2741 1671 2802 brevi
1698 2747 1804 2802 aut
1826 2740 2099 2802 relictam
2126 2739 2207 2801 ab
2234 2739 2319 2802 ho
2332 2772 2349 2781 ·

387 2822 584 2883 stibus
615 2828 718 2883 aut
745 2839 881 2883 cum
911 2823 1068 2897 ipsis
1095 2823 1378 2885 hostibus
1402 2825 1779 2900 capiemus“.
1820 2824 1978 2886 hacc
2000 2824 2193 2886 oratio
2216 2838 2345 2885 non

389 2920 566 2979 spem
599 2906 786 2967 modo
815 2906 1072 2967 effectus
1103 2908 1218 2968 sed
1245 2909 1550 2983 ingentem
1578 2910 1759 2969 etiam
1788 2908 1965 2971 ducis
1995 2908 2344 2969 admiratio-

379 2986 527 3047 'nem
555 2989 717 3049 fecit.
756 2997 1066 3052 contracta
1093 2993 1402 3068 extemplo
1426 2993 1699 3069 undique
1720 2995 1993 3069 plaustra
2014 2993 2347 3069 iunctaque

386 3071 544 3133 inter
590 3087 690 3148 se,
741 3080 802 3134 et
847 3074 1166 3136 machinae
1193 3076 1283 3142 ¹ad
1326 3076 1763 3138 subducendas
1806 3092 1997 3139 naves
2039 3077 2343 3152 admotae,

385 3155 807 3233 munitumque
847 3159 986 3234 iter,
1031 3176 1156 3235 quo
1195 3160 1469 3221 faciliora
1497 3162 1773 3236 plaustra
1798 3162 2119 3238 minorque
2146 3162 2344 3222 moles

387 3239 446 3298 in
487 3241 746 3301 transitu
785 3249 973 3303 esset.
1039 3244 1307 3305 iumenta
1344 3244 1489 3305 inde
1517 3251 1579 3305 et
1604 3245 1885 3307 homines
1914 3244 2240 3321 contracti,
2282 3250 2346 3306 et

388 3337 547 3397 opus
585 3324 842 3401 impigre
883 3335 1197 3403 coeptum3
1241 3344 1605 3405 paucosque
1646 3336 1795 3404 post
1832 3329 1968 3391 dics
2004 3328 2225 3390 classis
2252 3328 2341 3389 in-

385 3412 618 3467 structa
659 3424 732 3469 ac
775 3418 987 3485 parata
1028 3411 1497 3474 circumvehitur
1534 3428 1740 3473 arcem
1780 3421 1841 3476 et
1866 3419 2007 3474 ante
2036 3430 2111 3475 os
2137 3412 2345 3488 ipsum

389 3495 602 3563 portus
629 3507 892 3556 ancoras
918 3494 1078 3557 iacit.
1121 3494 1287 3558 hunc
1314 3503 1535 3558 statum
1558 3511 1763 3559 rerum
1780 3497 2083 3559 Hannibal
2102 3494 2344 3558 'rai-ens

2512 0 2515 107 ἵ

2514 305 2516 403 1
