2550 3959
401 203 638 265 LIBER
663 202 849 263 XXV.
892 201 1059 263 CAP.
1091 210 1143 262 2.
1165 208 1221 264 ὃ.
1266 206 1342 275 [a.
1365 206 1439 261 U.
1462 224 1511 259 c.
1534 210 1658 264 540.
1690 224 1738 260 a.
1764 208 1830 266 C.
1853 208 1980 275 212]
2096 200 2179 265 53

205 355 527 419 decemvir
553 368 889 415 sacrorum.
939 352 999 413 in
1027 351 1261 412 Lentuli
1290 354 1495 413 locum
1519 350 1601 413 Μ.
1628 350 1942 413 Cornelius
1966 350 2181 415 Cethe--

205 457 357 517 gas,
413 440 478 499 in
517 436 747 514 Papirii
796 435 902 497 Cn.
946 435 1242 497 Servilius
1287 434 1512 511 Caepio
1563 434 1885 512 pontifices
1936 435 2180 499 suffecti

206 529 380 597 sunt,
426 538 624 597 augur
675 527 918 581 creatus
958 520 1024 581 L.
1057 518 1375 594 Quinctius
1418 518 1824 594 Flamininus,
1867 519 2180 582 decemvir

206 622 533 670 sacrorum
557 606 623 665 L.
657 604 978 665 cornelius
1005 604 1321 663 Lentulus.

377 689 774 752 comitiorum
803 686 1218 749 consularium
1245 687 1369 745 iam
1396 686 1728 762 appetebat
1752 693 1995 763 tempus
2009 733 2026 763 ‚
2065 689 2181 749 sed

207 776 353 851 quia
381 774 675 835 consules
705 788 746 833 a
771 772 933 833 bello
961 771 1226 833 intentos
1256 784 1521 831 avocare
1549 787 1672 831 non
1701 773 2003 847 placebat,
2046 772 2179 832 Tib.

206 857 616 939 Sempronius
658 856 876 917 consul
917 855 1297 917 comitiorum
1324 870 1517 915 causa
1544 855 1903 917 dictatorem
1933 856 2086 917 dixit
2114 856 2176 923 C.

204 942 530 1004 Claudium
571 940 922 1001 centonem.
979 938 1056 999 ab
1087 954 1162 1000 eo
1192 938 1483 1013 magister
1524 939 1795 1013 equitum
1838 946 1937 1001 est
1974 940 2177 1002 dictus

206 1027 272 1102 Q.
300 1025 562 1087 Fulvius
589 1024 869 1086 Flaccus.
940 1023 1198 1084 dictator
1239 1023 1434 1098 primo
1480 1022 1763 1085 comitiali
1807 1023 1908 1083 die
1950 1025 2180 1085 creavit

205 1112 532 1171 consulem
560 1108 626 1184 Q.
649 1107 930 1169 Fulvium
950 1106 1238 1168 Flaccum
1266 1106 1621 1181 magistrum
1652 1106 1942 1183 equitum,
1974 1115 2035 1169 et
2054 1108 2175 1183 Ap.

207 1193 532 1255 Claudium
576 1191 934 1266 Pulchrum,
994 1191 1092 1252 cui
1143 1189 1358 1250 Sicilia
1406 1190 1727 1266 provincia
1775 1190 1839 1251 in
1890 1198 2179 1267 praetura

205 1280 426 1338 fuerat.
483 1284 610 1337 tum
637 1283 958 1351 praetores
984 1276 1172 1335 creati
1202 1274 1311 1335 Cn.
1338 1273 1589 1335 Fulvius
1616 1274 1875 1336 Flaccus
1907 1274 1969 1335 Ο.
2004 1275 2173 1336 Clau·

207 1362 350 1422 dius
389 1360 555 1421 Nero
581 1360 662 1421 Μ.
693 1359 902 1421 Iunius
933 1357 1177 1420 Silanus
1212 1357 1279 1417 P.
1314 1358 1635 1421 Cornelius
1664 1357 1855 1420 Sulla.
1918 1359 2175 1420 comitiis

205 1443 500 1521 perfectis
543 1442 805 1504 dictator
831 1443 1187 1518 magistratu
1213 1443 1381 1503 abiit.
1452 1442 1671 1503 aedilis
1700 1444 1931 1504 curulis
1960 1442 2075 1505 fuit
2101 1459 2176 1505 eo

208 1544 379 1590 anno
425 1542 567 1589 cum
604 1528 685 1587 Μ.
719 1528 998 1588 Cornelio
1031 1526 1301 1601 Cethego
1341 1527 1407 1586 P.
1440 1527 1759 1589 Cornelius
1790 1526 2035 1605 Scipio,
2078 1528 2175 1589 cui

206 1619 355 1689 post
393 1612 688 1673 Africano
743 1610 857 1672 fuit
904 1625 1265 1686 cognomen.
1334 1611 1479 1672 huic
1530 1612 1759 1686 petenti
1808 1612 2178 1673 aedilitatem

207 1712 350 1757 cum
401 1695 776 1757 obsisterent
812 1694 1037 1756 tribuni
1077 1694 1309 1771 plebis,
1364 1701 1664 1768 negantes
1704 1696 2003 1756 rationem
2045 1697 2178 1756 eius

209 1780 567 1841 habendam
595 1794 768 1855 esse,
813 1779 982 1855 quod
1011 1778 1285 1839 nondum
1310 1778 1392 1837 ad
1423 1778 1753 1853 petendum
1781 1777 2049 1854 legitima
2076 1794 2177 1839 ae-

209 1873 306 1925 tas
341 1871 535 1938 esset,
579 1864 677 1939 „si
703 1866 841 1923 me“
881 1863 1080 1940 inquit
1105 1877 1361 1937 „omnes
1392 1860 1653 1935 Quirites
1684 1862 1943 1923 aedilem
1974 1863 2179 1922 facere

205 1950 453 2022 volunt,
494 1948 645 2009 satis
675 1962 975 2009 annorum
1003 1946 1262 2008 habeo“.
1328 1952 1497 2011 tanto
1526 1945 1671 2019 iude
1700 1946 1913 2009 favore
1941 1945 2022 2006 ad
2050 1947 2178 2007 suf-

207 2032 476 2107 fragium
517 2032 835 2094 ferendum
864 2032 928 2092 in
955 2032 1152 2092 tribus
1189 2032 1537 2091 discursum
1568 2036 1693 2106 est,
1734 2035 1802 2091 ut
1829 2029 2055 2091 tribuni
2082 2046 2179 2091 re-

212 2125 408 2193 pente
437 2116 684 2192 incepto
717 2116 1074 2177 destiterint.
1133 2114 1417 2177 aedilicia
1441 2113 1681 2189 largitio
1708 2115 1864 2175 haec
1894 2114 2020 2189 fluit,
2051 2115 2177 2175 ludi

206 2201 475 2264 Romani
516 2216 632 2276 pro
659 2200 954 2278 temporis
983 2199 1144 2259 illius
1173 2200 1372 2275 copiis
1401 2198 1727 2273 magnifice
1754 2199 1897 2259 facti
1928 2203 1993 2258 et
2018 2198 2180 2259 diem

209 2300 406 2347 unum
446 2284 793 2359 instaurati,
835 2290 898 2346 et
937 2283 1139 2359 congii
1167 2284 1288 2344 olei
1314 2283 1377 2343 in
1406 2282 1582 2343 vicos
1613 2282 1895 2358 singulos
1926 2281 2068 2341 dati.
2110 2282 2176 2341 L.

209 2369 437 2430 Villius
463 2369 782 2445 Tappulus
824 2374 887 2429 et
909 2366 992 2429 M.
1019 2367 1379 2429 Fundanius
1412 2364 1730 2427 Fundulus
1774 2366 2007 2427 aediles
2050 2366 2178 2441 ple-

211 2452 315 2514 bei
357 2453 592 2529 aliquot
639 2460 950 2514 matronas
993 2452 1162 2529 apud
1202 2453 1501 2527 populum
1540 2448 1751 2524 probri
1790 2457 2177 2523 accusarunt,

211 2538 518 2613 quasdam
562 2552 642 2597 ex
685 2536 774 2597 eis
804 2537 1122 2597 damnatas
1158 2535 1218 2595 in
1249 2534 1531 2594 exsilium
1562 2539 1831 2607 egerunt.
1896 2532 2024 2592 ludi
2050 2534 2180 2607 ple-

208 2620 338 2681 beii
379 2634 494 2696 per
530 2620 782 2681 biduum
822 2618 1140 2681 instaurati
1184 2626 1244 2679 et
1270 2617 1436 2677 Iovis
1479 2618 1726 2692 epulum
1756 2614 1869 2677 fuit
1899 2615 2181 2677 ludorum

211 2720 427 2765 causa.

385 2788 486 2849 111.
533 2788 600 2863 Q.
621 2788 872 2849 Fulvius
893 2788 1152 2849 Flaccus
1181 2786 1421 2849 tertium
1444 2783 1691 2861 Appius
1716 2783 2005 2845 Claudius
2035 2799 2181 2845 con-

211 2872 484 2933 sulatum
523 2872 750 2933 ineunt.
805 2878 866 2933 et
907 2878 1224 2948 praetores
1267 2868 1619 2945 provincias
1662 2868 1859 2931 sortiti
1902 2874 2073 2942 sunt,
2115 2866 2180 2927 P.

211 2957 537 3018 Cornelius
581 2954 751 3017 Sulla
799 2957 1100 3017 urbanam
1139 2961 1201 3016 et
1239 2953 1628 3030 peregrinam
1642 3000 1659 3028 ‚
1709 2969 1871 3030 quae
1921 2953 2183 3015 duorum

209 3046 359 3101 ante
398 3056 538 3101 sors
573 3040 799 3115 fuerat,
844 3040 947 3100 Cn.
978 3038 1231 3100 Fulvius
1257 3038 1519 3098 Flaccus
1548 3037 1865 3113 Apuliam,
1912 3037 1973 3097 C.
2008 3037 2182 3098 Clau-

211 3122 358 3185 dius
386 3124 548 3185 Nero
581 3123 970 3199 Suessulam,
1013 3122 1097 3183 Μ.
1127 3122 1337 3184 Iunius
1368 3120 1619 3183 Silanus
1643 3122 1901 3183 Tuscos.
1958 3136 2183 3182 consu·

209 3207 377 3268 libus
421 3208 647 3269 bellum
687 3224 826 3269 cum
849 3206 1192 3268 Hannibale
1232 3214 1297 3267 et
1333 3204 1519 3265 binae
1560 3206 1835 3281 legiones
1867 3202 2182 3264 decretae=

211 3293 369 3354 alter
409 3308 448 3352 a
490 3289 555 3365 Q.
587 3292 779 3353 Fabio
821 3291 1159 3367 superioris
1204 3290 1345 3349 anni
1387 3290 1671 3362 consule,
1712 3288 1864 3348 alter
1902 3302 1941 3348 a
1966 3286 2183 3348 Fulvio

212 3375 572 3438 Centumalo
603 3377 928 3453 acciperet.
995 3381 1349 3451 praetorum
1377 3372 1572 3433 Fulvii
1598 3370 1835 3446 Flacci,
1884 3386 2046 3447 quae
2070 3368 2184 3431 Lu-

212 3458 423 3521 ceriae
463 3459 582 3520 sub
622 3459 886 3522 Aemilio
929 3464 1242 3536 praetore,
1295 3455 1556 3518 Neronis
1600 3453 1865 3532 claudii,
1920 3471 2080 3532 quae
2122 3452 2182 3513 in
