2550 3959
597 182 831 244 LIBER
854 182 1070 245 XXVI.
1117 182 1284 243 CAP.
1315 189 1404 245 40.
1437 190 1521 245 ιιι.
1568 190 1640 257 [a.
1665 188 1728 241 c.
1752 190 1881 257 210]
2087 182 2207 248 147

236 332 451 395 cessit.
516 338 701 409 atque
729 331 851 405 ille,
882 346 1021 392 cum
1052 330 1106 390 ei
1138 331 1454 392 multitudo
1485 332 1678 393 maior
1709 350 1894 409 quam
1921 334 2207 412 Numida·

237 434 369 479 rum
388 416 611 495 procui
633 414 769 475 visa
791 422 851 476 et
871 414 1100 475 clamor
1114 414 1430 478 Romanus
1455 416 1938 493 haudquaquam
1961 419 2204 495 ignotus

238 502 319 563 ad
346 516 531 563 aures
562 498 908 575 accidisset,
952 498 1312 575 priusquam
1341 500 1422 561 ad
1452 500 1634 562 ictum
1665 501 1765 561 teli
1794 502 2058 578 veniret,
2105 520 2205 565 ca·-

238 586 456 663 pessit
488 584 709 660 sugam.
794 599 906 660 per
954 598 1237 643 aversam
1274 590 1516 660 portam
1561 586 1824 646 emissus
1875 587 2204 663 adsumpto

240 670 460 732 comite
488 667 769 747 Epicyde
810 682 947 727 cum
988 666 1203 743 paucis
1246 668 1328 728 ad
1357 684 1523 729 marc
1567 670 1874 745 pervenit;
1920 672 2204 747 nactique

240 760 583 833 opportune
624 767 883 829 parvum
912 750 1250 827 navigium,
1297 752 1506 813 relicta
1532 753 1814 816 hostibus
1845 752 2080 831 Sicilia,
2125 756 2205 815 de

240 854 360 913 qua
388 854 502 915 per
531 842 617 897 tot
657 852 855 897 annos
886 841 1177 896 certaturn
1208 842 1371 911 erat,
1415 838 1475 896 in
1504 837 1777 899 Africam
1818 840 2202 900 traiecerunt.

238 922 359 983 alia
398 920 719 981 multitudo
746 918 1090 983 Poenorum
1120 920 1594 1017 Siculorumque
1634 938 1713 983 ne
1747 930 2040 1003 temptato
2073 925 2205 999 qui·

238 1008 378 1067 dem
422 1004 749 1067 certamine
792 1020 931 1069 cum
973 1002 1141 1065 caeci
1192 1002 1255 1063 in
1297 1006 1501 1081 fugam
1541 1013 1816 1082 ruerent,
1883 1008 2204 1085 clausique

236 1090 435 1151 exitus
468 1094 703 1164 essent,
743 1088 907 1150 circa
934 1095 1144 1167 portas
1176 1103 1381 1153 caesa.
1445 1090 1677 1167 oppido
1706 1098 1957 1167 recepto
1985 1093 2202 1153 Laevi-

238 1190 372 1249 nus,
406 1174 507 1248 qui
532 1172 733 1250 capita
753 1188 957 1233 rerum
978 1172 1294 1252 Agrigenti
1318 1181 1506 1250 erant,
1537 1174 1728 1249 virgis
1753 1190 1975 1237 caesos
2000 1178 2203 1238 securi

225 1256 575 1354 percussit,
621 1262 859 1321 ceteros
901 1258 1322 1335 praedamque
1370 1220 1676 1331 ven'clidit;
1731 1274 1974 1320 omnem
2017 1276 2200 1337 pecu-

225 1339 399 1401 niam
427 1341 681 1403 Romam
711 1340 892 1405 misit.
956 1342 1119 1402 fama
1144 1302 1678 1419 Agrigentinorum
1708 1343 1903 1405 cladis
1932 1343 2201 1405 Siciliam

236 1442 373 1487 cum
414 1426 824 1503 pervasisset,
871 1426 1075 1487 omnia
1114 1432 1366 1525 repente
1400 1427 1481 1487 ad
1508 1428 1824 1489 Romanos
1868 1426 2200 1490 inclinave-

236 1516 395 1571 runt.
451 1510 695 1586 prodita
722 1509 893 1579 brevi
924 1517 1065 1571 sunt
1092 1510 1302 1586 viginti
1334 1511 1583 1589 oppida,
1616 1528 1729 1573 sex
1755 1512 1818 1573 vi
1849 1520 2058 1591 capta3
2093 1528 2200 1574 vo-

237 1594 497 1655 luntaria
524 1594 833 1655 deditione
860 1594 923 1655 in
943 1594 1131 1655 fidem
1157 1601 1456 1656 venerunt
1482 1597 1563 1655 ad
1587 1596 2006 1675 quadraginta.
2053 1613 2200 1674 qua-

236 1694 368 1739 rum
390 1676 720 1741 civitatium
733 1676 1114 1755 principibus
1137 1693 1273 1739 cum
1293 1696 1405 1756 pro
1431 1680 1729 1755 cuiusque
1741 1682 1957 1743 merito
1983 1682 2200 1742 consul

234 1763 431 1839 pretia
454 1777 815 1841 poenasque
838 1762 1227 1835 exsolvisset,
1261 1764 1694 1841 coegissetque
1709 1762 1954 1826 Siculos
1981 1766 2200 1841 positis

240 1848 488 1909 tandem
516 1846 702 1908 armis
732 1846 813 1911 ad
840 1862 1057 1923 agrum
1086 1846 1415 1909 colendum
1442 1848 1682 1909 animos
1715 1856 2092 1927 convertere,
2135 1858 2200 1910 ut

236 1939 408 1993 esset
436 1946 560 1993 non
590 1932 927 1994 incolarum
954 1930 1141 1993 modo
1171 1930 1474 1993 alimentis
1504 1932 1795 2009 frugifera
1822 1933 2040 2011 insula,
2085 1934 2200 1995 sed

236 2016 407 2077 urbis
434 2008 669 2077 Romae
710 2022 895 2091 atque
923 2015 1163 2093 Italiae,
1206 2016 1271 2078 id
1303 2017 1470 2093 quod
1510 2018 1716 2079 multis
1749 2032 1939 2095 saepe
1967 2026 2171 2095 tempe

238 2098 499 2161 statibus
528 2098 775 2175 fecerat,
810 2114 1113 2161 annonam
1141 2102 1390 2177 levaret,
1421 2102 1499 2163 ab
1527 2094 1890 2182 Agathyrna
1918 2102 2198 2165 incondi-

234 2192 357 2245 tam
398 2183 839 2247 multitudinem
878 2200 1087 2246 secum
1127 2184 1187 2243 in
1217 2186 1449 2245 Italiam
1487 2187 1844 2249 transvexit.
1917 2194 2199 2264 quattuor

232 2269 400 2330 milia
438 2266 752 2331 hominum
792 2274 991 2342 erant,
1034 2268 1207 2330 mixti
1236 2284 1316 2330 ex
1346 2270 1508 2330 omni
1540 2270 1887 2332 colluvione
1927 2272 2196 2345 exsules,

232 2352 537 2428 obaerati,
597 2352 883 2429 capitalia
924 2351 1060 2415 ausi
1103 2352 1410 2429 plerique,
1466 2360 1526 2414 et
1567 2369 1706 2415 cum
1747 2355 1808 2414 in
1851 2354 2198 2417 civitatibus

232 2436 365 2498 suis
407 2452 483 2499 ac
511 2436 625 2498 sub
655 2434 890 2513 legibus
920 2437 1231 2512 vixerant,
1274 2445 1334 2499 et
1365 2444 1695 2515 postquam
1733 2452 1844 2499 eos
1889 2452 1968 2497 ex
2012 2440 2198 2499 variis

232 2520 445 2583 causis
472 2520 717 2583 fortuna
746 2520 960 2583 similis
992 2520 1472 2597 conglobaverat
1499 2520 1940 2599 Agathyrnam,
1970 2538 2084 2599 per
2115 2522 2198 2581 la-

231 2604 493 2667 trocinia
532 2621 607 2666 ac
644 2605 923 2682 rapinam
964 2604 1297 2668 tolerantes
1343 2604 1546 2668 vitam.
1612 2605 1730 2666 hos
1772 2620 1978 2682 neque
2015 2606 2198 2666 relin-

232 2706 427 2766 quero
454 2688 759 2751 Laevinus
801 2689 864 2749 in
904 2690 1106 2751 insula
1132 2696 1257 2751 tum
1299 2690 1560 2765 primum
1600 2706 1766 2751 nova
1805 2706 1960 2769 pace
1997 2692 2200 2751 coale-

230 2780 446 2835 scente
456 2772 623 2835 velut
644 2774 956 2835 materiam
977 2774 1284 2836 novandis
1305 2772 1492 2834 rebus
1509 2774 1658 2835 satis
1678 2779 1868 2837 tutum
1890 2780 2058 2836 ratus
2084 2780 2194 2849 est,

229 2866 293 2919 et
308 2856 556 2934 Reginis
579 2858 717 2919 usui
741 2856 921 2919 futuri
946 2864 1117 2921 erant
1136 2860 1217 2921 ad
1239 2857 1656 2936 populandum
1669 2857 1966 2919 Bruttium
1988 2874 2200 2933 agrum

228 2943 553 3003 adsuetam
607 2941 939 3003 latrociniis
984 2942 1418 3017 quaerentibus
1465 2958 1725 3003 manum.
1807 2950 1866 3005 et
1909 2942 2077 3021 quod
2117 2942 2200 3003 ad

228 3024 502 3087 Siciliam
529 3026 756 3102 attinet,
798 3041 873 3087 eo
904 3041 1066 3087 anno
1098 3026 1466 3087 debellatum
1495 3034 1606 3087 est.

400 3108 550 3169 XLI.
606 3110 674 3171 In
700 3110 999 3188 Hispania
1027 3110 1330 3186 principio
1361 3111 1525 3171 veris
1552 3110 1614 3169 P.
1649 3109 1891 3187 Scipio,
1937 3109 2197 3172 navibus

226 3190 515 3255 deductis
558 3195 957 3270 evocatisque
997 3193 1197 3257 edicto
1226 3194 1630 3254 Tarraconem
1673 3192 1983 3257 sociorum
2023 3193 2197 3255 auxi-

226 3276 349 3352 liiS,
381 3278 644 3339 classem
678 3277 1119 3353 onerariasque
1148 3278 1371 3338 ostium
1399 3278 1542 3338 inde
1556 3276 1764 3337 Hiberi
1791 3276 2058 3340 fluminis
2089 3295 2195 3358 pe-

225 3369 362 3423 tere
400 3363 585 3425 iubet.
662 3362 883 3425 eodem
923 3360 1200 3438 legiones
1254 3376 1333 3421 ex
1373 3360 1643 3421 hiberms
1686 3360 2019 3424 convenire
2061 3379 2196 3425 cum

225 3444 535 3521 iussisset,
561 3446 697 3525 ipse
720 3464 855 3508 cum
874 3446 1145 3524 quinque
1164 3444 1406 3506 milibus
1429 3444 1739 3507 sociorum
1751 3446 1837 3571 ab
1853 3448 2193 3513 Tarracone
