2550 3959
354 222 477 289 116
724 224 955 286 LIBER
981 223 1194 284 XXVI.
1240 223 1408 283 cAP.
1433 232 1518 286 13.
1563 229 1619 297 [a
1638 227 1709 282 U.
1730 246 1780 283 e.
1803 232 1905 287 541
1914 226 1936 294 ]

348 381 481 458 quit
504 394 681 454 „eam
708 378 1085 439 deditionem
1110 376 1245 437 sore
1272 375 1558 449 censetiS,
1591 390 1715 451 qua
1743 375 2075 451 quondam,
2105 384 2171 438 ut
2199 378 2314 439 ad·

347 480 569 525 versus
600 461 905 523 Samnites
946 460 1237 521 auxilium
1279 458 1772 535 impetraremus,
1813 474 1934 520 nos
1974 468 2315 536 nostraque

348 547 553 609 omnia
578 545 871 607 Romanis
902 543 1290 604 dedidimus?
1331 543 1451 601 iam
1479 558 1516 603 e
1541 542 1836 603 memoria
1862 545 2148 619 excessit,
2181 561 2312 620 quo

347 639 623 707 tempore
650 635 712 689 et
737 629 799 689 in
824 644 948 704 qua
970 628 1217 691 fortuna
1242 642 1282 686 a
1303 628 1535 703 populo
1550 625 1831 687 Romano
1859 628 2314 689 defecerimus?

347 717 484 787 iam,
518 728 701 788 quem
726 712 809 773 ad
830 712 1081 773 modum
1108 712 1171 771 in
1201 708 1546 773 defectione
1575 711 1970 787 praesidium,
2001 712 2174 789 quod
2193 727 2311 788 po·

347 805 501 859 terat
527 796 733 871 emitti,
769 811 881 872 per
908 794 1241 857 cruciatum
1272 801 1332 854 et
1359 795 1440 855 ad
1471 794 1898 859 contumellam
1922 794 2313 858 neem-imus?

346 882 633 956 quotiens
672 880 735 939 iu
775 878 1133 939 obsidentes
1165 894 1351 953 quam
1393 878 1616 938 inimici
1651 879 2062 955 eruperimus,
2104 886 2313 940 eastra

346 964 847 1041 oppugnarimus,
877 962 1277 1024 Hannibalem
1297 962 1726 1023 vocaveriums
1751 962 1832 1023 ad
1861 964 2308 1040 opprimendos

343 1056 501 1109 eos?
541 1049 680 1122 hoe,
712 1048 883 1123 quod
907 1047 1396 1108 recentissimum
1424 1052 1536 1122 est,
1569 1046 1652 1107 ad
1681 1048 2162 1123 oppugnandam
2180 1048 2310 1109 Ro-

346 1148 505 1193 mam
528 1132 671 1193 hinc
700 1148 841 1193 eum
859 1132 1251 1193 miserimus?
1291 1146 1406 1206 age
1429 1136 1658 1201 eontra,
1691 1146 1852 1205 quae
1880 1131 1966 1191 illi
1991 1132 2214 1193 infeste
2240 1131 2308 1192 in

346 1232 463 1277 nos
504 1216 786 1292 fecerint,
830 1217 1115 1293 repetite,
1160 1221 1228 1276 ut
1269 1230 1350 1275 ex
1389 1230 1466 1275 eo
1511 1214 1660 1290 quid
1701 1215 1966 1291 speretis
2003 1214 2309 1278 habeatis.

346 1316 485 1361 eum
523 1300 720 1362 hostis
749 1301 1095 1375 alienigena
1129 1300 1191 1359 in
1218 1299 1392 1359 Italia
1419 1306 1616 1371 esset,
1657 1305 1720 1360 et
1745 1299 2046 1361 Hannibal
2085 1300 2308 1377 hostiS,

350 1390 413 1444 et
440 1392 659 1445 cuneta
684 1384 850 1445 bello
880 1384 1195 1458 ardentm,
1240 1383 1490 1444 omissis
1532 1383 1846 1456 omnibus,
1893 1384 2131 1445 omisso
2159 1384 2306 1460 ipso

343 1468 681 1527 Hannibale
709 1468 890 1528 ambo
920 1470 1212 1528 eonsules
1240 1474 1302 1527 et
1328 1468 1456 1529 duo
1485 1468 1844 1530 consulares
1887 1469 2194 1529 exereitus
2221 1470 2309 1531 ad

345 1551 617 1625 Capuam
644 1550 1125 1627 oppugnandam
1154 1550 1466 1612 miserunt.
1509 1552 1763 1626 alterum
1793 1566 2020 1613 annum
2049 1552 2308 1613 eircum-

341 1636 605 1695 vallatos
632 1636 1033 1710 inclusosque
1060 1651 1183 1695 nos
1202 1637 1362 1695 fame
1391 1642 1716 1709 macerant,
1750 1641 1812 1695 et
1833 1636 1954 1711 ipsi
1981 1634 2308 1697 nobiseum

342 1718 552 1779 ultima
590 1719 863 1795 pericula
900 1735 975 1779 ae
1016 1720 1422 1796 gravissimos
1463 1718 1712 1780 labores
1762 1722 2081 1796 perpessi,
2137 1720 2308 1781 eirea

340 1804 567 1863 vallum
608 1819 682 1863 ae
712 1804 918 1864 fossas
947 1819 1141 1879 saepe
1166 1804 1481 1878 trneidati,
1513 1811 1587 1863 ·et
1611 1819 1810 1880 prope
1846 1804 1928 1865 ad
1967 1813 2305 1867 extremum

341 1887 560 1948 eastris
596 1888 783 1949 exuti.
850 1888 964 1947 sed
1007 1888 1217 1948 omitto
1260 1887 1445 1947 haec=
1487 1894 1667 1948 vetus
1711 1893 1900 1964 atque
1939 1889 2162 1953 usitata
2196 1904 2304 1949 res

340 1979 435 2032 est
462 1972 523 2031 in
553 1972 971 2046 oppugnanda
998 1971 1265 2032 hostium
1293 1972 1448 2031 urbe
1477 1971 1724 2032 labores
1753 1986 1826 2033 ae
1855 1973 2126 2048 pericula
2152 1973 2304 2049 pati.

340 2053 489 2114 illud
519 2054 645 2115 irae
672 2063 858 2130 atque
888 2054 1014 2114 odii
1042 2054 1436 2130 inexpiabilis
1461 2054 1984 2131 exsecrabilisque
2011 2056 2304 2117 indicium

339 2145 453 2198 est.
516 2138 819 2198 Hannibal
856 2138 1207 2214 ingentibus
1234 2140 1434 2214 copiis
1464 2140 1736 2215 peditum
1776 2140 2169 2217 equitumque
2197 2155 2304 2199 ω-

339 2227 467 2281 stra
508 2223 890 2297 oppugnavit
930 2230 993 2283 et
1028 2238 1109 2282 ex
1150 2229 1325 2299 parte
1365 2224 1558 2299 sepite
1626 2230 1792 2283 tanto
1836 2224 2108 2299 periculo
2151 2224 2305 2284 nibil

338 2305 482 2365 moti
524 2313 665 2367 sunt
692 2306 770 2365 ab
812 2306 1155 2368 obsidione.
1223 2308 1538 2384 profectus
1567 2313 1736 2367 trans
1763 2308 2129 2369 Vulturnum
2156 2324 2298 2384 per-

339 2389 495 2449 ussit
523 2389 813 2450 Calenum
852 2406 1094 2465 agmen
1140 2390 1287 2450 nihil
1317 2396 1486 2451 tanta
1511 2391 1824 2451 sociorum
1852 2392 2030 2452 clade
2057 2394 2304 2453 avocati

336 2479 495 2534 sunt.
558 2474 638 2534 ad
670 2474 871 2550 ipsam
911 2475 1129 2535 urbem
1154 2477 1414 2538 Romam
1443 2475 1666 2539 infesta
1694 2476 1872 2551 signa
1903 2476 2044 2535 ferri
2083 2476 2299 2538 iussit=

336 2571 472 2617 eam
503 2574 753 2633 quoque
780 2565 1205 2635 tempestatem
1233 2559 1645 2621 imminentem
1675 2566 2060 2636 spreverunt.
2099 2567 2302 2622 trans·-

334 2654 589 2713 gressus
618 2641 921 2701 Anienem
953 2658 1193 2703 amnem
1220 2644 1337 2703 tria
1365 2642 1530 2703 milia
1557 2658 1857 2718 passuum
1884 2643 1960 2703 ab
2001 2643 2158 2705 urbe
2197 2660 2302 2706 ea-

336 2730 463 2785 stra
491 2724 717 2799 posuit,
750 2732 1063 2801 postremo
1094 2727 1175 2786 ad
1203 2727 1448 2786 moenia
1475 2726 1616 2802 ipsa
1643 2734 1706 2788 et
1733 2727 1815 2788 ad
1842 2734 2058 2803 portas
2084 2744 2299 2789 acees-

332 2807 443 2879 sit,
484 2808 743 2869 Romam
771 2824 842 2868 se
870 2810 1294 2885 adempturum
1321 2810 1442 2882 eis,
1487 2810 1606 2870 nisi
1635 2810 1978 2871 omitterent
2005 2811 2296 2887 Capuam,

334 2892 631 2953 ostenditz
674 2906 798 2951 non
829 2892 1182 2954 omiserunt.
1246 2894 1410 2955 feras
1440 2893 1702 2969 bestias,
1747 2910 1933 2955 caeco
1965 2896 2196 2972 impetu
2222 2911 2298 2956 ae

329 2973 501 3041 rabie
524 2974 880 3049 concitatas,
912 2975 967 3035 si
986 2975 1068 3036 ad
1092 2975 1320 3038 cubilia
1343 2982 1406 3038 et
1433 2979 1670 3038 catulos
1699 2993 1910 3051 earum
1936 2979 2026 3039 ire
2045 2994 2296 3056 pergas,

332 3054 415 3115 ad
444 3071 627 3131 opem
654 3057 787 3117 suis
812 3059 1129 3120 ferendam
1157 3069 1431 3122 avertas=
1473 3062 1792 3123 Romanos
1811 3063 2010 3123 Roma
2037 3064 2296 3125 eircum-

331 3154 543 3213 sessa,
588 3140 883 3217 coniuges
925 3142 1128 3218 liberi,
1174 3160 1435 3220 quorum
1466 3146 1744 3222 ploratus
1770 3146 1914 3207 hine
1946 3162 2148 3223 prope
2186 3164 2296 3209 ex-

332 3223 759 3299 audiebantur,
806 3243 951 3289 arae
980 3228 1131 3301 soei,
1176 3229 1361 3290 deum
1391 3228 1644 3290 delubra
1672 3232 1960 3307 sepulcra
1995 3231 2295 3293 maiorum

329 3313 621 3369 temerata
660 3325 735 3371 ae
762 3311 993 3372 violata
1022 3330 1061 3372 a
1088 3312 1300 3387 Capua
1325 3330 1450 3373 non
1481 3320 1858 3375 avertet-unu
1901 3322 2070 3375 tanta
2095 3315 2294 3377 avidi-

326 3397 423 3451 tas
466 3392 752 3469 supplicii
791 3395 1151 3471 expetendi,
1188 3403 1356 3457 tanta
1394 3396 1708 3472 sanguinis
1737 3398 1930 3459 nostri
1969 3398 2291 3459 haurIendi

329 3479 426 3535 est
465 3475 622 3537 sitis.
682 3492 801 3538 neo
840 3477 1061 3540 iniuria
1086 3479 1372 3541 forsitam
1412 3496 1529 3541 nos
1561 3496 1812 3556 quoque
1837 3482 2002 3542 idem
2030 3481 2290 3545 fecisse-

2543 505 2545 597 Ι
