2550 3959
376 201 499 265 288
716 198 949 261 Lmen
974 198 1183 260 xx1x.
1227 197 1394 257 CAP.
1421 205 1475 260 s.
1505 204 1558 259 9.
1600 197 1676 273 [2.
1700 202 1774 257 υ.
1797 220 1843 254 0.
1869 197 1996 263 ⁵⁴⁷]

374 358 585 418 urbem
614 356 856 427 relicto,
904 370 1041 414 cum
1072 351 1293 428 quibus
1323 357 1577 410 venerat
1611 349 1809 424 copiis
1841 350 2194 409 Messanam
2219 359 2345 413 tra-

374 442 529 502 iecit.

542 524 630 584 lta
661 520 928 599 superbe
958 529 1016 581 et
1045 519 1370 579 crudeliter
1396 516 1584 577 habiti
1607 516 1953 577 Locrenses
1983 512 2060 575 ab
2093 516 2344 579 Cartha·

372 607 757 684 giniensibus
786 613 932 681 post
959 604 1365 663 defectionem
1395 599 1470 660 ab
1499 601 1792 661 Romanis
1823 602 2077 675 fuerant,
2117 609 2181 661 ut
2209 618 2336 662 mo·

375 694 547 753 dieas
600 690 852 751 iniurias
904 703 1027 749 non
1077 701 1277 762 aequo
1328 685 1515 746 modo
1569 685 1772 743 animo
1815 684 1941 760 pati
1983 685 2098 744 sed
2139 701 2343 761 prope

370 776 581 837 libenti
628 780 913 850 possent=
953 787 1163 832 verum
1204 770 1368 830 enim
1413 784 1560 829 vero
1603 774 1834 828 tantum
1861 767 2188 829 Pleminius
2218 768 2341 830 Ha-

372 860 681 920 milcarem
707 854 997 933 praesidii
1028 855 1420 931 praesectum,
1447 860 1678 913 tantum
1705 851 2089 929 praesidiarii
2118 853 2342 915 milites

374 941 634 1004 Romani
676 940 920 1002 Poenos
964 940 1197 1001 scelere
1238 944 1424 1013 atque
1463 936 1720 996 avaritia
1757 945 2228 1012 superaverunt,
2272 945 2343 999 ut

372 1042 497 1087 non
527 1025 713 1086 armis
737 1024 851 1085 sed
874 1022 1038 1085 vitiis
1066 1022 1378 1083 videretur
1405 1021 1642 1081 certari.
1685 1020 1833 1081 nihil
1863 1021 2148 1097 omnium,
2177 1038 2344 1097 quae

374 1110 543 1186 inopi
584 1108 817 1171 invisas
860 1123 1015 1184 opes
1046 1104 1406 1183 potentioris
1438 1105 1696 1178 faciunt,
1739 1104 2234 1180 praetermissum
2275 1106 2340 1165 in

377 1194 727 1270 oppidanos
769 1199 865 1253 est
902 1192 981 1253 ab
1011 1192 1167 1253 duee
1208 1197 1311 1251 aut
1339 1206 1376 1249 a
1403 1188 1720 1249 militibus=
1763 1188 1824 1248 in
1867 1204 2130 1265 corpora
2167 1190 2340 1265 ipso-

374 1295 525 1351 rum,
568 1278 631 1338 in
658 1276 908 1351 liberos,
952 1276 1016 1335 in
1046 1274 1340 1349 coniuges
1371 1271 1660 1333 infandae
1689 1274 2088 1334 contumeliae
2114 1273 2340 1335 editae.

375 1378 514 1423 nam
555 1360 811 1421 avaritia
850 1376 931 1421 ne
970 1374 1288 1421 sacrorum
1332 1357 1579 1433 quidem
1621 1356 1988 1432 spoliatione
2029 1356 2338 1431 abstinuit,

376 1460 491 1505 nee
521 1447 643 1505 alia
670 1445 858 1506 modo
888 1445 1116 1518 templa
1142 1442 1399 1516 violata,
1443 1441 1558 1501 sed
1585 1440 1990 1519 Proserpinae
2025 1441 2204 1501 etiam
2247 1441 2340 1501 in-

375 1530 516 1588 taeti
562 1530 725 1589 omni
766 1534 964 1588 aetate
1004 1526 1306 1601 thesauri,
1349 1532 1773 1601 praeterquam
1805 1526 1976 1601 quod
2017 1541 2054 1583 a
2079 1524 2340 1604 Pyrrho,

378 1613 483 1689 qui
526 1628 662 1673 eum
703 1626 924 1685 magno
969 1610 1211 1687 piaculo
1254 1609 1558 1685 sacrilegii
1597 1608 1694 1670 sui
1735 1610 2053 1670 manubias
2088 1610 2340 1685 muniit,

375 1694 621 1772 spoliati
658 1694 1035 1757 dicebantur.
1098 1710 1245 1770 ergo
1274 1694 1438 1755 sieut
1477 1700 1618 1754 ante
1650 1692 1858 1769 regiae
1885 1708 2076 1753 naves
2105 1692 2338 1754 lacera-

374 1788 471 1841 tae
497 1778 831 1856 naufragiis
854 1779 1002 1839 nihil
1029 1779 1091 1838 in
1113 1785 1338 1839 terram
1365 1778 1581 1853 integri
1611 1784 1855 1853 praeter
1883 1792 2122 1837 sacram
2150 1793 2340 1854 poeu-

374 1864 536 1924 niam
577 1864 761 1937 deae,
806 1878 990 1938 quam
1034 1862 1459 1939 asportabant,
1505 1862 1874 1935 extulerant,
1917 1868 2044 1922 tum
2085 1878 2340 1939 quoque

374 1948 491 2009 alio
536 1963 761 2022 genere
803 1946 995 2007 eladis
1037 1948 1255 2007 eadem
1297 1946 1400 2006 illa
1429 1946 1690 2022 pecunia
1727 1944 2010 2007 omnibus
2040 1948 2340 2007 contactis

372 2047 448 2090 ea
476 2031 807 2092 violatione
826 2031 1037 2105 templi
1066 2032 1334 2090 furorem
1364 2029 1602 2103 obiecit,
1633 2037 1817 2105 atque
1845 2030 1999 2091 inter
2025 2046 2098 2091 se
2111 2032 2340 2092 ducem

372 2114 435 2173 in
464 2114 702 2187 ducem,
734 2114 982 2174 militem
1007 2114 1071 2175 in
1099 2114 1346 2175 militem
1372 2113 1544 2174 rabie
1569 2113 1780 2175 hostili
1799 2115 1998 2175 vertit.
2041 2115 2140 2175 IX.
2171 2132 2334 2177 sum-

374 2212 509 2258 mae
547 2197 637 2259 rei
674 2197 1001 2259 Pleminius
1032 2204 1342 2274 praeeratz
1391 2198 1644 2259 militum
1673 2212 1818 2274 pars
1847 2198 1964 2259 sub
2000 2214 2107 2272 eo,
2153 2216 2340 2275 quam

380 2281 513 2357 ipse
553 2282 631 2343 ab
661 2282 853 2358 Regio
896 2282 1263 2356 abduxerat,
1307 2298 1454 2359 pars
1492 2281 1608 2343 sub
1649 2281 1906 2342 tribunis
1948 2290 2096 2344 erat.
2159 2292 2339 2359 rapto

380 2367 601 2441 poculo
635 2374 925 2443 argenteo
954 2382 1035 2426 ex
1068 2365 1363 2442 oppidani
1383 2365 1568 2427 domo
1582 2365 1854 2427 Pleminii
1876 2367 2051 2428 miles
2075 2367 2338 2444 fugienS,

376 2450 775 2526 sequentibus
812 2467 1067 2527 quorum
1096 2458 1254 2525 erat,
1302 2449 1522 2513 obvius
1552 2451 1707 2512 forte
1735 2450 1950 2526 Sergio
1981 2458 2042 2511 et
2070 2451 2338 2514 Matieno

370 2531 627 2596 tribunis
650 2535 901 2595 militum
924 2535 1063 2606 fuit3
1098 2536 1193 2595 eui
1216 2550 1355 2594 eum
1383 2534 1560 2597 iussu
1580 2534 1958 2597 tribunorum
1985 2536 2338 2613 ademptum

374 2618 660 2692 poculum
688 2625 884 2691 esset,
929 2617 1189 2694 iurgium
1216 2618 1362 2678 inde
1386 2624 1448 2679 et
1477 2620 1732 2692 elamor,
1778 2635 1983 2695 pugna
2023 2626 2336 2697 postremo

372 2708 504 2761 orta
530 2700 687 2761 inter
710 2698 983 2762 Pleminii
1010 2702 1231 2763 milites
1259 2701 1781 2779 tribunorumque,
1814 2711 1878 2764 ut
1906 2705 2037 2765 suis
2067 2704 2339 2780 quisque

375 2796 412 2845 a
417 2802 455 2860 p
462 2792 759 2861 portunus
800 2785 1163 2860 advenerat,
1206 2786 1586 2848 multitudine
1615 2786 1794 2848 simul
1823 2802 1896 2847 ae
1924 2789 2176 2849 tumultu
2203 2804 2335 2850 ere-

370 2875 600 2929 seente.
655 2870 799 2930 vieti
824 2856 1095 2931 Pleminii
1126 2870 1346 2931 milites
1375 2886 1513 2931 eum
1541 2872 1622 2931 ad
1645 2870 2018 2946 Pleminium,
2051 2887 2333 2933 eruorem

373 2967 447 3012 ae
473 2954 726 3012 vulnera
769 2959 1178 3028 ostentanteS,
1218 2972 1342 3016 non
1385 2954 1520 3015 sine
1547 2955 1985 3017 vociferatione
2023 2963 2208 3032 atque
2242 2956 2336 3016 in-

370 3034 725 3110 dignatione
750 3039 1235 3113 concurrissent,
1280 3039 1508 3114 probra
1536 3040 1595 3099 in
1626 3055 1765 3101 eum
1793 3039 1996 3115 ipsum
2024 3039 2244 3102 iactata
2271 3041 2334 3101 in

374 3118 584 3196 iurgiis
614 3120 965 3197 referenteS,
1010 3138 1314 3184 aecensus
1343 3123 1435 3183 ira
1463 3124 1647 3185 domo
1677 3137 1823 3184 sese
1852 3124 2178 3201 proripuit,
2223 3141 2336 3183 vo-

370 3211 668 3281 catosque
707 3204 987 3267 tribunos
1030 3207 1247 3267 nudari
1276 3222 1352 3267 ao
1379 3206 1585 3281 virgas
1625 3206 1904 3283 expediri
1943 3208 2127 3289 iubet.
2190 3209 2333 3270 dam

372 3288 713 3364 spoliandis
743 3288 819 3351 iis
845 3318 931 3333 —·-
966 3290 1392 3367 repugnabant
1418 3290 1580 3352 enim
1609 3289 1984 3369 militumque
2010 3292 2198 3355 fidem
2223 3291 2334 3352 im-

370 3370 695 3447 plorabant
726 3406 799 3419 -—
848 3382 1088 3450 tempus
1130 3374 1370 3450 teritur,
1414 3381 1667 3451 repente
1705 3374 1925 3437 milites
1954 3376 2194 3438 feroces
2235 3392 2334 3437 re·

368 3455 528 3515 eenti
561 3455 816 3517 vietor-ia
844 3474 925 3519 ex
954 3457 1237 3519 omnibus
1268 3458 1441 3533 loeiS,
1482 3461 1650 3521 velut
1678 3459 1978 3521 adversus
2006 3458 2222 3521 hostes
2250 3461 2334 3521 ad
