2550 3959
368 244 494 309 314
663 243 889 303 LIBER
919 242 1127 303 XXIX.
1170 240 1336 302 CAP.
1365 250 1454 305 32.
1487 249 1574 304 33.
1620 248 1692 317 [a.
1724 246 1794 302 U.
1825 264 1873 300 c.
1903 249 2029 315 548]

367 398 541 459 cibus
570 396 873 469 utrimque
904 394 1185 455 obsessis
1213 393 1486 469 inclusit,
1529 390 1632 454 ubi
1662 394 1878 469 ingens
1909 395 2136 456 caedes
2161 395 2329 457 Mae-

362 482 656 543 suliorum
678 480 869 539 factas
896 476 1227 539 Masinissa
1250 492 1388 539 cum
1413 477 1854 553 quinquaginta
1869 478 2034 539 haud
2065 480 2330 555 amplius

362 564 667 642 equitibus
690 579 803 640 per
830 563 1138 623 anfractus
1160 561 1384 622 montis
1411 561 1657 636 ignotos
1687 562 2090 637 sequentibus
2114 578 2186 623 se
2213 564 2334 625 eri-

363 650 509 725 puit.
586 648 778 708 tenuit
814 653 1016 707 tamen
1058 644 1322 721 vestigia
1347 645 1578 718 Bucar,
1623 645 2013 722 adeptusque
2049 662 2187 707 eum
2219 663 2330 723 pa·

362 734 628 794 tentibus
658 746 853 808 prope
882 728 1174 805 Clupeam
1199 730 1414 791 urbem
1443 729 1678 804 campis
1706 729 1792 791 ita
1819 731 2234 805 circumvenit,
2263 740 2331 791 ut

363 823 606 893 praeter
629 820 913 891 quattuor
933 813 1173 887 equites
1202 828 1418 875 omnes
1443 813 1524 873 ad
1543 828 1730 875 unum
1757 812 2144 875 interficeret.
2191 829 2330 875 curn

362 902 435 961 iis
476 902 677 977 ipsum
723 913 973 975 quoque
1000 897 1396 959 Masinissam
1437 896 1712 957 saucium
1741 913 1940 974 prope
1981 914 2017 957 e
2045 898 2330 959 manibus

359 985 515 1045 inter
540 984 855 1044 tumultum
897 982 1133 1043 amisit.-
1183 983 1244 1041 in
1276 988 1612 1058 conspeetu
1649 987 1822 1043 erant
1849 982 2186 1057 fugientem
2231 984 2328 1042 ala

360 1066 629 1143 equitum
658 1066 947 1143 dispersa
972 1071 1100 1127 toto
1131 1081 1369 1143 campo,
1415 1064 1802 1142 quibusdam,
1843 1071 1911 1127 ut
1938 1073 2330 1127 occurrerent

360 1168 472 1227 per
537 1149 787 1227 obliqua
834 1149 1254 1226 tendentibus,
1321 1149 1594 1225 quinque
1654 1147 1868 1211 hostes
1933 1148 2327 1224 sequebatur.

286 1289 298 1299 .
358 1234 555 1296 amnis
584 1235 801 1311 ingens
830 1233 1131 1310 mugientes
1160 1234 1402 1309 accepit
1418 1264 1508 1277 —
1534 1248 1738 1307 neque
1765 1234 1925 1295 enim
1954 1240 2326 1309 cunctanter,

357 1327 423 1380 ut
452 1334 609 1396 quos
642 1319 838 1380 maior
863 1324 1062 1379 metus
1088 1325 1353 1393 urgeret,
1391 1316 1768 1377 immiserant
1795 1332 1996 1392 equos
2023 1348 2111 1363 -
2137 1316 2326 1393 rapti-

361 1418 483 1479 que
510 1403 747 1478 gurgite
774 1400 923 1464 etin
953 1400 1269 1476 obliquum
1299 1400 1574 1478 praelati.
1619 1399 1864 1463 duobus
1893 1401 1956 1461 in
1985 1408 2327 1478 conspectu

356 1486 623 1547 hostium
670 1489 732 1547 in
784 1485 1217 1562 praerapidum
1264 1482 1565 1561 gurgitem
1611 1482 1848 1547 haustis
1899 1484 2036 1561 ipse
2087 1487 2326 1561 perisse

358 1570 646 1631 creditus·
717 1574 779 1629 at
808 1570 929 1630 duo
958 1569 1179 1644 reliqui
1220 1569 1460 1645 equites
1491 1583 1628 1631 cum
1657 1584 1734 1629 eo
1763 1568 1919 1631 inter
1945 1567 2204 1644 virgulta
2232 1570 2323 1631 ul·

359 1654 599 1714 terioris
642 1653 815 1729 ripae
856 1661 1251 1715 emerserunt.
1317 1654 1372 1714 is
1415 1651 1556 1713 finis
1583 1652 1805 1713 Bucari
1847 1653 2150 1728 sequendi
2192 1653 2320 1726 suit,

362 1754 476 1798 nec
503 1738 739 1813 ingredi
762 1736 988 1799 flumen
1018 1753 1173 1799 auso
1203 1754 1320 1798 nec
1342 1735 1570 1798 habere
1598 1735 1867 1798 credenti
1896 1751 1970 1797 se
1997 1736 2120 1797 iam
2141 1753 2321 1813 quem

359 1829 735 1897 sequeretur.
800 1821 945 1882 inde
988 1838 1183 1883 vanus
1225 1828 1442 1883 auctor
1484 1820 1792 1897 absumpti
1831 1819 2200 1881 Masinissae
2239 1820 2322 1882 ad

358 1921 565 1981 regem
594 1905 803 1982 rediit,
846 1905 1147 1981 missique
1190 1906 1296 1979 qui
1325 1904 1746 1980 Carthaginem
1774 1903 2062 1979 gaudium
2105 1904 2320 1981 ingens

360 1988 732 2060 nuntiarent;
775 1994 1028 2064 totaque
1040 1990 1250 2049 Africa
1281 1989 1442 2049 fama
1470 1988 1680 2049 mortis
1694 1987 2061 2050 Masinissae
2089 1989 2319 2065 repleta

359 2074 525 2132 varie
554 2071 791 2133 animos
822 2071 1065 2133 adfecit.

523 2154 855 2216 Masinissa
906 2155 967 2215 in
1010 2156 1306 2231 spelunca
1355 2155 1596 2217 occulta
1644 2171 1780 2217 cum
1827 2155 2036 2215 herbis
2081 2168 2320 2217 curaret

356 2238 595 2313 vulnuS,
639 2239 901 2301 duorum
930 2239 1201 2316 equitum
1230 2238 1550 2300 latrocinio
1581 2253 1692 2313 per
1722 2239 1856 2299 dies
1887 2239 2122 2314 aliquot
2147 2238 2317 2301 vixit.

356 2322 458 2381 ubi
487 2322 747 2400 primum
770 2324 955 2385 ducta
983 2323 1235 2385 cicatrix
1256 2323 1508 2398 patique
1536 2337 1730 2398 posse
1755 2322 1888 2384 visa
1913 2322 2318 2399 iactationem,

357 2406 615 2467 audacia
654 2407 881 2482 ingenti
909 2407 1109 2483 pergit
1146 2406 1236 2467 ire
1264 2407 1348 2467 ad
1375 2422 1629 2483 regnum
1656 2406 2092 2483 repetendum3
2133 2413 2320 2482 atque

352 2488 415 2549 in
457 2491 597 2565 ipso
639 2490 854 2551 itinere
881 2490 1045 2551 haud
1074 2491 1217 2567 plus
1248 2488 1654 2565 quadraginta
1691 2489 2000 2565 equitibus
2043 2489 2316 2552 collectis

354 2588 492 2633 cum
523 2574 584 2633 in
612 2573 967 2648 Maesulios,
1013 2574 1215 2650 palam
1246 2574 1368 2634 iam
1397 2573 1536 2649 quis
1565 2579 1735 2635 esset
1762 2574 1986 2649 serens,
2023 2573 2314 2649 venisset,

352 2663 581 2717 tantum
611 2662 843 2718 motum
870 2671 1007 2717 cum
1038 2657 1251 2717 favore
1283 2656 1539 2732 pristino
1568 2663 1692 2718 tum
1723 2657 1949 2732 gaudio
1979 2655 2316 2733 insperato,

355 2740 521 2815 quod
552 2755 733 2816 quem
761 2738 1005 2816 perisse
1034 2739 1420 2803 crediderant
1444 2740 1809 2801 incolumem
1838 2740 2184 2813 cernebant,
2229 2742 2316 2803 l'e·

354 2824 463 2899 cit‚
500 2832 569 2886 ut
606 2823 765 2885 intra
804 2838 1037 2899 paucos
1082 2824 1217 2885 dies
1266 2839 1382 2884 sex
1422 2822 1588 2884 milia
1627 2823 1897 2899 peditum
1949 2832 2316 2887 armatorum

357 2913 641 2983 quattuor
683 2906 951 2983 equitum
1006 2907 1087 2968 ad
1127 2924 1265 2968 eum
1309 2907 1740 2979 convenirent,
1800 2908 2046 2984 iamque
2085 2924 2210 2969 non
2251 2908 2312 2968 in

352 2991 760 3066 possessione
800 2990 985 3051 modo
1030 2990 1265 3067 paterni
1295 2991 1465 3066 regni
1506 2996 1703 3065 esset,
1755 2990 1869 3052 sed
1897 2992 2077 3053 etiam
2107 2990 2314 3053 socios

355 3072 939 3149 Carthaginiensium
978 3074 1247 3151 populos
1274 3074 1914 3149 Masaesuliorumque
1955 3075 2114 3135 fines
2139 3106 2226 3120 -—
2248 3074 2315 3133 id

354 3157 661 3235 Syphacis
682 3172 936 3233 regnum
964 3164 1095 3219 erat
1114 3190 1199 3202 --
1219 3164 1509 3220 vastaret.
1553 3157 1700 3219 inde
1725 3156 1956 3219 irritato
1985 3157 2067 3219 ad
2088 3157 2312 3221 bellum

354 3240 674 3319 Syphace,
715 3242 870 3303 inter
896 3241 1117 3303 Cinam
1143 3240 1620 3318 Hipponemque
1646 3242 1708 3303 in
1736 3241 1897 3317 iugis
1940 3248 2317 3318 opportuno—

352 3341 484 3385 rum
516 3325 595 3386 ad
636 3325 841 3387 omnia
866 3324 1159 3387 montium
1189 3325 1489 3386 consedit.
1573 3324 1841 3387 xxxm.
1885 3326 2177 3386 maiorem
2207 3324 2316 3402 igi—

352 3415 449 3468 tur
478 3424 615 3469 eam
640 3424 770 3471 rem
800 3408 1060 3489 Syphax
1086 3415 1275 3483 ratuS,
1321 3424 1501 3484 quam
1532 3413 1599 3469 ut
1627 3424 1738 3484 per
1765 3408 2142 3485 praefectum
2171 3424 2314 3483 Qe—

353 3499 473 3565 ret,
530 3508 667 3555 cum
710 3493 835 3557 filio
876 3494 1095 3555 iuvene
1135 3527 1223 3543 —-
1259 3507 1484 3552 nomen
1522 3492 1815 3553 Vermina
1853 3497 1984 3553 erat
2018 3524 2104 3537 --
2142 3498 2318 3567 parte
