2550 3959
575 239 805 300 LIBER
834 239 1039 299 XXIX.
1090 239 1490 301 CA1³.29.30.
1537 246 1610 312 [a.
1643 245 1707 296 c.
1739 245 1862 311 204]
2068 237 2191 302 311

232 392 552 454 Oesalcem
600 391 1001 467 pergrandem
1052 396 1197 450 natu
1244 422 1332 433 -
1375 391 1456 452 ita
1507 408 1642 453 mos
1695 394 1858 469 apud
1901 393 2192 455 Numidas

230 482 325 537 est
352 507 439 517 --
467 476 763 551 pervenit.
804 474 973 535 haud
1001 476 1188 534 multo
1219 480 1366 551 post
1387 473 1646 537 Oesalce
1676 492 1924 552 quoque
1953 484 2190 537 mortuo

230 559 424 619 maior
462 574 541 618 ex
582 558 825 619 duobus
864 558 1006 620 filiis
1050 559 1182 619 eius
1226 560 1530 634 Capussa,
1589 576 1781 635 puero
1823 560 1902 619 ad
1942 561 2190 621 modum

230 645 454 717 altero,
498 648 817 716 paternum
858 642 1179 719 imperium
1221 643 1479 719 accepit.
1535 652 1802 705 ceterum
1830 660 1966 705 cum
1995 644 2190 719 magis

231 729 362 789 iure
389 725 587 801 gentis
612 743 794 803 quam
822 726 1177 787 auctoritate
1207 726 1363 787 inter
1385 742 1534 789 suos
1564 734 1670 789 aut
1693 727 1926 789 viribus
1959 726 2190 789 obtine-

230 818 323 871 ret
348 826 621 885 regnum,
660 810 890 871 exstitit
918 810 1556 885 quidamMazaetulus
1586 812 1850 885 nomine,
1894 826 2018 871 non
2046 810 2190 871 alie-

232 910 347 956 nus
390 894 687 968 sanguine
724 894 1005 969 regibuS‚
1072 894 1334 954 familiae
1376 910 1622 971 semper
1674 895 1954 956 inimicae
1998 909 2072 955 ac
2113 895 2192 955 de

228 978 483 1056 imperio
505 978 677 1038 varia
701 978 940 1039 fortuna
960 994 1099 1038 cum
1127 978 1203 1039 iis
1228 978 1480 1052 quitum
1510 978 1865 1040 obtinebant
1885 978 2190 1040 certantis·

163 1112 172 1123 .
229 1062 283 1123 is
328 1062 643 1122 concitatis
686 1061 1117 1138 popularibus,
1166 1062 1335 1137 apud
1365 1078 1522 1137 quos
1566 1062 1795 1123 invidia
1823 1078 2032 1138 regum
2063 1078 2190 1123 ma·

230 1162 389 1221 gnae
431 1146 801 1206 auctoritatis
842 1153 999 1219 erat,
1041 1146 1258 1207 castris
1305 1147 1503 1222 palam
1546 1146 1774 1223 positis.
1810 1147 2190 1207 descendero

227 1245 434 1305 regem
464 1228 525 1289 in
556 1229 750 1289 aciem
780 1245 852 1290 ac
881 1228 1171 1289 dimicare
1202 1230 1282 1289 de
1307 1245 1498 1305 regno
1533 1229 1750 1305 coegit.
1812 1231 1874 1291 in
1905 1246 1979 1291 eo
2009 1244 2191 1305 proe—

228 1314 311 1373 lio
346 1314 625 1389 Capussa
666 1328 805 1374 cum
846 1312 1048 1373 multis
1089 1314 1436 1390 principum
1476 1313 1726 1385 cecidit;
1765 1329 1919 1389 gens
1949 1314 2190 1373 Maesu-

229 1398 443 1457 liorum
472 1396 670 1458 omnis
696 1397 757 1458 in
788 1397 1090 1459 dicionem
1118 1398 1904 1475 imperiumqueMazaetuli
1936 1413 2190 1460 conces-

231 1481 329 1542 sit.
391 1481 561 1556 regio
588 1487 791 1544 tamen
820 1481 1065 1542 nomine
1106 1481 1424 1558 abstinuit,
1467 1488 1915 1558 contentusque
1943 1483 2190 1542 nomine

228 1566 473 1625 modico
522 1566 737 1625 tutoris
785 1582 1045 1641 puerum
1086 1565 1500 1640 Lacumazen,
1571 1567 1677 1642 qui
1724 1566 1932 1643 stirpis
1983 1566 2190 1641 regiae

232 1658 578 1725 supererat,
622 1664 831 1724 regem
858 1650 1148 1725 appellat.
1218 1650 1778 1725 Carthaginiensem
1807 1648 2073 1709 nobilem
2102 1650 2188 1708 se-

229 1734 479 1808 minam,
524 1733 757 1793 sororis
796 1733 983 1793 filiam
1010 1732 1399 1809 Hannibalis,
1447 1748 1606 1810 quae
1639 1734 1919 1809 proxime
1949 1731 2188 1793 Oesalci

230 1818 358 1893 reg-i
381 1825 570 1893 nupta
590 1818 803 1893 fuerat,
833 1816 1213 1878 matrimonio
1240 1816 1358 1877 sibi
1389 1818 1580 1893 iungit
1607 1832 1722 1892 spe
1737 1816 2188 1891 Carthaginien·

232 1903 387 1963 sium
416 1902 744 1977 societatiS,
774 1906 835 1962 et
862 1916 999 1962 cum
1022 1901 1312 1979 Syphace
1333 1900 1664 1978 hospitium
1687 1907 1994 1962 vetustum
2019 1901 2186 1974 lega·

231 1985 305 2045 tis
334 1985 541 2047 missis
567 1993 850 2057 renovat,
890 1985 1095 2046 omnia
1122 2001 1197 2046 ea
1224 1984 1450 2046 auxilia
1477 2000 1856 2061 praeparans
1886 1984 2187 2045 adversus

228 2069 637 2131 Masinissam.
742 2070 925 2131 XXX.
971 2077 1033 2132 et
1071 2069 1429 2142 Masinissa,
1485 2068 1694 2130 audita
1731 2075 1926 2129 morte
1969 2068 2186 2143 patrui,

230 2154 371 2213 dein
410 2169 564 2213 nece
604 2154 805 2215 fratris
848 2154 1169 2230 patrueliS,
1216 2170 1296 2213 ex
1322 2152 1621 2229 Hispania
1661 2153 1720 2212 in
1750 2150 2187 2213 Mauretaniam

228 2266 315 2281 --
352 2236 553 2296 Bucar
592 2252 667 2296 ea
707 2244 1071 2311 tempestate
1110 2253 1225 2297 rex
1253 2237 1604 2298 Maurorum
1646 2243 1776 2295 erat
1805 2269 1893 2281 —
1932 2234 2187 2295 traiecit.

228 2319 309 2378 ab
339 2334 413 2381 eo
446 2321 712 2395 supplex
740 2319 965 2381 infimis
994 2320 1282 2396 precibus
1311 2322 1606 2382 auxilium
1635 2320 1862 2394 itineri,
1901 2318 2186 2394 quoniam

230 2401 389 2463 bello
432 2418 555 2463 non
595 2408 861 2478 poterat,
906 2410 1192 2479 quattuor
1232 2405 1397 2465 milia
1434 2405 1785 2465 Maurorum
1827 2402 2187 2480 impetravit.

230 2500 367 2547 cum
407 2485 512 2559 iis,
557 2486 902 2562 praemisso
946 2487 1156 2548 nuntio
1187 2488 1267 2549 ad
1295 2496 1586 2564 paternos
1618 2502 1894 2561 suosque
1936 2486 2186 2559 amicOS,

229 2586 366 2629 cum
395 2571 473 2631 ad
503 2572 659 2632 fines
687 2570 858 2647 regni
888 2572 1292 2647 pervenisset,
1338 2572 1649 2648 quingenti
1676 2572 1865 2631 ferme
1891 2567 2190 2629 Numidae

229 2654 309 2715 ad
338 2670 477 2715 eum
508 2662 946 2716 convenerunt.
1018 2654 1199 2731 igitur
1224 2655 1454 2715 Mauris
1483 2655 1646 2729 inde,
1694 2654 1854 2715 sicut
1883 2666 2187 2715 convene·

226 2744 349 2814 rat,
387 2746 551 2799 retro
582 2739 662 2799 ad
688 2754 897 2815 regem
922 2739 1197 2799 remissis
1230 2754 1600 2814 quamquam
1641 2738 1952 2815 aliquanto
1993 2736 2191 2797 minor

228 2839 343 2899 spe
372 2821 708 2895 multitudo,
740 2838 857 2883 nec
884 2838 1021 2884 cum
1051 2839 1174 2899 qua
1200 2828 1428 2883 tantam
1456 2836 1586 2881 rem
1615 2821 1870 2899 adgredi
1903 2820 2050 2881 satis
2081 2834 2186 2879 au-

232 2906 430 2983 deret,
473 2912 869 2980 convenerat‚
914 2912 1083 2967 ratus
1122 2906 1366 2982 agendo
1399 2921 1472 2966 ac
1499 2904 1808 2968 moliendo
1837 2904 2004 2965 vires
2035 2917 2187 2979 quo·

232 3007 355 3065 que
381 2992 463 3051 ad
491 2990 795 3068 agendum
824 2990 1056 3066 aliquid
1088 2990 1501 3063 collecturum,
1534 2987 1947 3065 proficiscenti
1977 2988 2057 3047 ad
2072 2985 2188 3063 Sy-

232 3072 489 3145 phacem
500 3076 879 3137 Lacumazae
898 3074 1109 3150 regulo
1134 3075 1212 3134 ad
1226 3074 1536 3149 Thapsum
1565 3072 1842 3143 occurrit,
1884 3071 2185 3147 trepidum

230 3170 448 3230 agmen
479 3173 615 3219 cum
653 3158 717 3219 in
744 3157 956 3219 urbem
982 3158 1340 3233 refugisset,
1383 3156 1596 3217 urbem
1623 3155 1956 3219 Masinissa
1990 3154 2186 3229 primo

230 3239 458 3314 impetu
479 3242 657 3319 capit,
688 3257 768 3303 ex
788 3241 975 3318 regiis
1006 3242 1161 3303 alios
1182 3242 1496 3302 tradentes
1526 3256 1598 3301 se
1624 3240 1856 3316 recipit,
1887 3237 2042 3298 alios
2062 3237 2187 3298 vim

229 3328 517 3398 parantes
558 3325 799 3387 occidit.
862 3342 1010 3403 pars
1037 3325 1303 3385 maxima
1333 3340 1470 3385 cum
1512 3325 1651 3399 ipso
1683 3338 1874 3399 puero
1915 3321 2071 3381 inter
2097 3326 2189 3383 tu·

230 3408 477 3469 multum
504 3408 588 3468 ad
608 3407 977 3487 Syphacem,
1021 3425 1147 3486 quo
1176 3408 1440 3485 primum
1468 3406 1851 3467 intenderant
1877 3405 2008 3483 iter,
2051 3420 2190 3480 per-

228 3501 543 3553 venerunt.
620 3493 781 3553 fama
828 3493 1009 3558 huius
1060 3492 1344 3555 modicae
1389 3493 1478 3553 rei
1523 3493 1584 3551 in
1637 3489 1937 3566 principio
1985 3504 2189 3548 rerum
