2550 3959
606 236 839 329 mssa
864 236 1078 297 xxvi.
1125 236 1291 297 cAP.
1326 248 1375 298 1.
1397 245 1450 298 2.
1499 243 1571 310 [a.
1598 242 1815 311 cau]
2059 237 2182 300 103

220 401 295 449 ne
326 388 395 448 in
440 385 693 463 oppidis
732 384 1155 461 hibernarent,
1198 401 1358 447 neve
1398 386 1657 449 hiberna
1693 388 1957 465 propius
1997 390 2181 451 ullam

220 470 430 533 urbem
460 471 674 531 decem
709 468 955 533 milibus
984 486 1285 545 passuum
1314 470 1730 535 aedificarent.
1800 472 1869 533 L.
1901 472 2182 537 cornelio

221 554 278 617 in
308 552 597 617 Sardinia
623 554 787 617 duae
812 554 1091 629 legiones
1121 554 1334 631 datae,
1375 555 1602 631 quibus
1635 554 1702 631 Ω.
1731 555 1974 619 Mucius
2002 572 2182 633 prae·

221 640 443 703 rueratz
489 639 1013 714 supplementum,
1050 638 1110 703 si
1152 654 1312 715 opus
1346 646 1543 713 esset,
1585 642 1879 703 consules
1909 641 2184 702 scribere

220 722 393 785 iussi.
462 724 530 785 Τ.
570 720 825 788 Otacilio
868 731 930 785 et
954 722 1037 785 Μ.
1063 724 1316 787 Valerio
1348 722 1594 785 Siciliae
1624 724 2044 803 Graeciaeque
2073 741 2185 788 ora

222 824 358 871 cum
396 806 744 883 legionibus
787 806 1221 885 classibusque
1262 808 1486 883 quibus
1515 815 1844 884 praeerant
1876 809 2182 872 decretae.

224 890 663 969 quinquaginta
704 891 963 953 Graecia
1010 906 1150 953 cum
1200 893 1446 967 legione
1485 908 1637 968 una,
1686 901 1933 957 eentum
1975 893 2187 956 Sicilia

221 992 355 1039 cum
384 975 629 1039 duabus
658 974 1005 1051 legionibus
1032 975 1344 1039 habebant
1369 992 1583 1038 naves.
1660 979 1855 1041 tribus
1885 985 1948 1041 et
1976 979 2186 1055 viginti

220 1059 563 1137 legionibus
604 1059 899 1126 Romanis
950 1074 1025 1123 eo
1068 1075 1229 1122 anno
1281 1060 1510 1123 beilum
1559 1061 1724 1122 terra'
1769 1064 2050 1139 marique
2090 1070 2188 1125 est

220 1152 475 1221 gestum.

204 1286 210 1295 .
386 1228 463 1293 11.
510 1227 817 1305 Principio
860 1229 997 1291 eius
1036 1227 1180 1289 anni
1220 1243 1359 1289 cum
1401 1229 1482 1291 de
1511 1230 1723 1291 litteris
1749 1230 1818 1290 L.
1848 1231 2062 1292 Marcii
2088 1246 2184 1291 re-

222 1313 512 1387 ferretur,
554 1328 661 1375 res
687 1320 903 1389 gestae
928 1312 1296 1389 magnificae
1325 1314 1564 1375 senatui
1589 1314 1795 1376 visae:
1835 1314 2046 1375 titulus
2074 1314 2184 1376 ho·

220 1397 409 1471 noris.
440 1397 617 1475 quod
636 1397 897 1474 imperio
924 1412 1051 1459 non
1079 1398 1300 1473 populi
1325 1397 1535 1474 iussu,
1563 1414 1690 1459 non
1719 1411 1802 1459 ex
1825 1398 2188 1461 auctoritate

220 1488 462 1559 patrum
512 1482 653 1545 dato
703 1490 1109 1559 „propraetor
1162 1483 1439 1543 senatui“
1486 1484 1849 1560 scripserat,
1901 1499 2188 1561 magnam

220 1573 459 1642 partem
488 1566 801 1631 homiuum
831 1566 1217 1629 offendebatz
1256 1583 1390 1628 rem
1415 1568 1558 1628 mali
1587 1568 1854 1643 exempli
1883 1583 2046 1644 esse,
2079 1568 2186 1628 im-

220 1656 547 1727 peratores
582 1650 705 1727 legi
742 1650 825 1713 ab
860 1650 1265 1727 exercitibus,
1307 1658 1370 1713 et
1395 1653 1698 1714 sollemne
1729 1651 2190 1729 auspicatorum

222 1735 605 1801 connum-um
644 1734 706 1798 in
733 1742 939 1797 castra
964 1740 1029 1795 et
1054 1735 1408 1810 provincias
1435 1738 1656 1811 procul
1681 1736 1761 1795 ab
1789 1737 2032 1811 legibus
2060 1751 2189 1797 ma-

222 1820 705 1896 gistratibusque
731 1820 811 1881 ad
833 1819 1151 1881 militarem
1172 1818 1570 1879 temeritatem
1589 1820 1926 1882 transferri.
1967 1826 2190 1881 etcum

225 1904 475 1983 quidam
514 1904 903 1965 referendum
935 1904 1023 1965 ad
1043 1909 1326 1965 senatum
1356 1911 1707 1980 censerent,
1741 1904 1960 1965 melius
1991 1903 2192 1965 visum

225 1988 455 2051 differri
478 2002 621 2051 eam
650 1988 1190 2064 consultationem,
1220 1989 1422 2049 donec
1450 1988 1991 2065 proficiscerentur
2018 1987 2190 2065 equi·

224 2079 341 2149 tes,
372 2073 480 2149 qui
508 2072 588 2135 ab
608 2065 847 2135 Marcio
864 2072 1095 2134 litteras
1119 2034 1458 2134 attulerant.
1502 2073 1760 2135 rescribi
1783 2074 1864 2135 de
1885 2074 2190 2135 frumento

226 2165 289 2219 et
306 2156 689 2219 vestimentis
710 2156 1019 2219 exercitus
1044 2157 1304 2233 placuit·
1287 2200 1306 2229 ,
1349 2172 1487 2219 eam
1505 2164 1830 2234 utramque
1851 2172 1984 2219 rem
2006 2170 2194 2219 curae

228 2241 359 2303 fore
380 2242 655 2303 senatui=
700 2240 970 2303 adscribi
994 2248 1194 2303 autem
1222 2242 1654 2318 „propraetori
1673 2242 1740 2301 L.
1763 2242 2038 2303 Marcio“
2067 2255 2194 2300 non

228 2326 485 2401 placuit,
516 2336 600 2387 ne
625 2324 689 2386 id
714 2325 950 2401 ipsum,
983 2326 1155 2401 quod
1182 2326 1615 2388 consultationi
1640 2326 2044 2402 reliquerant,
2075 2338 2192 2401 pro

228 2409 652 2485 praeiudicato
688 2410 893 2471 ferret.
958 2409 1229 2471 dimissis
1271 2409 1583 2486 equitibus
1621 2410 1700 2471 de
1728 2411 1895 2473 nulla
1921 2425 1991 2470 re
2021 2407 2193 2485 prius

235 2495 519 2557 mesmes
546 2494 925 2568 rettulerunt,
955 2494 1350 2569 omniumque
1375 2495 1440 2554 in
1468 2510 1660 2554 unum
1685 2493 2026 2553 sententiae
2047 2508 2195 2553 con-

226 2578 563 2654 grnebant,
591 2577 902 2654 agendum
930 2592 1071 2639 eum
1095 2577 1353 2639 tribunis
1382 2577 1584 2653 plebis
1613 2592 1778 2651 esse,
1810 2575 2010 2653 primo
2043 2592 2196 2651 qno-

230 2677 352 2738 que
378 2667 663 2737 tempore
688 2662 771 2723 ad
798 2661 1041 2737 plebem
1069 2663 1328 2735 ferrent,
1381 2676 1568 2737 quem
1594 2675 1734 2722 cum
1759 2659 2017 2737 imperio
2047 2658 2195 2721 mitti

226 2746 509 2823 placeret.
540 2745 601 2805 in
628 2744 989 2821 Hispaniam
1032 2747 1110 2808 ad
1140 2760 1284 2807 eum
1311 2745 1678 2823 exercitum,
1721 2746 1818 2805 cui
1849 2746 1954 2806 Cn.
1985 2742 2196 2819 Scipio

226 2830 563 2907 imperator
600 2828 991 2905 praotuisset.
1062 2846 1139 2891 ea
1173 2846 1276 2891 res
1309 2846 1449 2891 eum
1473 2829 1740 2891 tribunis
1763 2836 1902 2891 acta
1928 2828 2198 2905 promul·

224 2920 499 2990 sataque
526 2919 641 2975 est.

396 2996 529 3061 Sed
547 2997 717 3061 aliud
740 3004 1055 3059 certamen
1078 3006 1496 3074 occupaverat
1515 2998 1775 3059 animos.
1817 2997 1883 3058 C.
1909 2996 2196 3073 Sempro·

228 3082 371 3145 nius
398 3081 665 3143 Blaesus
696 3082 799 3143 die
826 3080 995 3143 dicta
1022 3081 1127 3143 Cn.
1155 3080 1440 3143 Fulvium
1468 3081 1548 3143 ob
1576 3081 1912 3143 exercitum
1941 3081 2000 3140 in
2028 3083 2202 3155 Apu-

226 3165 309 3227 lia
331 3164 643 3229 amissum
676 3165 743 3226 in
784 3165 1172 3227 contionibus
1198 3166 1500 3241 vexabat,
1543 3166 1770 3227 multos
1799 3165 2202 3239 imperatores

226 3249 572 3311 temeritate
610 3255 803 3327 atque
837 3249 1079 3312 inscitia
1118 3251 1456 3313 exercitum
1481 3249 1544 3310 in
1573 3251 1777 3312 locum
1807 3247 2204 3325 praecipitem

227 3332 611 3409 perduxisse
648 3332 961 3411 dictitans,
1003 3333 1308 3396 neminem
1349 3340 1595 3410 praeter
1624 3334 1730 3395 Cn.
1757 3332 2040 3393 Fulvium
2067 3338 2208 3395 ante

226 3418 597 3495 corrupisse
638 3417 922 3480 omnibus
962 3418 1125 3480 vitiis
1164 3419 1446 3493 legiones
1485 3433 1636 3479 suas
1679 3432 1864 3493 quam
1894 3417 2204 3493 proderet.

226 3498 445 3581 itaque
483 3516 631 3563 vere
671 3501 794 3563 dici
833 3518 1029 3579 posse
1068 3501 1242 3579 prius
1283 3517 1396 3563 eos
1437 3501 1684 3577 perisse
1713 3514 1899 3577 quam
1923 3500 2206 3563 viderent
