2550 3959
282 244 369 310 92
564 246 795 308 LIBER
820 246 1007 305 XXV.
1050 244 1219 305 CAP.
1242 252 1330 306 34.
1353 251 1443 307 35.
1463 250 1553 307 36.
1598 249 1673 318 [a.
1699 248 1766 301 U.
1791 266 1839 304 ο.
1865 249 1992 319 540]

286 403 446 462 duce
472 400 703 461 amisso
734 399 872 459 fieri
898 404 1119 473 coepta
1146 404 1271 457 esta
1317 398 1589 457 ceterum
1611 402 1678 457 ut
1697 396 1779 456 ad
1802 395 2249 471 erumpendum

284 485 442 545 inter
466 483 759 544 Numidas
789 482 1138 557 leviumque
1167 495 1476 540 armorum
1505 478 1624 539 alia
1651 478 1878 539 auxi-lia
1898 478 2067 539 haud
2089 477 2252 541 diffi-

288 568 421 628 cilis
450 574 609 639 erat,
654 566 737 627 ita
764 564 1037 639 effugere
1066 570 1300 625 tantum
1329 562 1604 638 equitum
1631 562 2023 638 aequantium
2051 577 2252 639 equos

286 651 609 712 velocitate
652 648 924 725 peditum
961 647 1069 707 vix
1111 653 1428 722 poterant;
1473 646 1766 721 caesique
1805 661 2004 722 prope
2036 648 2252 721 plures

287 735 348 794 in
379 736 523 808 suga
564 748 745 806 quam
778 731 837 790 in
869 746 1077 806 pugna
1104 738 1275 803 sunt,
1318 744 1434 790 nec
1463 730 1875 804 superfuisset
1905 729 2254 805 quisquam,

287 819 349 878 ni
378 815 695 893 praecipiti
724 814 843 874 iam
872 815 952 875 ad
980 829 1312 889 vesperum
1340 812 1440 873 die
1467 828 1596 874 nox
1621 811 2068 874 intervenisset.

454 898 696 959 XXXV.
740 898 921 959 Haud
958 898 1227 973 seg-niter
1270 898 1413 957 inde
1443 896 1636 958 duces
1665 895 1852 956 Poeni
1881 897 2126 957 fortuna
2153 897 2254 958 usi

289 982 612 1045 confestim
642 998 679 1044 e
708 982 945 1058 proelio
962 1029 977 1057 ,
1013 982 1118 1041 vix
1146 980 1502 1041 necessaria
1532 980 1737 1055 quiete
1767 980 1910 1041 data
1937 979 2249 1056 militibuS,

290 1068 365 1127 ad
394 1066 843 1127 Hasdrubalem
871 1065 1231 1126 Hamilcaris
1276 1064 1520 1125 citatum
1559 1078 1774 1139 agmen
1804 1063 2080 1138 rapiunt,
2126 1080 2252 1126 non

290 1150 477 1211 dubia
516 1166 663 1225 spe,
710 1166 849 1211 cum
878 1165 949 1209 se
981 1148 1477 1221 coniunxissent,
1523 1147 1812 1207 debellari
1843 1162 2052 1223 posse.
2120 1164 2248 1224 quo

293 1234 394 1295 ubi
425 1242 521 1295 est
546 1240 823 1306 ventum,
868 1234 1023 1293 inter
1052 1233 1358 1293 exercitus
1387 1231 1710 1305 ducesque
1737 1230 1993 1291 victoria
2018 1231 2250 1293 recenti

286 1320 483 1379 laetos
516 1318 833 1393 gratulatio
864 1318 1083 1392 ingens
1115 1318 1293 1390 facta,
1322 1314 1690 1389 imperatore
1718 1320 1882 1375 tanto
1917 1331 2056 1375 cum
2085 1314 2252 1377 omni

289 1401 563 1461 exercitu
602 1402 803 1461 deleto
846 1407 907 1459 et
946 1401 1197 1460 alteram
1239 1414 1352 1475 pro
1398 1396 1563 1457 haud
1606 1397 1792 1457 dubia
1818 1413 2032 1474 parem
2059 1398 2242 1460 victo-

290 1485 440 1543 riam
492 1490 943 1557 exspectantes.
1012 1484 1093 1543 ad
1131 1484 1444 1543 Romanos
1487 1482 1759 1542 nondum
1804 1482 2052 1557 quidem
2089 1484 2256 1545 sama

290 1573 489 1627 tantae
521 1566 715 1627 cladis
744 1571 1125 1643 pervenerat,
1156 1567 1269 1627 sed
1287 1570 1584 1626 maestum
1607 1565 1920 1639 quoddam
1945 1566 2256 1627 silentium

289 1656 420 1709 erat
448 1656 511 1711 et
536 1650 718 1710 tacita
746 1650 1034 1711 divinatio
1051 1696 1065 1723 ,
1099 1650 1296 1726 qualis
1327 1648 1447 1709 iam
1477 1648 2005 1724 praesagientibus
2034 1650 2254 1712 animis

288 1734 651 1795 imminentis
672 1734 823 1795 ⁴mali
851 1749 993 1795 esse
1022 1734 1195 1795 solet.
1252 1734 1584 1808 imperator
1613 1732 1778 1807 ipse,
1825 1740 2254 1810 praeterquam

290 1818 459 1893 quod
482 1817 559 1877 ab
584 1818 773 1878 sociis
797 1832 867 1878 se
890 1820 1218 1890 desertum,
1250 1817 1518 1879 hostium
1540 1822 1770 1877 tantum
1795 1822 2007 1877 auctas
2032 1818 2251 1893 copias

290 1900 607 1975 sentiebat,
644 1902 999 1962 coniectura
1027 1902 1207 1962 etiam
1236 1908 1297 1961 et
1321 1900 1563 1961 ratione
1591 1900 1672 1959 ad
1698 1901 2118 1976 suspicionem
2146 1917 2250 1961 ac-

290 1991 509 2059 ceptae
536 1985 728 2044 cladis
761 2000 944 2059 quam
988 1986 1069 2045 ad
1109 1986 1295 2045 ullam
1328 1983 1556 2045 bonam
1591 1998 1764 2058 spem
1802 1985 2055 2059 pronior
2089 1991 2252 2045 erata

290 2084 558 2143 quonam
600 2070 785 2129 modo
828 2068 989 2127 enim
1018 2066 1465 2129 Hasdrubalem
1495 2084 1568 2128 ac
1596 2066 1952 2143 Magonem,
1995 2068 2113 2129 nisi
2141 2068 2252 2129 de-

288 2154 533 2213 functos
560 2166 676 2212 suo
705 2152 886 2225 bello,
918 2152 1051 2211 sine
1082 2151 1410 2212 certamine
1439 2152 1750 2213 adducere
1777 2152 2110 2214 exercitum
2136 2166 2253 2228 po·

288 2235 523 2296 tuisse?
566 2251 689 2310 quo
730 2236 915 2296 modo
956 2241 1159 2297 autem
1200 2251 1326 2296 non
1366 2234 1681 2296 obstitisse
1711 2242 1816 2297 aut
1842 2236 1920 2295 ab
1952 2242 2120 2311 tergo
2150 2252 2254 2297 se-

287 2326 494 2379 cutum
523 2320 786 2394 fratrem,
815 2324 883 2379 ut
912 2319 965 2379 si
993 2319 1324 2394 prohibere
1347 2335 1469 2395 quo
1494 2320 1693 2380 minus
1719 2320 1780 2379 in
1805 2336 1996 2380 unum
2016 2320 2258 2381 coirent

288 2411 348 2463 et
376 2402 567 2463 duces
598 2409 660 2463 et
686 2404 994 2465 exercitus
1024 2402 1292 2464 hostium
1322 2419 1447 2464 non
1477 2412 1719 2479 posset,
1751 2404 1887 2478 ipse
1919 2410 2083 2464 certe
2110 2419 2256 2465 cum

295 2488 477 2547 fratre
508 2486 907 2562 coniungeret
936 2488 1191 2563 copias?
1237 2486 1334 2547 his
1365 2487 1584 2547 anxius
1617 2488 1779 2548 curis
1811 2488 1875 2548 id
1896 2488 2080 2549 modo
2107 2503 2256 2549 esse

287 2572 555 2630 salutare
567 2572 628 2630 in
644 2586 941 2646 praesens
958 2572 1263 2643 credebat,
1283 2572 1504 2631 cedere
1525 2570 1670 2631 inde
1693 2577 1985 2647 quantum
2000 2576 2218 2647 posset
2231 2594 2256 2641 ς

288 2662 349 2713 et
374 2654 518 2714 inde
545 2671 670 2714 una
690 2662 871 2716 nocte
893 2655 1123 2729 ignaris
1149 2653 1430 2714 hostibus
1454 2660 1516 2715 et
1538 2654 1617 2715 ob
1640 2654 1700 2714 id
1727 2656 1949 2731 quietis
1974 2656 2251 2731 aliquan-

288 2746 413 2797 tum
442 2752 731 2798 emensus
762 2744 859 2797 est
884 2738 1016 2797 iter.
1074 2738 1211 2797 luce
1236 2742 1306 2797 ut
1333 2745 1658 2798 senserunt
1691 2740 2006 2814 profectos
2034 2739 2252 2801 hostes

287 2835 461 2893 esse,
504 2820 864 2897 praemissis
891 2820 1166 2882 Numidis
1213 2836 1398 2896 quam
1438 2827 1722 2896 poterant
1759 2824 2023 2883 maxime
2066 2824 2252 2883 citato

286 2904 527 2977 agmine
570 2904 749 2978 sequi
794 2911 1147 2979 coeperunt.
1203 2910 1344 2965 ante
1371 2912 1615 2966 noctem
1644 2906 1924 2968 adsecuti
1951 2906 2252 2968 Numidae

285 3002 450 3047 nune
476 2987 555 3047 ab
585 2994 757 3063 tergo
788 3002 951 3047 nunc
978 2987 1039 3047 in
1068 2989 1261 3049 latera
1289 2988 1694 3051 incursantes.
1740 2991 2078 3053 consistere
2108 3004 2251 3052 coe-

285 3076 509 3147 perunt
548 3086 622 3131 ac
662 3071 843 3131 tutari
883 3086 1101 3146 agmen
1139 3080 1430 3147 quantum
1459 3080 1748 3147 possent;
1795 3082 1996 3135 tamen
2027 3082 2154 3137 tuto
2184 3080 2256 3134 ut

286 3155 464 3216 simul
494 3161 841 3231 pugnarent
861 3157 1394 3231 procederentque
1417 3154 1626 3233 Scipio
1650 3156 2020 3235 hortabatur,
2050 3159 2252 3235 prius·-

288 3255 469 3314 quam
499 3241 825 3316 pedestres
856 3240 1075 3316 copiae
1106 3239 1612 3315 adsequerentur.
1667 3241 1936 3303 XXXVI.
1983 3250 2252 3304 ceterum

286 3339 453 3383 nunc
501 3325 743 3398 agendo
794 3339 959 3384 nunc
1008 3323 1373 3384 sustinendo
1425 3338 1642 3399 agmen
1695 3340 1834 3387 cum
1875 3326 2250 3403 aliquamdiu

286 3404 455 3466 haud
482 3406 733 3467 multum
762 3407 1203 3481 procederetur
1233 3413 1294 3467 et
1321 3422 1447 3468 nox
1475 3406 1594 3467 iam
1623 3408 1905 3485 instaret,
1933 3416 2188 3472 revocat
2215 3425 2254 3469 a

289 3490 525 3565 proelio
568 3504 720 3550 suos
761 3489 1001 3566 Scipio,
1056 3496 1117 3550 et
1158 3490 1452 3554 collectos
1503 3491 1565 3550 in
1607 3494 1900 3556 tumulum
1943 3493 2254 3571 quendam
