2550 3959
402 215 530 280 214
680 217 911 278 Lusus
938 215 1179 276 xxvn.
1225 215 1392 277 cAP.
1419 222 1508 278 46.
1539 223 1625 277 47.
1673 222 1746 290 [a.
1770 221 1842 273 u.
1875 239 1924 273 ο.
1953 220 2079 287 54⁶]

401 369 591 432 ferme
618 369 765 430 inde
787 383 1017 444 passus
1044 365 1398 428 Hasdrubal
1426 365 1656 426 aberat.
1699 365 1907 442 itaque
1937 381 2074 426 cum
2103 365 2227 426 iam
2253 382 2373 444 ap·

399 454 875 530 propinquaret,
936 457 1133 514 tectus
1184 449 1494 512 montibus
1533 449 1801 510 substitit
1837 447 2031 522 Nero,
2097 464 2175 510 ne
2224 457 2376 512 ante

400 545 640 598 noctem
668 542 873 598 castra
899 534 1337 610 ingrederetur.
1395 533 1635 596 silentio
1667 533 1929 610 ingressi
1959 529 2038 592 ab
2070 532 2166 594 sui
2195 534 2372 611 quis-

400 637 522 698 que
566 620 797 684 ordinis
838 610 1187 680 hominibus
1226 617 1290 678 in
1317 616 1580 680 tentoria
1617 615 1896 694 abducti,
1948 631 2085 678 cum
2125 631 2376 680 summa

397 704 667 766 omnium
693 703 921 764 laetitia
946 701 1333 778 hospitaliter
1359 699 1765 776 excipiuntur.
1811 707 2062 780 postero
2090 699 2192 760 die
2217 715 2362 762 con·

397 789 599 849 silium
640 785 941 860 habitum,
982 785 1082 848 cui
1122 791 1184 845 et
1206 785 1275 848 L.
1307 785 1560 846 Petreius
1585 783 1833 847 Licinus
1863 791 2109 862 praetor
2147 783 2367 846 adsuit.

396 878 602 932 castra
631 871 836 932 iuncta
866 872 1185 932 consulum
1210 870 1430 932 castris
1458 867 1742 945 habebat,
1773 874 1836 929 et
1859 875 2002 930 ante
2029 867 2368 930 adventum

396 971 607 1017 eorum
635 970 749 1031 per
776 954 916 1014 loca
943 955 1067 1014 alta
1096 954 1382 1016 ducendo
1415 952 1780 1026 exercitum,
1827 968 1968 1014 cum
1994 952 2181 1014 modo
2212 953 2368 1014 insi—

396 1039 570 1100 deret
610 1045 907 1114 angustos
950 1039 1177 1114 saltuS,
1221 1045 1292 1100 ut
1316 1037 1635 1098 trartsitum
1665 1037 2011 1112 clauderet,
2051 1037 2238 1098 mode
2283 1037 2365 1098 ab

395 1123 585 1184 latere
624 1130 729 1184 aut
766 1122 847 1182 ab
885 1127 1058 1198 tergo
1102 1127 1388 1197 carperet
1427 1136 1646 1198 agmen
1663 1166 1680 1194 ,
1723 1119 2073 1190 ludificatus
2116 1119 2365 1182 hostem

394 1206 675 1268 omnibus
720 1206 950 1268 artibus
990 1205 1137 1266 belli
1178 1207 1410 1268 fuerat:
1465 1206 1522 1266 is
1561 1211 1688 1266 tum
1725 1205 1788 1264 in
1825 1205 2082 1268 consilio
2126 1206 2363 1266 aderat.

394 1291 719 1352 multorum
750 1306 826 1351 eo
857 1289 1153 1352 inclinant
1180 1289 1549 1365 sententiae,
1593 1294 1674 1362 ut,
1719 1289 1864 1350 dum
1892 1289 2125 1350 fessum
2157 1290 2365 1350 via'ac

394 1375 617 1449 vigiliis
646 1375 930 1436 reficeret
956 1374 1204 1435 militem
1217 1373 1397 1445 Nero,
1429 1372 1612 1434 simul
1640 1377 1700 1432 et
1727 1371 1810 1434 ad
1837 1372 2216 1434 noscendum
2246 1372 2364 1432 ho-

392 1465 547 1518 stem
577 1473 813 1532 paucos
856 1457 975 1518 sibi
1018 1463 1290 1518 sumeret
1319 1456 1488 1530 dieS‚
1529 1462 1771 1531 tempus
1800 1472 2045 1533 pugnae
2082 1455 2362 1518 differre-

392 1549 513 1601 turz
543 1541 703 1602 Nero
727 1555 850 1602 non
876 1541 1140 1600 suadere
1154 1541 1362 1614 mode,
1389 1541 1503 1600 sed
1527 1556 1764 1600 summa
1787 1556 1905 1616 ope
1930 1556 2107 1602 orare
2127 1539 2359 1618 institit,

394 1640 469 1684 ne
496 1623 819 1686 eonsilium
852 1640 1059 1698 suum,
1104 1625 1277 1699 quod
1307 1630 1498 1684 tutum
1527 1623 1808 1686 celeritas
1841 1625 2122 1696 fecisset,
2168 1630 2358 1686 teme·

392 1709 617 1770 ratium
645 1709 947 1770 morando
990 1710 1277 1769 facerent.
1347 1723 1572 1784 errore,
1619 1708 1724 1782 qui
1755 1724 1876 1768 non
1908 1708 2232 1770 diuturnus
2264 1710 2358 1770 fu·

320 1841 340 1848 ,
390 1799 559 1854 turus
598 1800 795 1866 esset,
842 1793 1011 1853 velut
1049 1799 1394 1868 torpentem
1418 1790 1823 1852 Hannibalem
1863 1808 1978 1853 nec
2009 1799 2212 1854 castra
2241 1810 2359 1854 sua

372 1876 523 1941 ,sine
563 1876 723 1937 duce
762 1876 975 1938 relicta
1016 1875 1306 1952 adgredi,
1352 1891 1466 1935 nec
1495 1877 1578 1935 ad
1610 1876 1994 1951 sequendum
2021 1892 2095 1937 se
2120 1875 2238 1936 iter
2265 1876 2357 1938 in—

387 1959 677 2020 tendisse.
738 1965 1064 2036 antequam
1091 1976 1163 2020 se
1188 1966 1454 2035 moveat,
1495 1960 1688 2020 deleri
1715 1963 2041 2022 exercitum
2059 1961 2358 2022 Hasdru-

384 2045 536 2104 bacis
557 2059 731 2118 posse
756 2044 1074 2118 redirique
1100 2043 1165 2102 in
1190 2043 1500 2118 Apuliam.
1561 2045 1664 2119 qui
1694 2044 2056 2119 prolatando
2087 2045 2357 2122 spatium

386 2127 553 2186 hosti
583 2127 703 2201 det,
748 2142 889 2187 eum
918 2133 981 2187 et
1010 2127 1113 2186 illa
1143 2133 1347 2188 castra
1374 2128 1644 2204 prodere
1667 2127 1993 2188 Hannibali
2020 2135 2084 2188 et
2112 2128 2358 2206 aperire

385 2210 446 2270 in
476 2209 733 2272 Galliam
760 2210 903 2286 iter,
947 2217 1015 2271 ut
1040 2227 1155 2287 per
1194 2212 1412 2284 otium,
1457 2211 1564 2272 ubi
1591 2212 1766 2286 velit,
1805 2211 2175 2274 Hasdrubali
2206 2228 2354 2274 con-

382 2295 683 2370 iungatur.
746 2296 1057 2370 extemplo
1089 2296 1331 2370 sig-num
1362 2295 1631 2356 dandum
1672 2303 1732 2356 et
1772 2295 2038 2356 eundum
2067 2296 2127 2355 in
2158 2297 2355 2358 aciem

382 2377 879 2454 abutendumque
902 2395 1111 2441 errore
1132 2379 1402 2442 hostium
1425 2379 1768 2440 absentium
1790 2381 2350 2457 praesentiumque,

383 2462 528 2523 dum
556 2479 761 2538 neque
802 2464 887 2524 illi
930 2464 1129 2524 sciant
1157 2479 1295 2524 cum
1326 2463 1720 2540 paucioribus
1751 2479 1866 2524 nec
1893 2464 1954 2524 hi
1998 2479 2136 2524 cum
2161 2465 2352 2542 pluri·

380 2545 497 2605 bus
528 2553 587 2608 et
614 2547 1013 2608 validioribus
1042 2563 1172 2607 rem
1202 2564 1366 2610 esse.
1412 2549 1672 2610 consilio
1695 2547 1949 2610 dimisso
1975 2548 2215 2624 sig-num
2238 2566 2352 2624 pu·

378 2645 537 2703 gnae
568 2631 949 2706 proponitur,
989 2632 1438 2708 confestimque
1465 2632 1528 2692 in
1559 2633 1754 2692 aciem
1783 2633 2143 2709 procedunt.

546 2713 782 2774 XLVII.
826 2715 954 2774 Iam
975 2714 1189 2776 hostes
1218 2722 1361 2776 ante
1386 2723 1589 2777 castra
1615 2717 1894 2778 instructi
1917 2715 2176 2778 stabant.
2216 2732 2346 2776 mo—

376 2812 507 2856 ram
534 2813 781 2872 pugnae
809 2799 1019 2872 attulit,
1052 2800 1222 2874 quod
1234 2799 1604 2876 Hasdrubal,
1637 2807 1969 2878 provectus
2001 2807 2142 2861 ante
2172 2799 2347 2876 SIgna

378 2894 517 2940 cum
546 2881 760 2957 paucis
788 2882 1115 2958 equitibus,
1158 2891 1336 2944 scuta
1362 2891 1573 2946 vetera
1599 2884 1868 2946 hostium
1895 2885 2146 2959 notavit,
2188 2898 2346 2960 quae

376 2967 517 3021 ante
546 2980 668 3025 non
689 2964 945 3041 viderat,
974 2972 1037 3024 et
1064 2967 1460 3041 strigosiores
1491 2985 1722 3046 equos;
1752 2968 2070 3030 multitudo
2098 2983 2346 3044 quoque

374 3044 571 3106 maior
599 3046 781 3108 solita
808 3048 947 3110 visa
974 3058 1085 3114 est.
1158 3053 1510 3128 suspicatus
1542 3053 1703 3113 enim
1731 3054 1812 3127 id,
1861 3054 2030 3128 quod
2060 3059 2205 3126 erat,
2249 3066 2340 3111 re·

374 3130 579 3206 ceptui
602 3148 869 3210 propere
893 3133 1129 3211 cecinit,
1160 3151 1235 3197 ac
1256 3136 1422 3197 misit
1442 3137 1524 3198 ad
1546 3136 1772 3198 flumen
1821 3137 1989 3198 unde
2031 3135 2340 3212 aquaban-

377 3219 500 3287 tur,
546 3214 651 3276 ubi
678 3223 739 3278 et
766 3217 989 3295 excipi·
1012 3219 1201 3296 aliqui
1226 3227 1492 3296 possent
1519 3227 1582 3282 et
1607 3221 1805 3304 notari
1835 3219 2062 3294 oculiS,
2108 3219 2164 3282 si
2196 3217 2340 3295 quid

372 3297 531 3358 forte
558 3299 891 3364 adustioris
916 3303 1141 3366 coloris
1171 3315 1235 3364 ut
1264 3319 1346 3365 ex
1366 3303 1598 3366 recenti
1617 3305 1722 3365 via
1750 3310 1988 3375 essent;
2021 3303 2204 3364 simul
2227 3302 2334 3362 cir-

375 3381 653 3469 cumvehi
693 3385 910 3458 procul
948 3393 1151 3448 castra
1190 3386 1358 3448 iubet
1397 3387 1860 3463 specularique,
1902 3403 2048 3446 num
2095 3391 2338 3446 auctum

368 3458 580 3537 ffllqua
616 3471 792 3538 pane
832 3463 915 3524 sit
940 3465 1199 3540 vallium
1244 3475 1307 3530 et
1344 3476 1412 3531 ut
1451 3468 1784 3544 attendant,
1830 3469 2023 3530 semel
2047 3464 2228 3525 bisne
2257 3468 2335 3523 si·
