2550 3959
30 389 44 445 l
66 396 106 447 tu

32 488 102 531 au-

30 556 95 616 ris

28 654 89 699 lus

29 740 81 783 as

28 824 78 869 us

26 909 74 952 ni

26 978 70 1035 ic

24 1160 60 1204 is

24 1244 59 1287 n

24 1314 50 1372 ἰ.

644 234 871 294 mnan
900 234 1077 293 xxx.
1126 232 1271 291 CAP
1323 241 1408 294 ao.
1431 240 1517 293 31.
1562 236 1876 306 [ac->0⁶21
2088 230 2214 295 353

252 384 617 459 virtutisque
668 384 953 457 exempla
990 381 1072 440 Μ.
1112 381 1334 441 Atilius
1379 381 1690 455 quondam
1731 380 1791 440 in
1835 381 1951 441 hac
1993 384 2212 444 eadem

246 478 412 530 terra
444 468 677 539 fuisset,
710 466 767 525 si
797 466 991 525 victor
1018 480 1233 541 pacem
1262 463 1610 540 petentibus
1636 464 1912 525 dedisset
1933 466 2210 541 patribus

253 552 511 614 nostrisa
568 566 695 611 non
734 549 1059 609 statuendo
1102 547 1369 609 felicitati
1414 548 1660 607 modum
1706 562 1820 608 nec
1866 548 2210 611 cohibendo

250 637 606 697 efferentem
636 648 706 695 se
735 633 1069 705 fortunam,
1101 636 1330 705 quanto
1361 632 1540 692 altius
1571 633 1768 694 elatus
1799 639 1946 705 erat,
1978 648 2052 693 eo
2083 636 2210 694 foe·

250 722 390 781 dius
420 718 665 781 corruit.
722 723 819 777 est
846 716 1092 792 quidem
1124 716 1257 776 eius
1291 716 1395 790 qui
1423 716 1544 791 dat,
1574 731 1696 776 non
1733 718 1837 792 qui
1865 718 2032 793 petit,
2066 735 2209 779 con-

252 804 529 863 diciones
571 802 777 863 dicere
828 800 1029 876 pacis=
1102 800 1216 860 sed
1256 800 1512 860 forsitan
1553 816 1677 862 non
1726 800 1955 876 indigni
1997 803 2208 877 simuS,

256 888 360 962 qui
396 886 695 948 nobismet
720 884 841 962 ipsi
862 886 1107 945 multam
1129 884 1502 958 irrogemus=
1536 900 1657 945 non
1678 894 2037 947 recusamus
2063 886 2208 963 quin

252 972 475 1042 omnia,
506 977 761 1046 propter
788 984 947 1045 quae
974 968 1197 1028 bellum
1228 968 1440 1028 initum
1464 974 1576 1042 est,
1607 974 1816 1028 vestra
1839 970 1975 1041 sint,
2007 969 2210 1031 Sicilia

254 1052 537 1113 Sardinia
564 1054 877 1129 Hispania,
910 1050 1211 1128 quidquid
1240 1052 1576 1113 insularum
1605 1058 1734 1113 toto
1761 1052 1917 1112 inter
1941 1054 2206 1123 Africam

253 1136 608 1209 italiamque
636 1137 977 1197 continetur
1012 1134 1197 1195 mariz
1242 1130 1776 1211 Carthaginienses
1805 1136 2024 1196 inclusi
2051 1139 2204 1198 Afri·

257 1234 369 1280 cae
410 1218 687 1279 litoribus
726 1236 874 1292 vos,
918 1220 1167 1297 quando
1198 1219 1280 1281 ita
1309 1220 1406 1280 dis
1445 1220 1703 1295 placuit,
1751 1227 2003 1280 externa
2031 1221 2210 1282 etiam

255 1309 419 1363 terra
447 1301 723 1378 marique
756 1304 1069 1365 videamus
1098 1309 1384 1379 regentes
1413 1303 1684 1379 imperia.
1753 1302 1920 1364 haud
1949 1318 2210 1381 negave-

254 1387 398 1460 rim,
446 1392 697 1462 propter
736 1402 859 1445 non
900 1387 1078 1449 nimis
1115 1388 1357 1449 sincere
1386 1389 1630 1463 petitam
1663 1393 1768 1449 aut
1796 1394 2212 1463 exspectatam

256 1485 453 1545 nuper
480 1483 697 1546 pacem
727 1477 1078 1546 suspectam
1107 1486 1251 1532 esse
1276 1471 1456 1532 vobis
1483 1470 1776 1532 Punicam
1807 1470 2009 1531 tidem.
2061 1474 2210 1533 mul-

255 1563 398 1629 tum,
430 1570 542 1629 per
574 1570 731 1630 quos
762 1554 949 1629 petita
976 1555 1071 1628 sit,
1115 1555 1195 1614 ad
1222 1554 1407 1615 iidem
1439 1556 1701 1616 tuendae
1731 1553 1904 1631 pacis
1938 1558 2212 1631 pertinet,

254 1636 485 1712 Scipio.
546 1639 731 1699 vestri
776 1651 1056 1712 quoque,
1101 1645 1166 1698 ut
1204 1638 1420 1714 audio,
1465 1634 1827 1715 patres'non
1858 1638 2005 1699 nihil
2036 1639 2213 1701 etiam

258 1720 339 1781 ob
369 1721 518 1796 hoc,
562 1722 707 1797 quia
736 1736 954 1797 parum
986 1721 1292 1795 dignitatis
1327 1724 1387 1781 in
1416 1722 1719 1798 legatione
1746 1730 1907 1799 erat,
1950 1738 2210 1798 negave-

252 1812 393 1863 runt
420 1820 667 1879 pacem:
698 1839 771 1851 —
802 1803 1103 1874 Hannibal
1130 1813 1274 1881 peto
1307 1820 1539 1880 pacem,
1574 1806 1679 1881 qui
1701 1822 1904 1883 neque
1921 1813 2210 1883 peterem,

254 1887 373 1947 nisi
406 1886 609 1947 utilem
640 1889 973 1965 crederem,
1007 1895 1066 1949 et
1093 1896 1346 1965 propter
1373 1890 1633 1951 eandem
1659 1892 1972 1953 utilitatem
1997 1892 2214 1952 tuebor

254 1988 390 2031 eam
422 1977 675 2047 propter
707 1989 891 2047 quam
919 1972 1083 2049 petii.
1149 1980 1211 2033 et
1238 1988 1422 2048 quem
1448 1974 1529 2033 ad
1558 1975 1804 2035 modum
1822 1980 1848 2049 ,'
1882 1975 2026 2051 quia
2053 1991 2090 2035 a
2117 1990 2213 2034 me

254 2055 479 2116 bellum
522 2063 809 2133 coeptum
852 2065 975 2133 est,
1020 2072 1098 2118 ne
1128 2073 1310 2133 quem
1341 2057 1474 2117 eius
1505 2059 1870 2133 paeniteret,
1915 2059 2120 2134 quoad
2151 2057 2212 2117 id

254 2140 373 2216 ipsi
401 2138 679 2200 invidere
707 2141 826 2215 dei,
855 2140 1147 2217 praestiti,
1180 2141 1263 2202 ita
1291 2141 1546 2216 adnitar,
1577 2156 1655 2201 ne
1688 2156 1870 2217 quem
1898 2142 2072 2217 pacis
2102 2156 2212 2217 per

254 2236 351 2283 me
379 2230 591 2300 partae
621 2225 987 2300 paeniteat“.

418 2308 629 2369 XXXI.
677 2310 999 2370 Adversus
1040 2308 1197 2368 haec
1236 2307 1570 2383 imperator
1596 2310 1910 2370 Romanus
1951 2308 2013 2369 in
2054 2308 2214 2369 hanc

259 2390 383 2449 rere
424 2394 784 2455 sententiam
823 2390 1171 2468 respondit:
1227 2407 1392 2465 „non
1435 2408 1532 2453 me
1574 2394 1850 2469 fallebat,
1893 2392 2210 2467 Hannibal,

258 2471 336 2530 ab
368 2474 667 2539 adventus
712 2476 799 2538 tui
828 2492 944 2553 spe
973 2474 1504 2551 Carthaginienses
1536 2482 1596 2536 et
1622 2481 2009 2553 praesentem
2037 2476 2208 2537 indu-

256 2555 472 2617 tiarum
514 2560 698 2621 fidem
736 2566 797 2622 et
834 2576 1007 2636 spem
1050 2558 1223 2634 pacis
1265 2558 1581 2619 turbasse=
1625 2576 1829 2636 neque
1870 2567 1935 2620 tu
1965 2560 2029 2620 id
2061 2574 2212 2620 sane

258 2639 628 2717 dissimulaS,
646 2645 752 2720 qui
776 2647 855 2705 de
878 2641 1342 2705 condicionibus
1365 2642 1790 2717 superioribus
1815 2642 1986 2718 pacis
2011 2643 2212 2703 omnia

258 2722 583 2784 subtrahas
613 2734 855 2801 praeter
885 2744 978 2802 ea,
1011 2740 1169 2803 quae
1198 2726 1319 2787 iam
1341 2725 1578 2802 pridem
1596 2727 1657 2787 in
1680 2733 1891 2787 nostra
1911 2732 2212 2802 potestate

260 2812 421 2867 sunt.
467 2812 734 2869 ceterum
762 2818 825 2871 ut
852 2810 959 2872 tibi
989 2825 1173 2873 curae
1202 2817 1300 2871 est
1325 2809 1550 2871 sentire
1583 2810 1750 2870 cives
1781 2816 1941 2884 tuos,
1983 2816 2210 2886 quanto

254 2906 368 2966 per
408 2897 468 2952 te
508 2906 699 2952 onere
736 2893 1037 2971 leventur,
1082 2893 1173 2955 sic
1214 2893 1360 2955 mihi
1400 2893 1803 2955 laborandum
1831 2899 1956 2966 est,
2007 2908 2115 2967 nc,
2159 2895 2212 2955 si

258 2990 421 3049 quae
463 2980 607 3035 tunc
647 2974 1037 3054 pepigerunt,
1080 2978 1265 3039 hodie
1295 2977 1605 3040 subtracta
1633 2992 1712 3037 ex
1747 2975 2211 3038 condicionibus

252 3058 431 3133 pacis
477 3059 753 3133 praemia
789 3060 1083 3134 perfidiae
1113 3062 1396 3123 habeant.
1459 3061 1711 3137 indigni,
1744 3060 1966 3137 quibus
1997 3060 2211 3120 eadem

252 3148 463 3218 pateat
490 3142 792 3217 condicio,
824 3143 1003 3203 etiam
1032 3153 1097 3207 ut
1125 3146 1324 3221 prosit
1352 3145 1528 3207 vobis
1551 3146 1720 3207 fraus
1743 3144 1966 3221 petitis.
2009 3158 2214 3217 neque

253 3233 465 3301 patres
502 3226 697 3288 nostri
739 3226 979 3302 priores
1020 3229 1099 3288 de
1130 3228 1366 3305 Sicilia,
1411 3245 1612 3307 neque
1651 3245 1767 3290 nos
1811 3227 1888 3288 de
1915 3227 2214 3303 Hispania

254 3309 513 3371 fecimus
542 3310 798 3371 bellum:
858 3314 918 3369 et
942 3316 1086 3372 tunc
1112 3310 1608 3375 Mamertinorum
1636 3312 1946 3375 sociorum
1973 3310 2210 3389 pericu·
2295 3340 2298 3342 Δ

255 3394 407 3468 lum,
452 3396 512 3455 et
538 3408 699 3456 nunc
731 3392 985 3469 Sagunti
1029 3395 1335 3457 excidium
1367 3396 1546 3459 nobis
1576 3397 1682 3472 pia
1709 3410 1782 3455 ac
1808 3395 1972 3455 iusta
1997 3394 2212 3457 indue-

256 3484 395 3537 runt
436 3492 622 3537 arma.
690 3492 804 3539 vos
846 3478 1157 3539 lacessere
1185 3486 1246 3541 et
1270 3486 1338 3541 tu
1378 3480 1516 3557 ipse
1557 3480 1762 3541 fateris
1806 3485 1866 3540 et
1894 3479 1992 3541 dei
2023 3482 2213 3539 testes

340 3576 393 3619 τ.
422 3576 545 3620 Livi
574 3576 725 3621 rans
758 3561 854 3619 111.
1729 3570 1801 3625 23
