<?xml version="1.0" encoding="UTF-8"?>
<!DOCTYPE html PUBLIC "-//W3C//DTD XHTML 1.0 Transitional//EN"
    "http://www.w3.org/TR/xhtml1/DTD/xhtml1-transitional.dtd">
<html xmlns="http://www.w3.org/1999/xhtml" xml:lang="en" lang="en">
 <head>
  <title>
</title>
<meta http-equiv="Content-Type" content="text/html;charset=utf-8" />
  <meta name='ocr-system' content='tesseract 3.04.00' />
  <meta name='ocr-capabilities' content='ocr_page ocr_carea ocr_par ocr_line ocrx_word'/>
</head>
<body>
  <div class='ocr_page' id='page_1' title='image "./aburbeconditali13livygoog_0067.png"; bbox 0 0 2550 3959; ppageno 0'>
   <div class='ocr_carea' id='block_1_1' title="bbox 379 242 2041 325">
    <p class='ocr_par' dir='ltr' id='par_1_1' title="bbox 379 242 2041 325">
     <span class='ocr_line' id='line_1_1' title="bbox 379 242 2041 325; baseline 0.002 -18"><span class='ocrx_word' id='word_1_1' title='bbox 379 242 465 307; x_wconf 78' lang='lat'>40</span> <span class='ocrx_word' id='word_1_2' title='bbox 679 242 906 305; x_wconf 87' lang='lat' dir='ltr'>LIBER</span> <span class='ocrx_word' id='word_1_3' title='bbox 934 242 1147 303; x_wconf 85' lang='lat' dir='ltr'>XXIV.</span> <span class='ocrx_word' id='word_1_4' title='bbox 1195 242 1361 305; x_wconf 79' lang='lat' dir='ltr'><strong>GAP.</strong></span> <span class='ocrx_word' id='word_1_5' title='bbox 1388 250 1479 307; x_wconf 67' lang='lat'>39.</span> <span class='ocrx_word' id='word_1_6' title='bbox 1512 252 1599 307; x_wconf 78' lang='lat'>40.</span> <span class='ocrx_word' id='word_1_7' title='bbox 1644 243 1719 321; x_wconf 80' lang='lat' dir='ltr'>[a.</span> <span class='ocrx_word' id='word_1_8' title='bbox 1745 249 1817 305; x_wconf 89' lang='lat' dir='ltr'>U.</span> <span class='ocrx_word' id='word_1_9' title='bbox 1840 267 1889 305; x_wconf 80' lang='lat' dir='ltr'>c·</span> <span class='ocrx_word' id='word_1_10' title='bbox 1913 246 2041 325; x_wconf 73' lang='lat'><strong>5³8]</strong></span> 
     </span>
    </p>
   </div>
   <div class='ocr_carea' id='block_1_2' title="bbox 375 394 2349 3582">
    <p class='ocr_par' dir='ltr' id='par_1_2' title="bbox 380 394 2346 1631">
     <span class='ocr_line' id='line_1_2' title="bbox 384 394 2338 475; baseline 0.004 -17"><span class='ocrx_word' id='word_1_11' title='bbox 384 397 484 459; x_wconf 89' lang='lat' dir='ltr'>die</span> <span class='ocrx_word' id='word_1_12' title='bbox 527 395 820 471; x_wconf 81' lang='lat' dir='ltr'><strong>dixisset,</strong></span> <span class='ocrx_word' id='word_1_13' title='bbox 861 401 922 457; x_wconf 91' lang='lat' dir='ltr'>et</span> <span class='ocrx_word' id='word_1_14' title='bbox 961 394 1156 472; x_wconf 87' lang='lat' dir='ltr'>primo</span> <span class='ocrx_word' id='word_1_15' title='bbox 1203 395 1437 457; x_wconf 88' lang='lat' dir='ltr'>sensim</span> <span class='ocrx_word' id='word_1_16' title='bbox 1478 411 1552 457; x_wconf 91' lang='lat' dir='ltr'>ac</span> <span class='ocrx_word' id='word_1_17' title='bbox 1580 395 1787 473; x_wconf 88' lang='lat' dir='ltr'>plures</span> <span class='ocrx_word' id='word_1_18' title='bbox 1823 395 2086 459; x_wconf 77' lang='lat' dir='ltr'><strong>reddere</strong></span> <span class='ocrx_word' id='word_1_19' title='bbox 2114 400 2338 475; x_wconf 77' lang='lat' dir='ltr'>claves,</span> 
     </span>
     <span class='ocr_line' id='line_1_3' title="bbox 383 478 2346 559; baseline 0.002 -18"><span class='ocrx_word' id='word_1_20' title='bbox 383 480 522 541; x_wconf 87' lang='lat' dir='ltr'>dein</span> <span class='ocrx_word' id='word_1_21' title='bbox 569 480 684 539; x_wconf 85' lang='lat' dir='ltr'>iam</span> <span class='ocrx_word' id='word_1_22' title='bbox 730 495 851 540; x_wconf 89' lang='lat' dir='ltr'>una</span> <span class='ocrx_word' id='word_1_23' title='bbox 892 493 1048 540; x_wconf 83' lang='lat' dir='ltr'>voce</span> <span class='ocrx_word' id='word_1_24' title='bbox 1088 478 1150 541; x_wconf 92' lang='lat' dir='ltr'>id</span> <span class='ocrx_word' id='word_1_25' title='bbox 1169 494 1409 541; x_wconf 68' lang='lat' dir='ltr'>-omnes</span> <span class='ocrx_word' id='word_1_26' title='bbox 1450 478 1758 556; x_wconf 88' lang='lat' dir='ltr'>iuberent,</span> <span class='ocrx_word' id='word_1_27' title='bbox 1811 479 2242 559; x_wconf 72' lang='lat' dir='ltr'>cunctantique</span> <span class='ocrx_word' id='word_1_28' title='bbox 2284 488 2346 544; x_wconf 92' lang='lat' dir='ltr'>et</span> 
     </span>
     <span class='ocr_line' id='line_1_4' title="bbox 385 560 2344 639; baseline 0.001 -14"><span class='ocrx_word' id='word_1_29' title='bbox 385 560 686 625; x_wconf 81' lang='lat' dir='ltr'>differenti</span> <span class='ocrx_word' id='word_1_30' title='bbox 718 563 1000 625; x_wconf 82' lang='lat' dir='ltr'>ferociter</span> <span class='ocrx_word' id='word_1_31' title='bbox 1025 562 1475 639; x_wconf 81' lang='lat' dir='ltr'><strong>minitarentur,</strong></span> <span class='ocrx_word' id='word_1_32' title='bbox 1516 578 1629 625; x_wconf 90' lang='lat' dir='ltr'>nec</span> <span class='ocrx_word' id='word_1_33' title='bbox 1658 562 2010 627; x_wconf 83' lang='lat' dir='ltr'>viderentur</span> <span class='ocrx_word' id='word_1_34' title='bbox 2034 565 2195 627; x_wconf 89' lang='lat' dir='ltr'>ultra</span> <span class='ocrx_word' id='word_1_35' title='bbox 2220 565 2344 627; x_wconf 87' lang='lat' dir='ltr'>vim</span> 
     </span>
     <span class='ocr_line' id='line_1_5' title="bbox 385 646 2342 724; baseline 0.001 -16"><span class='ocrx_word' id='word_1_36' title='bbox 385 648 650 709; x_wconf 80' lang='lat' dir='ltr'><strong>ultimam</strong></span> <span class='ocrx_word' id='word_1_37' title='bbox 683 647 956 722; x_wconf 87' lang='lat' dir='ltr'>dilaturi,</span> <span class='ocrx_word' id='word_1_38' title='bbox 1002 653 1126 708; x_wconf 88' lang='lat' dir='ltr'>tum</span> <span class='ocrx_word' id='word_1_39' title='bbox 1153 648 1503 724; x_wconf 73' lang='lat' dir='ltr'><strong>praefectus</strong></span> <span class='ocrx_word' id='word_1_40' title='bbox 1533 654 1677 723; x_wconf 77' lang='lat' dir='ltr'>toga</span> <span class='ocrx_word' id='word_1_41' title='bbox 1704 646 1977 724; x_wconf 81' lang='lat' dir='ltr'>signum,</span> <span class='ocrx_word' id='word_1_42' title='bbox 2021 654 2088 709; x_wconf 91' lang='lat' dir='ltr'>ut</span> <span class='ocrx_word' id='word_1_43' title='bbox 2116 663 2342 710; x_wconf 88' lang='lat' dir='ltr'>conve·</span> 
     </span>
     <span class='ocr_line' id='line_1_6' title="bbox 385 730 2341 807; baseline 0 -14"><span class='ocrx_word' id='word_1_44' title='bbox 385 738 585 807; x_wconf 90' lang='lat' dir='ltr'>nerat,</span> <span class='ocrx_word' id='word_1_45' title='bbox 633 730 832 805; x_wconf 90' lang='lat' dir='ltr'>dedit,</span> <span class='ocrx_word' id='word_1_46' title='bbox 877 730 1223 806; x_wconf 80' lang='lat' dir='ltr'>militesque</span> <span class='ocrx_word' id='word_1_47' title='bbox 1261 730 1733 798; x_wconf 58' lang='lat' dir='ltr'>immittendum</span> <span class='ocrx_word' id='word_1_48' title='bbox 1774 747 1849 793; x_wconf 85' lang='lat' dir='ltr'>ac</span> <span class='ocrx_word' id='word_1_49' title='bbox 1878 732 2073 807; x_wconf 85' lang='lat' dir='ltr'>parati</span> <span class='ocrx_word' id='word_1_50' title='bbox 2108 732 2209 793; x_wconf 84' lang='lat' dir='ltr'>alii</span> <span class='ocrx_word' id='word_1_51' title='bbox 2238 750 2341 793; x_wconf 86' lang='lat' dir='ltr'>su-</span> 
     </span>
     <span class='ocr_line' id='line_1_7' title="bbox 385 814 2339 893; baseline 0.001 -17"><span class='ocrx_word' id='word_1_52' title='bbox 385 830 576 893; x_wconf 81' lang='lat' dir='ltr'>perne</span> <span class='ocrx_word' id='word_1_53' title='bbox 605 816 664 875; x_wconf 89' lang='lat' dir='ltr'>in</span> <span class='ocrx_word' id='word_1_54' title='bbox 705 828 990 875; x_wconf 88' lang='lat' dir='ltr'>aversam</span> <span class='ocrx_word' id='word_1_55' title='bbox 1022 814 1369 876; x_wconf 85' lang='lat' dir='ltr'>contionem</span> <span class='ocrx_word' id='word_1_56' title='bbox 1400 817 1665 877; x_wconf 84' lang='lat' dir='ltr'>clamore</span> <span class='ocrx_word' id='word_1_57' title='bbox 1707 816 1951 877; x_wconf 89' lang='lat' dir='ltr'>sublato</span> <span class='ocrx_word' id='word_1_58' title='bbox 1991 817 2339 891; x_wconf 85' lang='lat' dir='ltr'>decurrunt,</span> 
     </span>
     <span class='ocr_line' id='line_1_8' title="bbox 383 897 2343 964; baseline 0.001 -5"><span class='ocrx_word' id='word_1_59' title='bbox 383 900 484 959; x_wconf 89' lang='lat' dir='ltr'>alii</span> <span class='ocrx_word' id='word_1_60' title='bbox 528 900 605 959; x_wconf 91' lang='lat' dir='ltr'>ad</span> <span class='ocrx_word' id='word_1_61' title='bbox 651 898 850 961; x_wconf 84' lang='lat' dir='ltr'>exitus</span> <span class='ocrx_word' id='word_1_62' title='bbox 882 897 1096 961; x_wconf 76' lang='lat' dir='ltr'>theatri</span> <span class='ocrx_word' id='word_1_63' title='bbox 1125 898 1383 961; x_wconf 83' lang='lat' dir='ltr'>conserti</span> <span class='ocrx_word' id='word_1_64' title='bbox 1426 897 1750 962; x_wconf 87' lang='lat' dir='ltr'>obsistunt.</span> <span class='ocrx_word' id='word_1_65' title='bbox 1812 898 2154 964; x_wconf 83' lang='lat' dir='ltr'>caeduntur</span> <span class='ocrx_word' id='word_1_66' title='bbox 2178 900 2343 961; x_wconf 88' lang='lat' dir='ltr'>Hen-</span> 
     </span>
     <span class='ocr_line' id='line_1_9' title="bbox 385 982 2343 1059; baseline 0 -16"><span class='ocrx_word' id='word_1_67' title='bbox 385 998 609 1045; x_wconf 88' lang='lat' dir='ltr'>nenses</span> <span class='ocrx_word' id='word_1_68' title='bbox 642 998 833 1043; x_wconf 84' lang='lat' dir='ltr'>eavea</span> <span class='ocrx_word' id='word_1_69' title='bbox 874 982 1124 1059; x_wconf 88' lang='lat' dir='ltr'>inclusi,</span> <span class='ocrx_word' id='word_1_70' title='bbox 1171 990 1739 1058; x_wconf 82' lang='lat' dir='ltr'>coacervanturque</span> <span class='ocrx_word' id='word_1_71' title='bbox 1767 998 1891 1045; x_wconf 92' lang='lat' dir='ltr'>non</span> <span class='ocrx_word' id='word_1_72' title='bbox 1920 984 2113 1045; x_wconf 83' lang='lat' dir='ltr'>caede</span> <span class='ocrx_word' id='word_1_73' title='bbox 2140 984 2343 1047; x_wconf 84' lang='lat' dir='ltr'>solum</span> 
     </span>
     <span class='ocr_line' id='line_1_10' title="bbox 385 1060 2337 1145; baseline 0.001 -18"><span class='ocrx_word' id='word_1_74' title='bbox 385 1066 495 1127; x_wconf 90' lang='lat' dir='ltr'>sed</span> <span class='ocrx_word' id='word_1_75' title='bbox 526 1066 708 1128; x_wconf 89' lang='lat' dir='ltr'>etiam</span> <span class='ocrx_word' id='word_1_76' title='bbox 739 1060 900 1144; x_wconf 64' lang='lat' dir='ltr'>fu‘ga,</span> <span class='ocrx_word' id='word_1_77' title='bbox 939 1081 1076 1127; x_wconf 93' lang='lat' dir='ltr'>cum</span> <span class='ocrx_word' id='word_1_78' title='bbox 1105 1067 1206 1129; x_wconf 87' lang='lat' dir='ltr'>alii</span> <span class='ocrx_word' id='word_1_79' title='bbox 1235 1082 1427 1145; x_wconf 88' lang='lat' dir='ltr'>super</span> <span class='ocrx_word' id='word_1_80' title='bbox 1452 1066 1706 1129; x_wconf 85' lang='lat' dir='ltr'>aliorum</span> <span class='ocrx_word' id='word_1_81' title='bbox 1737 1068 1938 1144; x_wconf 88' lang='lat' dir='ltr'>capita</span> <span class='ocrx_word' id='word_1_82' title='bbox 1963 1074 2224 1144; x_wconf 87' lang='lat' dir='ltr'>ruerent,</span> <span class='ocrx_word' id='word_1_83' title='bbox 2252 1068 2337 1129; x_wconf 90' lang='lat' dir='ltr'>in·</span> 
     </span>
     <span class='ocr_line' id='line_1_11' title="bbox 387 1149 2343 1228; baseline 0.001 -17"><span class='ocrx_word' id='word_1_84' title='bbox 387 1152 570 1227; x_wconf 79' lang='lat' dir='ltr'>tegris</span> <span class='ocrx_word' id='word_1_85' title='bbox 600 1151 809 1228; x_wconf 87' lang='lat' dir='ltr'>saucii,</span> <span class='ocrx_word' id='word_1_86' title='bbox 855 1149 979 1211; x_wconf 81' lang='lat' dir='ltr'>vivi</span> <span class='ocrx_word' id='word_1_87' title='bbox 1007 1152 1264 1213; x_wconf 88' lang='lat' dir='ltr'>mortuis</span> <span class='ocrx_word' id='word_1_88' title='bbox 1294 1150 1633 1213; x_wconf 85' lang='lat' dir='ltr'>incidentes</span> <span class='ocrx_word' id='word_1_89' title='bbox 1664 1152 2131 1215; x_wconf 76' lang='lat' dir='ltr'>cumularentur.</span> <span class='ocrx_word' id='word_1_90' title='bbox 2197 1151 2343 1213; x_wconf 90' lang='lat' dir='ltr'>inde</span> 
     </span>
     <span class='ocr_line' id='line_1_12' title="bbox 383 1234 2342 1313; baseline 0 -18"><span class='ocrx_word' id='word_1_91' title='bbox 383 1236 619 1311; x_wconf 85' lang='lat' dir='ltr'>passim</span> <span class='ocrx_word' id='word_1_92' title='bbox 663 1234 1020 1297; x_wconf 86' lang='lat' dir='ltr'>discurritur</span> <span class='ocrx_word' id='word_1_93' title='bbox 1059 1243 1121 1298; x_wconf 83' lang='lat' dir='ltr'>et</span> <span class='ocrx_word' id='word_1_94' title='bbox 1159 1235 1325 1300; x_wconf 89' lang='lat' dir='ltr'>urbis</span> <span class='ocrx_word' id='word_1_95' title='bbox 1356 1242 1571 1311; x_wconf 86' lang='lat' dir='ltr'>captae</span> <span class='ocrx_word' id='word_1_96' title='bbox 1598 1235 1784 1297; x_wconf 89' lang='lat' dir='ltr'>modo</span> <span class='ocrx_word' id='word_1_97' title='bbox 1816 1236 2083 1313; x_wconf 79' lang='lat' dir='ltr'>rugaque</span> <span class='ocrx_word' id='word_1_98' title='bbox 2112 1242 2174 1297; x_wconf 87' lang='lat' dir='ltr'>et</span> <span class='ocrx_word' id='word_1_99' title='bbox 2202 1251 2342 1297; x_wconf 87' lang='lat' dir='ltr'>cae·</span> 
     </span>
     <span class='ocr_line' id='line_1_13' title="bbox 385 1318 2341 1396; baseline -0.001 -16"><span class='ocrx_word' id='word_1_100' title='bbox 385 1320 498 1381; x_wconf 92' lang='lat' dir='ltr'>des</span> <span class='ocrx_word' id='word_1_101' title='bbox 531 1320 735 1381; x_wconf 83' lang='lat' dir='ltr'>omnia</span> <span class='ocrx_word' id='word_1_102' title='bbox 764 1326 943 1395; x_wconf 85' lang='lat' dir='ltr'>tenet,</span> <span class='ocrx_word' id='word_1_103' title='bbox 988 1319 1174 1381; x_wconf 85' lang='lat' dir='ltr'>nihilo</span> <span class='ocrx_word' id='word_1_104' title='bbox 1203 1318 1557 1381; x_wconf 83' lang='lat' dir='ltr'>remissiore</span> <span class='ocrx_word' id='word_1_105' title='bbox 1587 1319 1839 1381; x_wconf 84' lang='lat' dir='ltr'>militum</span> <span class='ocrx_word' id='word_1_106' title='bbox 1866 1320 1973 1395; x_wconf 88' lang='lat' dir='ltr'>ira,</span> <span class='ocrx_word' id='word_1_107' title='bbox 2018 1320 2189 1396; x_wconf 89' lang='lat' dir='ltr'>quod</span> <span class='ocrx_word' id='word_1_108' title='bbox 2218 1327 2341 1380; x_wconf 87' lang='lat' dir='ltr'>tur·</span> 
     </span>
     <span class='ocr_line' id='line_1_14' title="bbox 383 1402 2345 1481; baseline 0 -18"><span class='ocrx_word' id='word_1_109' title='bbox 383 1402 521 1463; x_wconf 90' lang='lat' dir='ltr'>bam</span> <span class='ocrx_word' id='word_1_110' title='bbox 552 1404 843 1465; x_wconf 88' lang='lat' dir='ltr'>inermem</span> <span class='ocrx_word' id='word_1_111' title='bbox 873 1403 1230 1477; x_wconf 86' lang='lat' dir='ltr'>caedebant,</span> <span class='ocrx_word' id='word_1_112' title='bbox 1264 1419 1447 1479; x_wconf 89' lang='lat' dir='ltr'>quam</span> <span class='ocrx_word' id='word_1_113' title='bbox 1475 1403 1530 1465; x_wconf 84' lang='lat' dir='ltr'>si</span> <span class='ocrx_word' id='word_1_114' title='bbox 1559 1402 1895 1481; x_wconf 87' lang='lat' dir='ltr'>periculum</span> <span class='ocrx_word' id='word_1_115' title='bbox 1924 1420 2039 1479; x_wconf 86' lang='lat' dir='ltr'>par</span> <span class='ocrx_word' id='word_1_116' title='bbox 2067 1410 2127 1465; x_wconf 89' lang='lat' dir='ltr'>et</span> <span class='ocrx_word' id='word_1_117' title='bbox 2154 1403 2345 1465; x_wconf 87' lang='lat' dir='ltr'>ardor</span> 
     </span>
     <span class='ocr_line' id='line_1_15' title="bbox 384 1486 2341 1549; baseline 0 -2"><span class='ocrx_word' id='word_1_118' title='bbox 384 1488 726 1548; x_wconf 81' lang='lat' dir='ltr'>certaminis</span> <span class='ocrx_word' id='word_1_119' title='bbox 758 1504 869 1547; x_wconf 92' lang='lat' dir='ltr'>eos</span> <span class='ocrx_word' id='word_1_120' title='bbox 899 1486 1176 1548; x_wconf 90' lang='lat' dir='ltr'>irritaret.</span> <span class='ocrx_word' id='word_1_121' title='bbox 1242 1487 1325 1547; x_wconf 83' lang='lat' dir='ltr'>ita</span> <span class='ocrx_word' id='word_1_122' title='bbox 1352 1486 1568 1548; x_wconf 88' lang='lat' dir='ltr'>Henna</span> <span class='ocrx_word' id='word_1_123' title='bbox 1594 1494 1700 1549; x_wconf 87' lang='lat' dir='ltr'>aut</span> <span class='ocrx_word' id='word_1_124' title='bbox 1726 1488 1887 1549; x_wconf 86' lang='lat' dir='ltr'>malo</span> <span class='ocrx_word' id='word_1_125' title='bbox 1917 1493 2021 1549; x_wconf 88' lang='lat' dir='ltr'>aut</span> <span class='ocrx_word' id='word_1_126' title='bbox 2050 1502 2341 1549; x_wconf 83' lang='lat' dir='ltr'>necessa-</span> 
     </span>
     <span class='ocr_line' id='line_1_16' title="bbox 380 1570 1054 1631; baseline 0 0"><span class='ocrx_word' id='word_1_127' title='bbox 380 1570 472 1631; x_wconf 89' lang='lat' dir='ltr'>rio</span> <span class='ocrx_word' id='word_1_128' title='bbox 505 1571 774 1631; x_wconf 77' lang='lat' dir='ltr'>facinore</span> <span class='ocrx_word' id='word_1_129' title='bbox 803 1576 1054 1631; x_wconf 85' lang='lat' dir='ltr'>retenta.</span> 
     </span>
    </p>

    <p class='ocr_par' dir='ltr' id='par_1_3' title="bbox 377 1654 2345 3308">
     <span class='ocr_line' id='line_1_17' title="bbox 549 1654 2342 1732; baseline 0 -17"><span class='ocrx_word' id='word_1_130' title='bbox 549 1654 876 1716; x_wconf 84' lang='lat' dir='ltr'>Marcellus</span> <span class='ocrx_word' id='word_1_131' title='bbox 915 1669 1031 1716; x_wconf 89' lang='lat' dir='ltr'>nec</span> <span class='ocrx_word' id='word_1_132' title='bbox 1069 1655 1295 1717; x_wconf 79' lang='lat' dir='ltr'>sactum</span> <span class='ocrx_word' id='word_1_133' title='bbox 1334 1655 1727 1732; x_wconf 82' lang='lat' dir='ltr'>improbavit,</span> <span class='ocrx_word' id='word_1_134' title='bbox 1770 1662 1830 1716; x_wconf 86' lang='lat' dir='ltr'>et</span> <span class='ocrx_word' id='word_1_135' title='bbox 1858 1654 2153 1731; x_wconf 82' lang='lat' dir='ltr'>praedam</span> <span class='ocrx_word' id='word_1_136' title='bbox 2180 1656 2342 1717; x_wconf 91' lang='lat' dir='ltr'>Hen-</span> 
     </span>
     <span class='ocr_line' id='line_1_18' title="bbox 382 1738 2342 1817; baseline 0.002 -19"><span class='ocrx_word' id='word_1_137' title='bbox 382 1739 661 1800; x_wconf 88' lang='lat' dir='ltr'>nensium</span> <span class='ocrx_word' id='word_1_138' title='bbox 685 1738 974 1801; x_wconf 84' lang='lat' dir='ltr'>militibus</span> <span class='ocrx_word' id='word_1_139' title='bbox 997 1739 1324 1814; x_wconf 85' lang='lat' dir='ltr'>concessit,</span> <span class='ocrx_word' id='word_1_140' title='bbox 1353 1746 1520 1801; x_wconf 89' lang='lat' dir='ltr'>ratus</span> <span class='ocrx_word' id='word_1_141' title='bbox 1549 1739 1763 1802; x_wconf 90' lang='lat' dir='ltr'>timore</span> <span class='ocrx_word' id='word_1_142' title='bbox 1787 1739 2111 1801; x_wconf 86' lang='lat' dir='ltr'>deterritos</span> <span class='ocrx_word' id='word_1_143' title='bbox 2138 1755 2179 1799; x_wconf 90' lang='lat' dir='ltr'>a</span> <span class='ocrx_word' id='word_1_144' title='bbox 2198 1755 2342 1817; x_wconf 89' lang='lat' dir='ltr'>pro·</span> 
     </span>
     <span class='ocr_line' id='line_1_19' title="bbox 382 1822 2343 1900; baseline 0.001 -16"><span class='ocrx_word' id='word_1_145' title='bbox 382 1822 710 1884; x_wconf 83' lang='lat' dir='ltr'>ditionibus</span> <span class='ocrx_word' id='word_1_146' title='bbox 736 1822 1182 1899; x_wconf 87' lang='lat' dir='ltr'>praesidiorum</span> <span class='ocrx_word' id='word_1_147' title='bbox 1204 1822 1465 1885; x_wconf 89' lang='lat' dir='ltr'>Siculos.</span> <span class='ocrx_word' id='word_1_148' title='bbox 1510 1831 1693 1900; x_wconf 88' lang='lat' dir='ltr'>atquc</span> <span class='ocrx_word' id='word_1_149' title='bbox 1722 1838 1797 1883; x_wconf 88' lang='lat' dir='ltr'>ea</span> <span class='ocrx_word' id='word_1_150' title='bbox 1815 1823 2048 1898; x_wconf 89' lang='lat' dir='ltr'>clades,</span> <span class='ocrx_word' id='word_1_151' title='bbox 2081 1830 2147 1887; x_wconf 89' lang='lat' dir='ltr'>ut</span> <span class='ocrx_word' id='word_1_152' title='bbox 2172 1822 2343 1887; x_wconf 81' lang='lat' dir='ltr'>urbis</span> 
     </span>
     <span class='ocr_line' id='line_1_20' title="bbox 384 1905 2345 1984; baseline 0.002 -18"><span class='ocrx_word' id='word_1_153' title='bbox 384 1905 442 1966; x_wconf 90' lang='lat' dir='ltr'>in</span> <span class='ocrx_word' id='word_1_154' title='bbox 485 1907 687 1967; x_wconf 88' lang='lat' dir='ltr'>media</span> <span class='ocrx_word' id='word_1_155' title='bbox 717 1906 924 1968; x_wconf 88' lang='lat' dir='ltr'>Sicilia</span> <span class='ocrx_word' id='word_1_156' title='bbox 970 1906 1123 1970; x_wconf 65' lang='lat' dir='ltr'>sitae</span> <span class='ocrx_word' id='word_1_157' title='bbox 1166 1909 1495 1983; x_wconf 85' lang='lat' dir='ltr'>claraeque</span> <span class='ocrx_word' id='word_1_158' title='bbox 1538 1908 1635 1969; x_wconf 87' lang='lat' dir='ltr'>vel</span> <span class='ocrx_word' id='word_1_159' title='bbox 1683 1906 1763 1968; x_wconf 92' lang='lat' dir='ltr'>ob</span> <span class='ocrx_word' id='word_1_160' title='bbox 1803 1907 2109 1984; x_wconf 82' lang='lat' dir='ltr'>insignem</span> <span class='ocrx_word' id='word_1_161' title='bbox 2148 1907 2345 1969; x_wconf 88' lang='lat' dir='ltr'>muni·</span> 
     </span>
     <span class='ocr_line' id='line_1_21' title="bbox 383 1990 2344 2068; baseline 0.001 -17"><span class='ocrx_word' id='word_1_162' title='bbox 383 1999 584 2053; x_wconf 86' lang='lat' dir='ltr'>mento</span> <span class='ocrx_word' id='word_1_163' title='bbox 611 1992 866 2053; x_wconf 87' lang='lat' dir='ltr'>naturali</span> <span class='ocrx_word' id='word_1_164' title='bbox 889 1992 1088 2052; x_wconf 88' lang='lat' dir='ltr'>locum</span> <span class='ocrx_word' id='word_1_165' title='bbox 1111 1990 1209 2051; x_wconf 90' lang='lat' dir='ltr'>vel</span> <span class='ocrx_word' id='word_1_166' title='bbox 1233 1991 1315 2053; x_wconf 91' lang='lat' dir='ltr'>ob</span> <span class='ocrx_word' id='word_1_167' title='bbox 1338 1997 1580 2053; x_wconf 89' lang='lat' dir='ltr'>sacrata</span> <span class='ocrx_word' id='word_1_168' title='bbox 1608 1990 1813 2053; x_wconf 86' lang='lat' dir='ltr'>omnia</span> <span class='ocrx_word' id='word_1_169' title='bbox 1829 1991 2109 2068; x_wconf 81' lang='lat' dir='ltr'>vestigiis</span> <span class='ocrx_word' id='word_1_170' title='bbox 2129 2000 2344 2068; x_wconf 80' lang='lat' dir='ltr'>raptae</span> 
     </span>
     <span class='ocr_line' id='line_1_22' title="bbox 383 2074 2345 2151; baseline 0.002 -18"><span class='ocrx_word' id='word_1_171' title='bbox 383 2075 694 2149; x_wconf 85' lang='lat' dir='ltr'>quondam</span> <span class='ocrx_word' id='word_1_172' title='bbox 736 2074 1174 2151; x_wconf 88' lang='lat' dir='ltr'>Proserpinae,</span> <span class='ocrx_word' id='word_1_173' title='bbox 1231 2091 1431 2151; x_wconf 90' lang='lat' dir='ltr'>prope</span> <span class='ocrx_word' id='word_1_174' title='bbox 1482 2092 1607 2140; x_wconf 88' lang='lat' dir='ltr'>uno</span> <span class='ocrx_word' id='word_1_175' title='bbox 1645 2074 1746 2137; x_wconf 90' lang='lat' dir='ltr'>die</span> <span class='ocrx_word' id='word_1_176' title='bbox 1788 2090 2031 2137; x_wconf 86' lang='lat' dir='ltr'>omnem</span> <span class='ocrx_word' id='word_1_177' title='bbox 2071 2074 2345 2138; x_wconf 90' lang='lat' dir='ltr'>Siciliam</span> 
     </span>
     <span class='ocr_line' id='line_1_23' title="bbox 383 2159 2345 2235; baseline 0.002 -17"><span class='ocrx_word' id='word_1_178' title='bbox 383 2160 670 2233; x_wconf 87' lang='lat' dir='ltr'>pervasit.</span> <span class='ocrx_word' id='word_1_179' title='bbox 739 2166 798 2219; x_wconf 93' lang='lat' dir='ltr'>et</span> <span class='ocrx_word' id='word_1_180' title='bbox 841 2159 986 2235; x_wconf 89' lang='lat' dir='ltr'>quia</span> <span class='ocrx_word' id='word_1_181' title='bbox 1015 2159 1208 2221; x_wconf 89' lang='lat' dir='ltr'>caede</span> <span class='ocrx_word' id='word_1_182' title='bbox 1238 2159 1489 2221; x_wconf 76' lang='lat' dir='ltr'>infanda</span> <span class='ocrx_word' id='word_1_183' title='bbox 1529 2160 1821 2222; x_wconf 87' lang='lat' dir='ltr'>rebantur</span> <span class='ocrx_word' id='word_1_184' title='bbox 1861 2176 1983 2221; x_wconf 92' lang='lat' dir='ltr'>non</span> <span class='ocrx_word' id='word_1_185' title='bbox 2026 2160 2345 2223; x_wconf 87' lang='lat' dir='ltr'>hominum</span> 
     </span>
     <span class='ocr_line' id='line_1_24' title="bbox 381 2243 2342 2320; baseline 0.002 -19"><span class='ocrx_word' id='word_1_186' title='bbox 381 2248 606 2303; x_wconf 88' lang='lat' dir='ltr'>tantum</span> <span class='ocrx_word' id='word_1_187' title='bbox 637 2243 753 2303; x_wconf 89' lang='lat' dir='ltr'>scd</span> <span class='ocrx_word' id='word_1_188' title='bbox 781 2244 960 2305; x_wconf 85' lang='lat' dir='ltr'>etiam</span> <span class='ocrx_word' id='word_1_189' title='bbox 991 2243 1246 2305; x_wconf 88' lang='lat' dir='ltr'>deorum</span> <span class='ocrx_word' id='word_1_190' title='bbox 1275 2244 1489 2305; x_wconf 89' lang='lat' dir='ltr'>sedem</span> <span class='ocrx_word' id='word_1_191' title='bbox 1518 2243 1803 2305; x_wconf 85' lang='lat' dir='ltr'>violatam</span> <span class='ocrx_word' id='word_1_192' title='bbox 1830 2258 1991 2320; x_wconf 86' lang='lat' dir='ltr'>esse,</span> <span class='ocrx_word' id='word_1_193' title='bbox 2038 2250 2163 2305; x_wconf 89' lang='lat' dir='ltr'>tum</span> <span class='ocrx_word' id='word_1_194' title='bbox 2194 2259 2342 2305; x_wconf 81' lang='lat' dir='ltr'>vero</span> 
     </span>
     <span class='ocr_line' id='line_1_25' title="bbox 381 2325 2342 2405; baseline 0.003 -19"><span class='ocrx_word' id='word_1_195' title='bbox 381 2326 486 2402; x_wconf 90' lang='lat' dir='ltr'>qui</span> <span class='ocrx_word' id='word_1_196' title='bbox 515 2325 697 2387; x_wconf 86' lang='lat' dir='ltr'>etiam</span> <span class='ocrx_word' id='word_1_197' title='bbox 726 2333 865 2387; x_wconf 86' lang='lat' dir='ltr'>ante</span> <span class='ocrx_word' id='word_1_198' title='bbox 895 2326 1064 2389; x_wconf 90' lang='lat' dir='ltr'>dubii</span> <span class='ocrx_word' id='word_1_199' title='bbox 1095 2328 1335 2389; x_wconf 79' lang='lat' dir='ltr'>fuerant</span> <span class='ocrx_word' id='word_1_200' title='bbox 1363 2328 1646 2389; x_wconf 81' lang='lat' dir='ltr'>defecere</span> <span class='ocrx_word' id='word_1_201' title='bbox 1676 2328 1757 2389; x_wconf 87' lang='lat' dir='ltr'>ad</span> <span class='ocrx_word' id='word_1_202' title='bbox 1786 2326 2050 2389; x_wconf 89' lang='lat' dir='ltr'>Poenos.</span> <span class='ocrx_word' id='word_1_203' title='bbox 2108 2328 2342 2405; x_wconf 87' lang='lat' dir='ltr'>Hippo·</span> 
     </span>
     <span class='ocr_line' id='line_1_26' title="bbox 383 2409 2343 2489; baseline 0.001 -18"><span class='ocrx_word' id='word_1_204' title='bbox 383 2416 580 2471; x_wconf 85' lang='lat' dir='ltr'>crates</span> <span class='ocrx_word' id='word_1_205' title='bbox 612 2409 754 2471; x_wconf 90' lang='lat' dir='ltr'>inde</span> <span class='ocrx_word' id='word_1_206' title='bbox 775 2410 1196 2487; x_wconf 82' lang='lat' dir='ltr'>Murgantiam,</span> <span class='ocrx_word' id='word_1_207' title='bbox 1225 2410 1484 2473; x_wconf 86' lang='lat' dir='ltr'>Himilco</span> <span class='ocrx_word' id='word_1_208' title='bbox 1508 2411 1905 2488; x_wconf 78' lang='lat' dir='ltr'>Agrigentum</span> <span class='ocrx_word' id='word_1_209' title='bbox 1925 2426 2069 2473; x_wconf 88' lang='lat' dir='ltr'>sese</span> <span class='ocrx_word' id='word_1_210' title='bbox 2090 2411 2343 2489; x_wconf 87' lang='lat' dir='ltr'>recepit,</span> 
     </span>
     <span class='ocr_line' id='line_1_27' title="bbox 379 2494 2344 2573; baseline 0.002 -19"><span class='ocrx_word' id='word_1_211' title='bbox 379 2508 514 2555; x_wconf 90' lang='lat' dir='ltr'>cum</span> <span class='ocrx_word' id='word_1_212' title='bbox 557 2495 732 2556; x_wconf 86' lang='lat' dir='ltr'>acciti</span> <span class='ocrx_word' id='word_1_213' title='bbox 764 2511 801 2555; x_wconf 87' lang='lat' dir='ltr'>a</span> <span class='ocrx_word' id='word_1_214' title='bbox 831 2494 1248 2571; x_wconf 87' lang='lat' dir='ltr'>proditoribus</span> <span class='ocrx_word' id='word_1_215' title='bbox 1279 2495 1653 2573; x_wconf 89' lang='lat' dir='ltr'>nequiquam</span> <span class='ocrx_word' id='word_1_216' title='bbox 1682 2496 1760 2558; x_wconf 88' lang='lat' dir='ltr'>ad</span> <span class='ocrx_word' id='word_1_217' title='bbox 1790 2495 2064 2557; x_wconf 86' lang='lat' dir='ltr'>Hennam</span> <span class='ocrx_word' id='word_1_218' title='bbox 2106 2496 2344 2557; x_wconf 87' lang='lat' dir='ltr'>exerci-</span> 
     </span>
     <span class='ocr_line' id='line_1_28' title="bbox 380 2574 2344 2651; baseline 0.002 -12"><span class='ocrx_word' id='word_1_219' title='bbox 380 2585 503 2639; x_wconf 90' lang='lat' dir='ltr'>tum</span> <span class='ocrx_word' id='word_1_220' title='bbox 533 2574 972 2643; x_wconf 82' lang='lat' dir='ltr'>admovissent.</span> <span class='ocrx_word' id='word_1_221' title='bbox 1013 2580 1339 2642; x_wconf 87' lang='lat' dir='ltr'>Marcellus</span> <span class='ocrx_word' id='word_1_222' title='bbox 1369 2586 1529 2641; x_wconf 86' lang='lat' dir='ltr'>retro</span> <span class='ocrx_word' id='word_1_223' title='bbox 1558 2580 1620 2640; x_wconf 88' lang='lat' dir='ltr'>in</span> <span class='ocrx_word' id='word_1_224' title='bbox 1642 2578 1975 2641; x_wconf 89' lang='lat' dir='ltr'>Leontinos</span> <span class='ocrx_word' id='word_1_225' title='bbox 1999 2580 2185 2651; x_wconf 74' lang='lat' dir='ltr'>redit3</span> <span class='ocrx_word' id='word_1_226' title='bbox 2219 2581 2344 2643; x_wconf 80' lang='lat' dir='ltr'>l&#39;ru-</span> 
     </span>
     <span class='ocr_line' id='line_1_29' title="bbox 378 2663 2342 2740; baseline 0.001 -17"><span class='ocrx_word' id='word_1_227' title='bbox 378 2669 706 2739; x_wconf 90' lang='lat' dir='ltr'>mentoque</span> <span class='ocrx_word' id='word_1_228' title='bbox 737 2670 798 2725; x_wconf 91' lang='lat' dir='ltr'>et</span> <span class='ocrx_word' id='word_1_229' title='bbox 825 2663 1264 2725; x_wconf 87' lang='lat' dir='ltr'>commeatibus</span> <span class='ocrx_word' id='word_1_230' title='bbox 1294 2663 1431 2725; x_wconf 90' lang='lat' dir='ltr'>aliis</span> <span class='ocrx_word' id='word_1_231' title='bbox 1461 2663 1521 2725; x_wconf 92' lang='lat' dir='ltr'>in</span> <span class='ocrx_word' id='word_1_232' title='bbox 1553 2670 1757 2725; x_wconf 87' lang='lat' dir='ltr'>castra</span> <span class='ocrx_word' id='word_1_233' title='bbox 1786 2664 2119 2739; x_wconf 86' lang='lat' dir='ltr'>convectis,</span> <span class='ocrx_word' id='word_1_234' title='bbox 2164 2680 2342 2740; x_wconf 87' lang='lat' dir='ltr'>prae-</span> 
     </span>
     <span class='ocr_line' id='line_1_30' title="bbox 379 2746 2343 2827; baseline 0.001 -20"><span class='ocrx_word' id='word_1_235' title='bbox 379 2746 541 2809; x_wconf 88' lang='lat' dir='ltr'>sidio</span> <span class='ocrx_word' id='word_1_236' title='bbox 570 2747 816 2808; x_wconf 89' lang='lat' dir='ltr'>modico</span> <span class='ocrx_word' id='word_1_237' title='bbox 849 2746 932 2808; x_wconf 92' lang='lat' dir='ltr'>ibi</span> <span class='ocrx_word' id='word_1_238' title='bbox 961 2748 1204 2823; x_wconf 88' lang='lat' dir='ltr'>relicto,</span> <span class='ocrx_word' id='word_1_239' title='bbox 1250 2748 1332 2809; x_wconf 87' lang='lat' dir='ltr'>ad</span> <span class='ocrx_word' id='word_1_240' title='bbox 1361 2746 1707 2827; x_wconf 80' lang='lat' dir='ltr'>Syracusas</span> <span class='ocrx_word' id='word_1_241' title='bbox 1742 2746 2121 2810; x_wconf 86' lang='lat' dir='ltr'>obsidendas</span> <span class='ocrx_word' id='word_1_242' title='bbox 2154 2747 2343 2809; x_wconf 81' lang='lat' dir='ltr'>venit.</span> 
     </span>
     <span class='ocr_line' id='line_1_31' title="bbox 379 2830 2344 2907; baseline 0.002 -17"><span class='ocrx_word' id='word_1_243' title='bbox 379 2830 521 2891; x_wconf 90' lang='lat' dir='ltr'>inde</span> <span class='ocrx_word' id='word_1_244' title='bbox 545 2831 775 2907; x_wconf 60' lang='lat' dir='ltr'>‘Appio</span> <span class='ocrx_word' id='word_1_245' title='bbox 829 2830 1082 2893; x_wconf 86' lang='lat' dir='ltr'>Claudio</span> <span class='ocrx_word' id='word_1_246' title='bbox 1133 2832 1389 2893; x_wconf 87' lang='lat' dir='ltr'>Romam</span> <span class='ocrx_word' id='word_1_247' title='bbox 1444 2832 1526 2893; x_wconf 93' lang='lat' dir='ltr'>ad</span> <span class='ocrx_word' id='word_1_248' title='bbox 1577 2833 1959 2893; x_wconf 89' lang='lat' dir='ltr'>consulatum</span> <span class='ocrx_word' id='word_1_249' title='bbox 1986 2831 2344 2907; x_wconf 85' lang='lat' dir='ltr'>-petendum</span> 
     </span>
     <span class='ocr_line' id='line_1_32' title="bbox 377 2914 2344 2991; baseline 0.002 -17"><span class='ocrx_word' id='word_1_250' title='bbox 377 2914 569 2975; x_wconf 90' lang='lat' dir='ltr'>misso</span> <span class='ocrx_word' id='word_1_251' title='bbox 583 2916 647 2974; x_wconf 90' lang='lat' dir='ltr'>T.</span> <span class='ocrx_word' id='word_1_252' title='bbox 665 2914 1006 2989; x_wconf 82' lang='lat' dir='ltr'>Quinctium</span> <span class='ocrx_word' id='word_1_253' title='bbox 1023 2914 1366 2991; x_wconf 89' lang='lat' dir='ltr'>Crispinum</span> <span class='ocrx_word' id='word_1_254' title='bbox 1396 2915 1455 2977; x_wconf 93' lang='lat' dir='ltr'>in</span> <span class='ocrx_word' id='word_1_255' title='bbox 1488 2916 1619 2977; x_wconf 89' lang='lat' dir='ltr'>eius</span> <span class='ocrx_word' id='word_1_256' title='bbox 1650 2917 1851 2977; x_wconf 88' lang='lat' dir='ltr'>locum</span> <span class='ocrx_word' id='word_1_257' title='bbox 1880 2915 2067 2977; x_wconf 83' lang='lat' dir='ltr'>classi</span> <span class='ocrx_word' id='word_1_258' title='bbox 2093 2916 2344 2977; x_wconf 87' lang='lat' dir='ltr'>castris-</span> 
     </span>
     <span class='ocr_line' id='line_1_33' title="bbox 379 2998 2343 3077; baseline 0.002 -19"><span class='ocrx_word' id='word_1_259' title='bbox 379 3013 501 3074; x_wconf 85' lang='lat' dir='ltr'>que</span> <span class='ocrx_word' id='word_1_260' title='bbox 544 2998 823 3074; x_wconf 84' lang='lat' dir='ltr'>praeflcit</span> <span class='ocrx_word' id='word_1_261' title='bbox 861 2999 1204 3060; x_wconf 78' lang='lat' dir='ltr'>veteribusx</span> <span class='ocrx_word' id='word_1_262' title='bbox 1249 2999 1387 3075; x_wconf 90' lang='lat' dir='ltr'>ipse</span> <span class='ocrx_word' id='word_1_263' title='bbox 1427 2999 1823 3061; x_wconf 84' lang='lat' dir='ltr'>hibernacula</span> <span class='ocrx_word' id='word_1_264' title='bbox 1868 2998 2138 3077; x_wconf 85' lang='lat' dir='ltr'>quinque</span> <span class='ocrx_word' id='word_1_265' title='bbox 2175 2999 2343 3069; x_wconf 76' lang='lat' dir='ltr'>milia</span> 
     </span>
     <span class='ocr_line' id='line_1_34' title="bbox 377 3082 2343 3160; baseline 0.003 -19"><span class='ocrx_word' id='word_1_266' title='bbox 377 3096 688 3159; x_wconf 84' lang='lat' dir='ltr'>passuum</span> <span class='ocrx_word' id='word_1_267' title='bbox 716 3082 1040 3160; x_wconf 78' lang='lat' dir='ltr'>Hexapylo</span> <span class='ocrx_word' id='word_1_268' title='bbox 1084 3116 1169 3127; x_wconf 94' lang='lat'><strong>—</strong></span> <span class='ocrx_word' id='word_1_269' title='bbox 1196 3083 1429 3145; x_wconf 89' lang='lat' dir='ltr'>Leonta</span> <span class='ocrx_word' id='word_1_270' title='bbox 1456 3093 1680 3145; x_wconf 86' lang='lat' dir='ltr'>vocant</span> <span class='ocrx_word' id='word_1_271' title='bbox 1704 3084 1909 3146; x_wconf 88' lang='lat' dir='ltr'>locum</span> <span class='ocrx_word' id='word_1_272' title='bbox 1946 3114 2033 3127; x_wconf 94' lang='lat'>—-</span> <span class='ocrx_word' id='word_1_273' title='bbox 2072 3099 2343 3147; x_wconf 89' lang='lat' dir='ltr'>commu·</span> 
     </span>
     <span class='ocr_line' id='line_1_35' title="bbox 377 3165 2342 3308; baseline 0.002 -82"><span class='ocrx_word' id='word_1_274' title='bbox 377 3165 483 3308; x_wconf 58' lang='lat' dir='ltr'>¹niit</span> <span class='ocrx_word' id='word_1_275' title='bbox 525 3165 1016 3242; x_wconf 81' lang='lat' dir='ltr'>aedificavitque.</span> <span class='ocrx_word' id='word_1_276' title='bbox 1093 3166 1250 3229; x_wconf 88' lang='lat' dir='ltr'>haec</span> <span class='ocrx_word' id='word_1_277' title='bbox 1277 3167 1337 3229; x_wconf 89' lang='lat' dir='ltr'>in</span> <span class='ocrx_word' id='word_1_278' title='bbox 1372 3167 1579 3231; x_wconf 86' lang='lat' dir='ltr'>Sicilia</span> <span class='ocrx_word' id='word_1_279' title='bbox 1620 3184 1822 3243; x_wconf 91' lang='lat' dir='ltr'>usque</span> <span class='ocrx_word' id='word_1_280' title='bbox 1864 3168 1944 3229; x_wconf 88' lang='lat' dir='ltr'>ad</span> <span class='ocrx_word' id='word_1_281' title='bbox 1977 3166 2342 3246; x_wconf 88' lang='lat' dir='ltr'>principium</span> 
     </span>
    </p>

    <p class='ocr_par' dir='ltr' id='par_1_4' title="bbox 420 3248 1856 3326">
     <span class='ocr_line' id='line_1_36' title="bbox 420 3248 1856 3326; baseline 0.001 -18"><span class='ocrx_word' id='word_1_282' title='bbox 420 3248 592 3311; x_wconf 87' lang='lat' dir='ltr'>icmis</span> <span class='ocrx_word' id='word_1_283' title='bbox 623 3256 816 3326; x_wconf 85' lang='lat' dir='ltr'>gesta.</span> <span class='ocrx_word' id='word_1_284' title='bbox 1848 3272 1856 3291; x_wconf 65' lang='lat'><strong><em>⁴</em></strong></span> 
     </span>
    </p>

    <p class='ocr_par' dir='ltr' id='par_1_5' title="bbox 375 3333 2349 3582">
     <span class='ocr_line' id='line_1_37' title="bbox 541 3333 2349 3413; baseline 0.003 -18"><span class='ocrx_word' id='word_1_285' title='bbox 541 3333 663 3395; x_wconf 88' lang='lat' dir='ltr'>XL.</span> <span class='ocrx_word' id='word_1_286' title='bbox 719 3334 950 3395; x_wconf 84' lang='lat' dir='ltr'>Eadem</span> <span class='ocrx_word' id='word_1_287' title='bbox 979 3343 1212 3398; x_wconf 89' lang='lat' dir='ltr'>aestate</span> <span class='ocrx_word' id='word_1_288' title='bbox 1241 3342 1464 3398; x_wconf 84' lang='lat' dir='ltr'>etcum</span> <span class='ocrx_word' id='word_1_289' title='bbox 1489 3335 1772 3413; x_wconf 88' lang='lat' dir='ltr'>Philippo</span> <span class='ocrx_word' id='word_1_290' title='bbox 1802 3351 1977 3411; x_wconf 79' lang='lat' dir='ltr'>rege,</span> <span class='ocrx_word' id='word_1_291' title='bbox 2025 3335 2195 3413; x_wconf 90' lang='lat' dir='ltr'>quod</span> <span class='ocrx_word' id='word_1_292' title='bbox 2222 3336 2349 3401; x_wconf 80' lang='lat' dir='ltr'>iam</span> 
     </span>
     <span class='ocr_line' id='line_1_38' title="bbox 375 3417 2344 3497; baseline 0.003 -20"><span class='ocrx_word' id='word_1_293' title='bbox 375 3424 516 3479; x_wconf 85' lang='lat' dir='ltr'>ante</span> <span class='ocrx_word' id='word_1_294' title='bbox 545 3424 903 3495; x_wconf 88' lang='lat' dir='ltr'>suspectum</span> <span class='ocrx_word' id='word_1_295' title='bbox 933 3420 1148 3497; x_wconf 78' lang='lat' dir='ltr'>ruerat,</span> <span class='ocrx_word' id='word_1_296' title='bbox 1179 3426 1407 3482; x_wconf 88' lang='lat' dir='ltr'>motum</span> <span class='ocrx_word' id='word_1_297' title='bbox 1436 3419 1661 3482; x_wconf 87' lang='lat' dir='ltr'>bellum</span> <span class='ocrx_word' id='word_1_298' title='bbox 1690 3426 1802 3481; x_wconf 90' lang='lat' dir='ltr'>est.</span> <span class='ocrx_word' id='word_1_299' title='bbox 1843 3419 2025 3497; x_wconf 82' lang='lat' dir='ltr'>legati</span> <span class='ocrx_word' id='word_1_300' title='bbox 2054 3419 2133 3481; x_wconf 89' lang='lat' dir='ltr'>ab</span> <span class='ocrx_word' id='word_1_301' title='bbox 2158 3417 2344 3483; x_wconf 84' lang='lat' dir='ltr'>Orico</span> 
     </span>
     <span class='ocr_line' id='line_1_39' title="bbox 375 3501 2345 3582; baseline 0.004 -21"><span class='ocrx_word' id='word_1_302' title='bbox 375 3502 452 3564; x_wconf 79' lang='lat' dir='ltr'>ad</span> <span class='ocrx_word' id='word_1_303' title='bbox 481 3501 561 3564; x_wconf 77' lang='lat' dir='ltr'>M.</span> <span class='ocrx_word' id='word_1_304' title='bbox 593 3502 906 3565; x_wconf 86' lang='lat' dir='ltr'>Valerium</span> <span class='ocrx_word' id='word_1_305' title='bbox 936 3511 1281 3581; x_wconf 90' lang='lat' dir='ltr'>praetorem</span> <span class='ocrx_word' id='word_1_306' title='bbox 1311 3510 1627 3581; x_wconf 86' lang='lat' dir='ltr'>venerunt,</span> <span class='ocrx_word' id='word_1_307' title='bbox 1672 3504 2126 3582; x_wconf 89' lang='lat' dir='ltr'>praesidentem</span> <span class='ocrx_word' id='word_1_308' title='bbox 2154 3502 2345 3569; x_wconf 66' lang='lat' dir='ltr'>classi</span> 
     </span>
    </p>
   </div>
  </div>
 </body>
</html>
