2550 3959
639 223 871 282 LmER
898 223 1165 284 xxvffl.
1213 223 1381 284 CAP.
1407 229 1495 287 39.
1541 231 1613 298 [a.
1639 231 1702 284 e.
1725 195 1848 298 205]
2094 225 2217 290 265

248 386 455 452 prope
490 379 689 448 esset,
732 380 800 434 ut
844 373 1171 450 optabilem
1200 389 1281 434 ex
1307 375 1646 434 miserrima
1691 375 1932 436 fortuna
1959 375 2216 439 habero·

246 471 410 534 muS,
434 456 497 517 P.
524 463 583 518 et
604 457 708 518 Cn.
736 457 994 518 Cornelii
1023 457 1426 534 imperatores
1452 459 1642 519 vestri
1671 459 2014 522 luctuosius
2033 461 2214 523 nobis

245 553 505 619 quoque
548 557 733 618 quarn
772 539 949 602 vobis
980 541 1308 616 perierunt.
1380 544 1508 603 tum'
1535 555 1684 603 vero
1715 542 1796 602 ad
1823 541 1949 604 hoe
1971 547 2215 608 retracti

243 641 329 685 ex
371 625 737 686 distantibus
782 625 937 686 locis
980 625 1039 685 in
1082 625 1297 686 sedem
1344 626 1656 702 antiquam
1703 626 2096 703 videbamur,
2147 636 2216 691 ut

242 709 465 770 iterum
506 708 847 785 periremus
877 715 937 768 et
966 708 1219 770 alterurn
1246 709 1553 770 excidium
1581 707 1817 786 patriae
1841 705 2213 789 videremuS,

242 807 365 854 nec
396 793 475 852 ad
506 791 839 869 perniciem
866 798 1139 862 nostram
1170 792 1652 869 Carthaginiensi
1679 795 1894 870 utique
1922 802 2027 856 aut
2053 795 2214 858 duce

242 883 355 938 aut
384 875 657 939 exercitu
680 892 841 954 opus
872 889 1049 946 esse3
1096 877 1175 937 ab
1194 876 1481 939 Turdulis
1512 890 1628 938 nos
1650 878 1990 939 veterrimis
2019 878 2210 940 hosti-

242 961 394 1035 buS,
444 959 548 1036 qui
577 959 803 1036 prioris
836 976 1085 1037 quoque
1113 960 1338 1020 excidii
1377 975 1568 1022 eausa
1595 961 1774 1022 nobis
1803 963 2073 1038 fluerunt,
2103 977 2207 1024 ex·-

242 1044 474 1120 stingui
517 1055 741 1120 possea
807 1059 946 1105 eum
987 1059 1067 1104 ex
1094 1045 1409 1119 insperato
1453 1051 1706 1122 repente
1745 1045 2000 1108 misistis
2031 1046 2208 1112 nobis

248 1127 313 1188 P.
346 1127 512 1189 hune
542 1127 918 1204 Scipionem,
965 1143 1147 1204 quem
1176 1128 1640 1190 fortunatissimi
1671 1129 1940 1190 omnium
1971 1128 2209 1206 Sagun·
2277 1159 2282 1172 ·

244 1213 513 1273 tinorum
557 1212 837 1272 videmur
880 1212 1027 1288 quia
1072 1213 1391 1274 consulem
1421 1212 1795 1273 declaratum
1821 1211 2104 1274 videmus
2134 1231 2208 1288 a(

242 1295 479 1357 vidisse
542 1308 658 1358 nos
709 1292 949 1357 nivibus
999 1295 1228 1357 nostris
1276 1296 1676 1358 renuntiaturi
1726 1308 1971 1372 sumus,
2029 1312 2210 1372 spem

244 1392 489 1442 omnem
532 1382 916 1455 salutemque
944 1387 1246 1451 nostram3
1316 1379 1421 1456 qui
1451 1396 1589 1441 oum
1617 1381 1911 1456 plurimas
1939 1379 2208 1442 hostium

246 1469 587 1524 vestrorum
633 1463 904 1540 cepisset
942 1463 1005 1523 in
1032 1463 1330 1539 Hispania
1367 1464 1586 1540 urbes,
1629 1463 1859 1541 ubique
1886 1479 1966 1526 ex
1995 1471 2207 1542 capto-

242 1557 381 1608 rum
438 1551 695 1608 numero
742 1553 1027 1608 excretos
1087 1547 1462 1624 Saguntinos
1515 1549 1576 1609 in
1633 1549 1890 1626 patriam
1940 1551 2200 1622 remisi·t;

242 1637 560 1708 postremo
585 1629 1031 1707 Turdetaniam,
1062 1630 1220 1692 adeo
1250 1631 1536 1694 infestam
1565 1634 1766 1707 nobis,
1799 1640 1867 1695 ut
1893 1634 2000 1694 illa
2025 1640 2206 1708 gente

242 1715 531 1778 incolumi
562 1722 726 1779 stare
756 1711 1093 1790 Saguntum
1122 1729 1247 1776 non
1274 1723 1510 1792 posset,
1552 1717 1634 1778 ita
1661 1717 1822 1777 bello
1855 1716 2109 1792 adili-xit,
2141 1724 2207 1778 ut
2296 1783 2300 1788 ,

242 1814 367 1860 ῐιοη
409 1797 594 1860 modo
638 1797 1107 1860 nobis—absit
1146 1800 1336 1861 verbo
1393 1799 1755 1872 invidia—,
1801 1815 1880 1859 ne
1935 1801 2203 1876 posteris

245 1884 496 1960 quidem
538 1881 806 1944 timenda
847 1883 1075 1945 nostris
1106 1891 1294 1944 esset.
1362 1883 1624 1943 deletam
1651 1883 1865 1943 urbem
1895 1883 2204 1946 cernimus

244 1975 473 2040 eorm,
507 1977 769 2044 quorum
798 1965 859 2027 in
889 1966 1145 2042 gratiam
1171 1965 1510 2044 Saguntum
1538 1966 1850 2028 deleverat
1869 1967 2202 2028 Hannibal=

246 2051 504 2126 vectigal
556 2066 635 2112 ex
674 2067 822 2126 agro
877 2064 1091 2112 eorum
1134 2051 1443 2127 capimus,
1495 2051 1665 2127 quod
1709 2049 1890 2112 nobis
1919 2063 2044 2114 non
2081 2057 2203 2112 tam

244 2137 445 2198 fructu
473 2132 800 2196 iucundius
831 2140 927 2196 est
955 2143 1137 2212 quam
1164 2135 1414 2196 ultione.
1485 2135 1566 2195 ob
1591 2134 1777 2206 haec,
1823 2133 2046 2210 quibus
2077 2152 2200 2196 ma-

244 2220 379 2282 iora
416 2233 533 2279 nee
562 2233 818 2295 sperare
845 2233 961 2279 nee
991 2225 1206 2294 optare
1238 2218 1316 2278 ab
1355 2219 1451 2278 dis
1482 2218 1924 2278 immortalibus
1957 2226 2200 2293 potera-

243 2314 407 2378 mus,
451 2302 680 2378 gratias
725 2309 927 2364 actum
956 2317 1073 2363 nos
1104 2301 1320 2361 decem
1348 2303 1585 2376 legatos
1618 2299 1990 2376 Saguntinus
2021 2315 2198 2362 sena·

243 2395 341 2448 tus
374 2385 878 2462 populusque-ad
903 2401 1019 2446 vos
1051 2384 1244 2454 misit3
1289 2384 1468 2444 simul
1496 2385 1889 2458 gratulatum,
1923 2385 2092 2460 quod
2120 2385 2202 2445 ita

240 2485 343 2531 res
372 2469 490 2532 hos
521 2481 718 2533 annos
742 2469 803 2530 in
822 2469 1123 2546 Hispania
1142 2473 1328 2543 atque
1351 2467 1521 2528 l‘taiia
1539 2466 1840 2540 gessistis,
1871 2468 1962 2527 uti
1979 2467 2198 2542 Hispa—

242 2553 404 2614 niam
444 2569 569 2616 non
597 2553 825 2616 Hibero
866 2566 1045 2614 amne
1084 2559 1294 2626 tenus,
1337 2551 1452 2611 sed
1481 2561 1605 2626 qua
1631 2556 1929 2610 terrarum
1957 2550 2198 2610 ultimas

243 2637 372 2698 finit
401 2633 714 2712 Oceanus,
755 2637 1044 2700 domitam
1072 2635 1257 2696 armi-s
1287 2634 1590 2708 habeatiS,
1633 2632 1872 2710 ltaliae,
1903 2633 2020 2694 nisi
2049 2649 2200 2710 qua-

243 2728 419 2782 tenus
462 2722 690 2782 vallum
731 2725 1072 2782 castrorum
1116 2719 1330 2794 cingit,
1375 2717 1524 2778 nihil
1565 2715 1932 2792 reliqueritis
1969 2717 2195 2779 Poeno.

244 2803 371 2866 Iovi
396 2805 625 2881 optimo
648 2803 934 2879 maximo,
960 2803 1229 2879 praesidi
1247 2800 1620 2877 Capitoiinae
1643 2801 1822 2875 arcis,
1845 2816 1970 2862 non
1993 2806 2198 2875 grates

243 2890 470 2950 tantum
500 2887 579 2952 ob
605 2889 761 2948 haee
788 2902 974 2962 agere
1004 2888 1158 2948 iussi
1188 2901 1421 2958 sumus,
1453 2885 1566 2946 sed
1593 2884 1824 2944 donum
1848 2883 1970 2944 hoo
1999 2884 2198 2958 etiam,

244 2971 439 3034 sivos
470 2970 915 3048 pennitteretiS,
947 2983 1237 3032 eoronam
1268 2981 1517 3030 auream
1545 2969 1605 3028 in
1622 2966 1980 3044 Capitolium
2005 2967 2197 3028 victo-

244 3053 370 3114 riae
398 3067 546 3130 ergo
578 3055 754 3116 ferre.
825 3054 889 3115 ld
916 3053 1003 3116 uti
1033 3051 1798 3130 permittatis‘quaesumus
1813 3097 1831 3126 ,
1871 3051 2113 3127 utique,
2143 3049 2197 3110 si

244 3137 421 3198 vobis
464 3138 547 3199 ita
588 3138 925 3212 videretur,
970 3148 1131 3213 quae
1168 3136 1350 3197 nobis
1385 3137 1784 3212 imperatores
1815 3134 2002 3194 vestri
2033 3148 2198 3194 oom-

242 3221 425 3282 moda
451 3223 806 3297 tribuerunt,
838 3237 914 3282 ea
940 3227 1073 3282 rata
1092 3226 1280 3296 atque
1303 3227 1600 3296 perpetua
1619 3217 1976 3280 auctoritate
1994 3222 2202 3276 vestra

245 3303 535 3368 laetatis“.
594 3313 845 3366 senatus
874 3304 1088 3380 legatis
1122 3303 1474 3378 Saguntinis
1501 3300 1825 3377 respondit
1851 3307 1910 3362 et
1937 3301 2199 3361 dirutum

244 3393 304 3448 et
338 3390 680 3451 restitutum
722 3388 1058 3464 Saguntum
1098 3385 1243 3447 fidei
1286 3386 1534 3446 socialis
1575 3385 1880 3460 utrimque
1919 3396 2200 3445 servatae

247 3471 676 3536 documentum
728 3472 1013 3533 omnibus
1052 3469 1335 3547 gentibus
1379 3470 1532 3530 fore.
1603 3483 1756 3528 suos
1797 3468 2198 3546 imperatores
