2550 3959
527 186 752 267 menn
778 206 990 265 xxiv.
1037 206 1438 269 CAP.31.32.
1484 213 1557 280 [a.
1588 214 1655 271 c.
1687 214 1813 281 ιιι]
2067 206 2155 271 33

209 373 318 435 quc
345 373 406 418 m
433 355 866 435 Syracusanos
895 354 1114 417 milites
1143 354 1401 427 fiebant·
1448 372 1562 417 nec
1592 356 1669 417 ab
1702 358 1824 419 ullo
1854 364 2151 435 tempera-

211 450 318 503 tum
347 442 534 515 roret,
579 438 640 499 ni
667 438 982 517 Epicydes
1014 446 1196 514 atque
1225 438 1635 517 Hippocrates
1666 440 1795 501 irae
1824 443 2149 505 multitudi

210 526 290 587 nis
313 524 556 587 obviam
577 522 790 598 issent,
814 539 934 587 non
958 538 994 583 a
1018 524 1437 584 misericordia
1459 531 1563 585 aut
1582 523 1847 587 humano
1873 526 2152 601 consili0,

208 610 308 669 scd
336 625 416 669 ne
436 623 613 684 spem
637 607 869 667 reditus
895 606 1321 683 praeciderent
1341 608 1477 681 sibi,
1522 614 1581 669 et
1611 624 1747 669 cum
1774 609 1950 685 ipsos
1972 572 2152 670 simui

205 693 412 755 milites
440 692 604 753 fidos
632 690 928 752 baberent
955 690 1134 751 simul
1177 690 1461 765 obsides,
1505 700 1631 753 tum
1672 699 1968 767 cognatos
2001 710 2151 769 quo·

206 792 316 853 que
358 790 570 835 eorum
611 780 798 850 atque
841 774 1072 838 amicos
1101 781 1266 837 tanto
1296 775 1509 836 merito
1552 776 1842 851 primum,
1888 776 2029 837 dein
2058 778 2153 855 pi·

201 876 383 938 gnore
425 858 542 920 sibi
583 857 995 920 conciliarent.
1059 857 1449 935 expertique,
1494 876 1679 935 quam
1706 876 1868 921 vana
1898 867 2003 923 aut
2031 860 2151 923 levi

201 960 342 1007 aura
379 941 604 1004 mobile
631 942 854 1019 vulgus
900 948 1095 1017 esset,
1139 941 1387 1003 militem
1415 944 1617 1003 nancti
1661 960 1737 1003 ex
1769 960 1843 1005 eo
1874 962 2151 1020 numere,

202 1029 296 1104 qui
327 1026 386 1087 in
417 1026 726 1087 Leontinis
757 1026 1146 1087 circumsessi
1176 1032 1367 1101 erant,
1398 1026 1749 1101 subornant,
1792 1036 1859 1091 ut
1886 1028 2150 1107 Syracu·

201 1128 299 1175 sas
341 1111 636 1188 perferret
675 1110 946 1171 nuntium
987 1110 1451 1171 convenientem
1486 1110 1577 1171 eis
1622 1128 1783 1187 quae
1823 1113 1905 1173 ad
1944 1114 2151 1191 Mylan

201 1196 350 1257 falso
381 1193 653 1256 nuntiata
694 1200 892 1267 erant,
937 1200 1375 1269 auctoremque
1402 1210 1474 1255 se
1504 1194 1853 1258 exhibendo
1884 1212 1956 1258 ac
1988 1197 2151 1258 velut

205 1280 334 1340 visa
364 1294 524 1353 quae
554 1277 740 1339 dubia
770 1285 941 1339 erant
969 1277 1276 1338 narrando
1310 1277 1641 1352 concitaret
1666 1278 1790 1342 iras
1818 1280 2139 1342 hominum

195 1362 432 1423 XXXII.
472 1362 615 1423 huic
637 1378 760 1423 non
791 1363 957 1438 apud
989 1362 1238 1437 vulgum
1264 1362 1451 1422 modo
1481 1363 1640 1423 fides
1670 1361 1795 1438 fuit,
1826 1364 1941 1424 sed
1972 1378 2149 1423 sena-

203 1452 316 1509 tum
347 1462 604 1523 quoque
633 1444 694 1507 in
725 1445 953 1507 curiam
983 1444 1363 1507 introductus
1393 1446 1600 1507 movit.
1651 1446 1816 1509 haud
1844 1446 1988 1507 vani
2019 1446 2145 1523 qui-

197 1532 334 1591 dam
359 1530 646 1591 homines
689 1530 892 1606 palam
919 1531 1079 1592 ferre
1109 1528 1379 1606 perbene
1408 1530 1708 1591 detectam
1749 1532 1811 1593 in
1837 1530 2150 1593 Leontinis

195 1630 336 1677 esse
363 1614 678 1675 avaritiem
707 1620 767 1675 et
796 1612 1210 1676 crudelitatem
1231 1614 1665 1675 Romanorum.
1708 1615 1945 1687 eadem,
1977 1617 2033 1676 si
2061 1616 2149 1676 in-

195 1704 460 1761 trassent
499 1696 876 1775 Syracusas,
933 1703 1037 1759 aut
1075 1697 1356 1758 foediora
1395 1698 1607 1773 etiam,
1666 1714 1788 1775 quo
1830 1699 2029 1759 maius
2066 1698 2151 1759 ibi

191 1781 482 1843 avaritiae
511 1780 846 1858 praemium
875 1786 1058 1855 esset,
1091 1782 1359 1841 facturos
1382 1780 1594 1842 fuisse.
1636 1779 1843 1856 itaque
1866 1780 2151 1843 clauden-

193 1868 304 1929 das
347 1865 551 1927 cuncti
595 1872 804 1942 portas
834 1872 894 1926 et
935 1864 1401 1927 custodiendam
1442 1863 1654 1926 urbem
1694 1879 1973 1927 censere.
2022 1864 2152 1925 'sed

191 1966 312 2011 non
343 1950 424 2011 ab
455 1947 652 2010 isdem
688 1965 902 2011 omnes
935 1950 1143 2011 timere
1172 1963 1285 2009 nec
1316 1949 1569 2009 eosdem
1603 1948 1845 2011 odisse=
1889 1949 1969 2011 ad
1996 1948 2149 2011 mili-

191 2040 318 2095 tare
345 2050 546 2111 genus
576 2048 756 2093 omne
784 2042 1143 2109 partemque
1170 2048 1454 2108 magnam
1484 2032 1683 2109 plebis
1712 2033 1979 2095 invisum
2008 2049 2153 2096 esse

187 2133 414 2179 nomen
428 2118 798 2189 Romanum;
832 2124 1148 2194 praetores
1178 2117 1683 2194 optimatiumque
1706 2117 1905 2193 pauci,
1941 2134 2151 2195 quam-

188 2218 372 2277 quam
396 2200 592 2264 inflati
614 2216 775 2261 vano
798 2202 1010 2263 nuntio
1034 2207 1222 2277 erant,
1251 2207 1455 2263 tamen
1478 2201 1556 2260 ad
1581 2200 1836 2277 propius
1862 2217 2134 2278 praesen-

185 2287 438 2362 tiusque
461 2285 686 2345 malum
710 2286 1012 2347 cautiores
1037 2300 1198 2345 esse.
1242 2290 1303 2345 et
1330 2283 1457 2345 iarnv
1472 2284 1553 2345 ad
1564 2284 1953 2363 Hexapylum
1984 2292 2152 2347 erant

185 2370 602 2447 Hippocrates
631 2368 1165 2447 atqueEpicydeS,
1197 2368 1681 2445 serebanturque
1712 2369 2021 2445 colloquia
2040 2386 2153 2447 per

183 2454 578 2531 propinquos
609 2452 1032 2530 popularium,
1079 2454 1182 2529 qui
1212 2452 1270 2513 in
1304 2450 1574 2513 exercitu
1605 2458 1804 2527 erant,
1847 2458 1913 2511 ut
1940 2460 2149 2527 portas

184 2536 500 2615 aperirent
529 2536 922 2614 sinerentque
953 2552 1337 2599 communem
1368 2536 1625 2611 patriam
1655 2534 1906 2596 defendi
1936 2535 2013 2596 ab
2044 2536 2150 2595 im-

185 2628 335 2699 petu
388 2622 826 2700 Romanorum.
903 2620 1024 2681 iam
1075 2620 1214 2683 unis
1269 2619 1503 2682 foribus
1557 2618 1865 2699 Hexapyli
1921 2620 2150 2695 apertis

183 2705 396 2782 coepti
421 2711 592 2766 erant
616 2703 824 2781 recipi,
856 2721 993 2767 cum
1017 2711 1333 2782 praetores
1356 2704 1828 2765 intervenerunt.
1872 2709 1929 2763 et
1955 2704 2150 2779 primo
2234 2725 2245 2730 ”

182 2789 450 2867 imperio
501 2788 836 2865 minisque,
902 2789 1126 2851 deinde
1175 2788 1530 2851 auctoritate
1582 2786 1976 2861 deterrendo,
2042 2804 2151 2864 po-

179 2881 454 2949 stremo,
496 2880 565 2935 ut
604 2873 808 2933 omnia
848 2888 1008 2935 vana
1053 2881 1255 2947 erant,
1304 2871 1472 2935 obliti
1498 2871 1835 2933 maiestatis
1866 2871 2151 2948 precibus

179 2956 487 3033 agebant,
530 2973 609 3017 ne
650 2956 985 3034 proderent
1026 2956 1284 3033 patriam
1327 2956 1571 3037 tyranni
1612 2962 1753 3018 ante
1793 2955 2153 3019 satellitibus

178 3048 235 3101 et
287 3048 417 3101 tum
452 3040 909 3119 corruptoribus
941 3040 1266 3103 exercitus,
1324 3041 1438 3103 sed
1466 3040 1693 3105 surdae
1722 3040 1803 3101 ad
1834 3056 1909 3101 ea
1952 3040 2153 3103 omnin

175 3140 376 3187 aures
420 3124 759 3187 concitatae
800 3124 1197 3187 multitudinis
1227 3131 1430 3199 erant,
1480 3140 1595 3187 nec
1622 3123 1859 3187 minore
1898 3122 2060 3183 intus
2090 3122 2153 3183 vi

177 3224 378 3285 quarn
420 3207 570 3271 foris
615 3214 829 3286 portae
871 3206 1379 3287 effringebantur,
1436 3208 1829 3283 effractisque
1870 3205 2151 3269 omnibus
2220 3260 2224 3263 .

177 3298 314 3355 toto
347 3290 677 3373 Hexapylo
708 3309 928 3369 agmen
956 3299 1272 3371 receptum
1302 3299 1414 3355 est.
1478 3299 1796 3371 praetores
1826 3289 1889 3351 in
1916 3290 2153 3354 Achra-

173 3376 398 3437 dinam
419 3392 558 3437 cum
586 3378 897 3439 iuventute
917 3377 1307 3455 popularium
1336 3376 1709 3453 confugiunt.
1752 3372 2171 3437 mercennarii-

171 3460 409 3522 milites
443 3462 872 3605 perfugaleque
914 3469 972 3523 et
1005 3461 1310 3539 quidquid
1336 3461 1645 3539 regiorum
1682 3458 1936 3607 agnitum
1967 3459 2141 3536 Syra

258 3560 326 3603 τ.
356 3558 483 3604 uvi
512 3562 664 3607 mas
781 3592 792 3603 .
