2550 3959
649 232 870 301 LIBER
892 234 1078 295 XXV.
1126 236 1290 297 CAP.
1318 250 1366 299 l.
1411 245 1485 315 [a.
1502 247 1565 299 C.
1592 250 1718 316 213]
2086 246 2164 312 51

864 482 1147 578 'l'l'l‘l
1237 484 1521 582 lel

711 632 829 695 AB
889 634 1150 695 URBE
1215 634 1677 700 CONDITA

978 748 1202 812 LIBER
1242 748 1422 814 XXV.

239 982 549 1039 EPITOME.
606 980 871 1033 Cornelius
901 981 1100 1049 Scipio,
1129 991 1307 1049 postea
1336 984 1631 1047 Africanus,
1661 994 1778 1038 ante
1807 1003 1967 1042 annos
1994 992 2174 1044 aedilis

312 1054 504 1105 factus.
552 1050 797 1103 Hannibal
825 1053 1002 1103 urbem
1019 1052 1289 1103 Tarentum
1309 1061 1510 1119 praeter
1526 1069 1691 1105 arcem
1703 1091 1719 1117 ,
1744 1057 1795 1107 in
1814 1073 1965 1122 quam
1985 1062 2176 1126 praest.

311 1124 461 1174 dium
476 1122 819 1171 Romanorum
849 1120 1073 1187 fugerat,
1106 1135 1199 1186 per
1213 1122 1511 1173 Tarentinos
1540 1124 1747 1175 iuvenes
1764 1161 1781 1187 ,
1818 1130 1909 1189 qui
1938 1142 1995 1179 se
2022 1137 2175 1180 noctu

307 1198 554 1243 venatum
573 1190 646 1239 ire
679 1190 1014 1251 simulabant,
1053 1192 1203 1256 cepit.
1251 1192 1361 1241 ludi
1383 1191 1697 1257 Apollinares
1718 1210 1783 1245 ex
1798 1194 1975 1247 Marcii
1994 1199 2176 1249 carmi·

309 1262 490 1319 nibus,
519 1260 702 1323 quibus
722 1258 998 1311 Cannensis
1026 1258 1198 1311 clades
1213 1260 1477 1326 praedicta
1498 1259 1663 1311 fuerat
1676 1298 1691 1322 ,
1727 1263 1945 1315 instituti
1973 1273 2107 1315 sunt.
2146 1281 2173 1322 s

314 1331 378 1391 Q.
397 1326 582 1380 Fulvio
612 1335 661 1379 et
689 1330 790 1395 Ap.
833 1327 1044 1379 Claudio
1075 1329 1368 1379 consulibus
1396 1330 1644 1381 adversus
1672 1330 1966 1383 Hannonem
1982 1335 2177 1385 Poeno·

310 1414 431 1449 rum
469 1398 648 1449 ducem
681 1412 927 1464 prospere
953 1404 1236 1463 pugnatum
1263 1406 1358 1449 est.
1415 1399 1524 1449 Tib.
1557 1397 1887 1467 Sempronius
1924 1400 2178 1453 Gracchus

311 1464 594 1535 proconsul
608 1502 626 1528 ,
658 1467 722 1517 ab
751 1466 955 1532 hospite
972 1480 1065 1517 suo
1083 1466 1290 1518 Lucano
1307 1468 1361 1517 in
1378 1469 1592 1519 insidias
1610 1470 1878 1532 deductus,
1913 1486 1945 1521 a
1960 1471 2179 1539 Magone

311 1536 616 1587 interfectus
644 1543 736 1586 est.
791 1534 1059 1586 Centenius
1076 1535 1295 1597 Penula,
1326 1538 1416 1601 qul
1444 1540 1671 1589 centurio
1704 1539 2034 1602 militaverat,
2064 1556 2179 1593 cum

312 1607 635 1673 petivissent
649 1612 848 1666 senatu,
865 1612 923 1655 ut
941 1604 1041 1655 sibi
1061 1606 1313 1655 exercitus
1334 1607 1551 1667 daretur,
1586 1606 1941 1673 pollicitusque
1962 1617 2113 1669 esset,
2134 1608 2180 1660 si

313 1676 417 1726 hoc
433 1676 774 1741 impetrasset,
794 1675 858 1726 de
876 1672 1156 1725 Hannibale
1170 1675 1456 1735 victoriam,
1491 1682 1603 1726 octo
1621 1676 1827 1727 milibus
1844 1679 2067 1743 acceptis
2084 1679 2180 1727 mi-

318 1744 474 1794 litum
509 1744 615 1795 dux
646 1743 810 1793 factus
837 1743 1063 1793 conflixit
1097 1744 1206 1793 acie
1236 1758 1355 1793 cum
1386 1742 1697 1803 Hannibale,
1732 1752 1782 1794 et
1808 1760 1925 1795 cum
1955 1747 2179 1796 exerci'u

319 1827 504 1864 caesus
528 1819 622 1863 est.
663 1810 752 1863 Cn.
774 1812 985 1863 Fulvius
1002 1819 1206 1877 praetor
1222 1812 1356 1861 male
1376 1813 1621 1862 adversus
1638 1812 1969 1865 Hannibalem
1984 1826 2179 1883 pugna·

311 1883 394 1934 vit
410 1918 426 1944 ,
459 1882 515 1931 ln
541 1895 643 1944 quo
673 1880 868 1947 proelio
897 1880 1159 1931 hominum
1178 1881 1402 1931 sedecim
1418 1881 1559 1931 milia
1579 1882 1895 1943 ceciderunt,
1927 1884 2041 1949 ipse
2066 1898 2183 1933 cum

316 1948 973 2073 &iiiiiss‘issssssiiizsffu
1013 1948 1537 2070 ikussssiuffitii?
1558 1949 1843 2085 §3213ss
1844 1951 2185 2089 Ἱζΐῃξζῖξῑ

317 2104 460 2141 auno
474 2089 644 2149 tertio,
663 2096 713 2139 et
729 2089 986 2155 ingentem
1003 2102 1059 2137 se
1075 2088 1241 2137 virum
1257 2090 1447 2153 gessit3
1466 2089 1519 2139 iu
1540 2102 1601 2137 eo
1619 2089 1837 2141 tumultu
1846 2091 1986 2141 urbis
2004 2098 2183 2158 captae

311 2157 656 2211 Archimedes
685 2158 906 2208 intentus
943 2156 1120 2207 formis
1133 2191 1150 2216 ‚
1187 2170 1314 2219 quas
1332 2158 1385 2207 in
1404 2156 1613 2224 pulvere
1632 2158 1996 2224 descripserat,
2028 2160 2183 2210 luter·

322 2229 492 2280 fectus
530 2233 622 2275 est.
677 2227 737 2276 P.
776 2231 826 2275 et
859 2222 950 2275 Cn.
990 2222 1253 2291 Scipiones
1290 2224 1343 2275 iu
1372 2226 1617 2291 Hispania
1652 2234 1726 2277 tot
1766 2242 1933 2277 rerum
1970 2228 2185 2279 fellciter

317 2304 585 2365 gestarum
622 2294 818 2344 tristem
854 2294 1048 2345 exitum
1084 2292 1331 2354 tulerunt,
1379 2309 1539 2360 prope
1574 2310 1690 2345 cum
1728 2296 1847 2347 totis
1883 2297 2185 2347 exercitibus

321 2366 468 2417 eaesi
493 2378 627 2413 anno
655 2370 835 2415 octavo
855 2377 1007 2427 quam
1025 2363 1076 2412 in
1089 2360 1387 2428 Hispaniam
1406 2364 1569 2414 ierunt
1581 2380 1598 2424 3
1632 2365 1921 2429 amissaque
1939 2364 2049 2416 eius
2066 2380 2184 2432 pro·

321 2434 529 2487 vinciae
544 2433 806 2498 possessio
828 2430 977 2493 foret,
1007 2432 1108 2481 nisi
1125 2430 1183 2483 L.
1206 2430 1384 2481 Marcii
1402 2432 1585 2494 equitis
1607 2432 1824 2483 Romani
1840 2434 2025 2484 virtute
2042 2441 2091 2484 et
2105 2434 2183 2482 in-

321 2503 526 2555 dustria
541 2501 812 2553 contractis
831 2501 1142 2551 exercituum
1157 2499 1405 2561 reliquiis,
1418 2500 1649 2549 eiusdem
1667 2499 1867 2549 hortatu
1884 2502 2008 2551 bina
2024 2507 2189 2551 castra

318 2572 552 2623 hostium
571 2576 858 2636 expugnata
875 2576 1061 2620 essent.
1099 2568 1167 2619 ad
1185 2567 1391 2633 triginta
1411 2576 1605 2633 septem
1625 2568 1764 2618 milia
1780 2582 1945 2629 caesa,
1966 2569 2034 2620 ad
2050 2568 2187 2619 mille

323 2639 605 2759 pettingerttti
623 2638 830 2705 triginta
851 2638 1008 2704 capti,
1026 2638 1218 2704 praeda
1236 2637 1420 2703 ingens
1438 2644 1613 2703 parta3
1651 2638 1755 2688 dux
1774 2636 1993 2689 Marcius
2010 2636 2187 2703 appel-

347 2724 380 2760 α
400 2723 467 2760 us
485 2722 540 2759 es
565 2742 582 2759 .

395 2809 442 2867 Ι.
496 2806 654 2867 Dum
695 2804 850 2866 haec
877 2804 940 2865 in
968 2806 1180 2866 Africa
1217 2811 1406 2881 atque
1448 2803 1509 2863 in
1536 2802 1837 2879 Hispania
1875 2810 2187 2879 geruntur,

225 2890 536 2953 Hannibal
574 2890 637 2949 in
665 2904 815 2964 agro
841 2888 1165 2949 Tarentino
1197 2894 1491 2949 aestatem
1522 2887 1907 2965 consumpsit
1935 2904 2051 2964 spe
2079 2904 2192 2963 per

221 2975 639 3052 proditionem
680 2972 850 3032 urbis
876 2973 1338 3033 Tarentinorum
1378 2972 1733 3047 potiundae.
1799 2972 2075 3049 ipsorum
2101 2972 2189 3030 in-

225 3059 406 3119 terim
435 3064 497 3119 et
518 3056 967 3117 Salentinorum
994 3054 1295 3131 ignobiles
1324 3056 1510 3115 urbes
1542 3057 1620 3116 ad
1650 3071 1791 3117 eum
1816 3056 2189 3117 defecerunt.
2210 3066 2229 3083 ·

225 3142 455 3204 eodem
480 3146 759 3216 tempore
790 3139 850 3200 in
872 3140 1120 3201 Bruttiis
1149 3155 1228 3201 ex
1249 3139 1577 3199 duodecim
1602 3139 1867 3215 populis,
1900 3141 2004 3215 qui
2026 3152 2189 3197 anno

227 3227 443 3302 priore
498 3224 579 3283 ad
622 3223 868 3285 Poenos
925 3223 1339 3295 desciverant,
1400 3222 1751 3283 Consentini
1809 3228 1870 3283 et
1914 3220 2190 3281 Terinaei

226 3312 289 3371 in
321 3309 512 3371 fidem
542 3307 755 3383 populi
776 3306 1037 3367 Romani
1063 3307 1406 3376 redierunt;
1450 3313 1511 3366 ct
1540 3308 1748 3380 plures
1776 3304 2100 3380 redissent,
2132 3304 2195 3363 ni

225 3395 293 3455 T.
321 3390 706 3469 Pomponius
747 3390 1126 3451 Veientanus
1168 3390 1518 3465 praefectus
1562 3390 1827 3462 socium,
1874 3388 2191 3464 prosperis

233 3479 472 3553 aliquot
512 3473 1014 3552 populationibus
1056 3480 1116 3534 ct
1143 3472 1202 3533 in
1233 3488 1383 3547 agro
1412 3471 1644 3532 Bruttio
1675 3470 1816 3531 iusti
1846 3473 2021 3533 ducis
2052 3487 2189 3547 spe-

1708 3558 1784 3614 ὁ*
