2550 3959
565 253 799 314 LIBER
824 253 1029 315 XXIX.
1081 256 1245 315 CAP.
1276 262 1364 317 31.
1394 265 1481 317 32.
1529 263 1602 329 [a.
1629 262 1844 327 cam]
2053 254 2174 317 313

224 407 377 467 Gala
416 405 539 465 no'n
572 404 779 463 verbis
804 404 993 465 modo
1025 404 1430 480 disceptat-um
1461 406 1574 465 sed
1615 405 1795 465 etiam
1832 406 2017 466 armis
2049 422 2178 466 cer·

224 498 415 551 tatum
442 489 655 563 fuerat,
694 496 1002 563 tamquam
1028 488 1195 548 haud
1224 488 1392 549 dubii
1421 489 1568 549 iuris
1599 490 1713 563 sui,
1759 496 1959 549 castra
1985 490 2177 550 locata

225 574 277 635 si
310 574 449 650 quis
490 578 725 645 arceat,
768 578 835 633 ut
866 571 1034 648 quod
1060 572 1326 632 maxime
1369 588 1526 649 opus
1556 573 1663 648 sit,
1707 572 1839 633 acie
1868 573 2178 635 dimicatu-

226 672 391 728 rum3
436 656 535 717 sin
574 672 687 733 per
726 662 952 717 metum
992 672 1139 731 agro
1182 656 1464 733 cedatur,
1519 657 1579 716 in
1620 658 1888 717 medium
1925 673 2178 733 regnum

224 740 512 803 eundum.
566 746 672 802 aut
692 740 827 801 sine
848 740 1177 801 certamine
1200 756 1612 801 concessuros
1637 741 1693 801 in
1719 741 2024 802 dicionem
2046 741 2178 803 eius

122 826 131 831 '
225 826 579 900 Maesulios,
608 832 713 883 aut
740 838 1127 899 nequaquam
1158 839 1342 900 pares
1371 825 1610 886 futuros
1641 825 1845 885 annis.
1887 825 1984 885 his
2013 826 2180 887 voci-

224 910 340 969 bus
382 908 663 969 incitatus
694 906 955 985 Syphax
981 908 1351 969 Masinissae
1375 908 1604 970 beilum
1643 909 1850 983 infert,
1896 915 1957 971 et
1982 909 2178 986 primo

226 992 551 1053 certamine
572 992 907 1053 Maesulios
939 992 1133 1053 fundit
1158 992 1467 1068 fugatque.-
1509 992 1840 1053 Masinissa
1869 1008 2007 1054 cum
2032 1009 2180 1069 pau-

226 1078 315 1137 cis
361 1076 667 1153 equitibus
710 1091 788 1135 ex
830 1076 963 1135 acie
1002 1076 1063 1135 in
1104 1082 1374 1136 montem
1412 1105 1499 1121 —-·-
1523 1076 1759 1137 Bellum
1801 1076 2042 1137 incolae
2071 1093 2178 1137 vo·

225 1168 365 1221 cant
388 1187 476 1205 ·—-—·
503 1160 779 1236 perfugit.
849 1160 1113 1219 familiae
1140 1160 1374 1236 aliquot
1399 1174 1537 1221 eum
1575 1160 1964 1236 mappalibus
1996 1176 2151 1235 peco

223 1246 521 1320 ribusque
564 1243 693 1305 suis
740 1270 829 1289 --
862 1258 945 1303 ‘ea
975 1244 1237 1318 pecunia
1277 1245 1396 1304 iilis
1428 1251 1524 1304 est
1558 1271 1644 1288 *-
1693 1244 2000 1320 persecuti
2041 1250 2183 1305 sunt
2251 1294 2264 1311 .

226 1344 463 1404 regem3
496 1334 699 1388 cetera
719 1327 1151 1388 Maesuliorum
1179 1328 1500 1388 multitudo
1527 1328 1588 1387 in
1611 1326 1917 1389 dicionem
1939 1327 2181 1405 Sypha·
2239 1320 2256 1339 ³

226 1413 317 1473 cis
348 1412 672 1473 concessit.
747 1424 928 1486 quem
959 1416 1247 1487 ceperant
1276 1412 1526 1473 exsules
1555 1418 1840 1487 montem,
1886 1411 2180 1473 herbidus

225 1510 629 1572 aquosusque
658 1501 783 1566 est;
824 1502 887 1555 et
916 1494 1059 1569 quia
1088 1496 1300 1571 pecori
1333 1495 1532 1557 bonus
1562 1496 1782 1557 alendo
1812 1502 1958 1571 erat,
1986 1495 2180 1556 homi-

224 1596 367 1640 num
396 1595 641 1657 quoque
664 1594 851 1639 carne
878 1595 953 1639 ac
980 1582 1137 1641 lacte
1158 1580 1539 1641 vescentium
1567 1579 1812 1640 abunde
1839 1579 2182 1641 sufficiebat

224 1664 543 1724 alimentis.
595 1664 739 1723 inde
767 1663 1082 1724 nocttunis
1115 1663 1310 1739 primo
1339 1679 1414 1723 ac
1441 1662 1680 1724 furtivis
1708 1663 2178 1736 incursionibuS,

226 1749 447 1809 deinde
471 1754 682 1823 aperto
704 1747 1021 1807 latrocinio
1043 1746 1265 1807 infesta
1293 1748 1499 1807 omnia
1519 1746 1685 1807 circa
1707 1760 1882 1809 essee
1919 1747 2182 1807 maxime

222 1833 316 1893 uri
347 1825 861 1907 Carthaginiensis
892 1846 1053 1907 ager,
1086 1832 1229 1908 quia
1258 1838 1320 1891 et
1347 1832 1486 1907 plus
1516 1832 1786 1907 praedae
1817 1844 1999 1906 quam
2027 1830 2183 1891 inter

223 1916 513 1977 Numidas
542 1922 603 1975 et
631 1914 1011 1977 latrocinium
1037 1916 1225 1978 tutius
1254 1922 1402 1977 erat.
1467 1915 1712 1991 iamque
1741 1916 1898 1976 adeo
1929 1915 2182 1975 licenter

226 2000 551 2061 eludebant
565 2046 583 2076 ,
622 2006 690 2061 ut
728 2000 812 2060 ad
839 2015 1007 2060 mare
1038 2000 1300 2060 delatam
1330 2000 1624 2076 praedam
1665 2000 1999 2060 venderent
2025 2015 2180 2059 mer-

225 2084 531 2145 catoribus
583 2083 1029 2161 appellentibus
1075 2100 1268 2145 naves
1321 2084 1403 2144 ad
1442 2083 1506 2145 id
1555 2082 1790 2159 ipsum,
1847 2083 2182 2159 pluresque

227 2184 411 2242 quam
438 2168 600 2227 iusto
623 2182 814 2244 saepe
841 2168 903 2227 in
929 2168 1092 2229 bello
1122 2166 1657 2243 Carthaginienses
1688 2168 1978 2228 caderent
1997 2182 2179 2242 cape-

225 2257 571 2324 renturque.
612 2250 1019 2327 deplorabant
1046 2266 1122 2310 ea
1148 2251 1321 2327 apud
1345 2250 1696 2329 Syphacem
1725 2250 2178 2326 Carthaginien-

225 2348 346 2405 seS,
372 2332 815 2408 incensumque
837 2338 897 2393 et
918 2334 1120 2409 ipsum
1144 2335 1225 2394 ad
1244 2335 1536 2411 reliquias
1552 2334 1696 2396 belli
1712 2334 2178 2410 persequendas

224 2415 610 2493 instigabant.
655 2417 771 2477 sed
798 2417 905 2476 vix
928 2418 1163 2493 regium
1190 2416 1514 2480 videbatur
1541 2420 1838 2480 latronem
1862 2434 2088 2494 vagum
2119 2418 2179 2477 in

224 2498 529 2563 montibus
560 2500 931 2561 consectariz
992 2500 1231 2561 XXXII.
1267 2502 1472 2563 Bucar
1509 2518 1590 2563 ex
1617 2502 1943 2580 praefectis
1971 2502 2176 2577 regiiS,

224 2587 316 2645 vir
345 2600 488 2645 acer
514 2590 576 2643 et
604 2585 877 2661 impiger,
920 2584 1001 2645 ad
1030 2585 1095 2645 id
1122 2586 1416 2659 delectuS,
1447 2591 1510 2647 et
1535 2585 1680 2647 data
1706 2592 1993 2663 quattuor
2015 2586 2181 2646 milia

223 2669 524 2745 peditum,
570 2668 695 2729 duo
726 2668 1025 2743 equitum
1074 2669 1606 2747 praemiorumque
1631 2670 1858 2746 ingenti
1887 2686 2004 2745 spe
2033 2686 2175 2731 one-

221 2760 407 2827 ratuS‚
438 2753 492 2812 si
522 2758 703 2828 caput
714 2752 1081 2812 Masinissae
1108 2753 1444 2813 rettulisset
1471 2760 1574 2814 aut
1597 2754 1802 2814 vivum
1827 2782 1914 2799 -—--
1937 2753 1998 2813 id
2030 2768 2178 2813 vero

240 2835 661 2899 naestimabile
689 2836 979 2911 gaudium
1006 2836 1140 2897 fore
1166 2870 1253 2881 --
1295 2838 1592 2913 cepisset,
1637 2838 1876 2914 palatos
1915 2837 2179 2897 incurio-

221 2937 415 2998 seque
444 2928 697 2996 agentes
726 2918 1063 2996 improviso
1091 2921 1346 2983 adortus
1363 2968 1378 2996 ,
1423 2934 1716 2997 pecorum
1742 2921 2180 2997 hominumque

221 3006 445 3079 ingenti
474 3004 855 3065 multitudine
884 3020 923 3063 a
952 3005 1261 3080 praesidio
1295 3012 1662 3065 armatorum
1691 3007 1960 3079 exclusa,
1994 3005 2179 3065 Masi-

220 3087 452 3148 nissam
494 3090 698 3164 ipsum
742 3102 877 3149 curn
919 3089 1133 3165 paucis
1177 3080 1237 3149 in
1269 3090 1558 3149 verticem
1586 3090 1812 3150 montis
1853 3090 2178 3165 compellit.

222 3171 363 3230 inde
394 3185 589 3247 prope
618 3174 736 3233 iam
766 3179 832 3233 ut
869 3173 1207 3247 debellato,
1250 3188 1365 3233 nec
1395 3174 1628 3249 praeda
1655 3174 1842 3235 modo
1885 3187 2179 3249 pecorum

218 3254 651 3332 hominumque
694 3262 1013 3333 captorum
1052 3258 1245 3317 missa
1288 3258 1369 3318 ad
1407 3270 1643 3333 regem,
1691 3258 1805 3317 sed
1845 3256 2072 3333 copiis,
2118 3264 2179 3316 ut

220 3339 531 3413 aliquanto
574 3338 909 3401 maioribus
954 3354 1135 3415 quam
1178 3354 1292 3415 pro
1333 3340 1610 3416 reliquiis
1649 3340 1826 3415 belli,
1879 3340 2176 3414 remissis,

222 3438 355 3482 cum
397 3422 559 3481 mille
586 3422 755 3483 haud
794 3424 1055 3500 amplius
1086 3423 1396 3501 peditibus
1427 3424 1829 3499 ducentisque
1869 3423 2176 3500 equitibus

219 3505 579 3583 degressum
606 3505 763 3581 iugis
776 3506 1167 3569 Masinissam
1193 3516 1576 3585 persecutuS,
1609 3505 1668 3569 in
1699 3508 1860 3567 valle
1891 3515 2019 3569 arta
2051 3510 2174 3567 fau-
