<?xml version="1.0" encoding="UTF-8"?>
<!DOCTYPE html PUBLIC "-//W3C//DTD XHTML 1.0 Transitional//EN"
    "http://www.w3.org/TR/xhtml1/DTD/xhtml1-transitional.dtd">
<html xmlns="http://www.w3.org/1999/xhtml" xml:lang="en" lang="en">
 <head>
  <title>
</title>
<meta http-equiv="Content-Type" content="text/html;charset=utf-8" />
  <meta name='ocr-system' content='tesseract 3.04.00' />
  <meta name='ocr-capabilities' content='ocr_page ocr_carea ocr_par ocr_line ocrx_word'/>
</head>
<body>
  <div class='ocr_page' id='page_1' title='image "./aburbeconditali13livygoog_0252.png"; bbox 0 0 2550 3959; ppageno 0'>
   <div class='ocr_carea' id='block_1_1' title="bbox 602 195 2166 272">
    <p class='ocr_par' dir='ltr' id='par_1_1' title="bbox 602 195 2166 272">
     <span class='ocr_line' id='line_1_1' title="bbox 602 195 2166 272; baseline 0.002 -16"><span class='ocrx_word' id='word_1_1' title='bbox 602 195 833 256; x_wconf 71' lang='grc' dir='ltr'>ιιΒΕΒ</span> <span class='ocrx_word' id='word_1_2' title='bbox 852 196 1120 256; x_wconf 79' lang='lat' dir='ltr'><strong>XXVIII.</strong></span> <span class='ocrx_word' id='word_1_3' title='bbox 1167 197 1331 257; x_wconf 84' lang='lat' dir='ltr'><strong>CAP.</strong></span> <span class='ocrx_word' id='word_1_4' title='bbox 1356 207 1407 259; x_wconf 85' lang='lat'><strong>5.</strong></span> <span class='ocrx_word' id='word_1_5' title='bbox 1455 204 1529 272; x_wconf 69' lang='lat' dir='ltr'><strong>[a.</strong></span> <span class='ocrx_word' id='word_1_6' title='bbox 1555 203 1620 254; x_wconf 86' lang='lat' dir='ltr'><strong>e.</strong></span> <span class='ocrx_word' id='word_1_7' title='bbox 1647 205 1774 268; x_wconf 76' lang='lat'><strong>207]</strong></span> <span class='ocrx_word' id='word_1_8' title='bbox 2036 195 2166 260; x_wconf 77' lang='lat'><strong>22⁵</strong></span> 
     </span>
    </p>
   </div>
   <div class='ocr_carea' id='block_1_2' title="bbox 150 348 2164 3596">
    <p class='ocr_par' dir='ltr' id='par_1_2' title="bbox 150 348 2164 3596">
     <span class='ocr_line' id='line_1_2' title="bbox 194 348 2162 416; baseline 0.001 -2"><span class='ocrx_word' id='word_1_9' title='bbox 194 351 575 414; x_wconf 83' lang='lat' dir='ltr'><strong>sustulerant</strong></span> <span class='ocrx_word' id='word_1_10' title='bbox 600 348 763 410; x_wconf 88' lang='lat' dir='ltr'><strong>enim</strong></span> <span class='ocrx_word' id='word_1_11' title='bbox 791 349 1261 412; x_wconf 79' lang='lat' dir='ltr'><strong>animosAetoli</strong></span> <span class='ocrx_word' id='word_1_12' title='bbox 1292 365 1429 411; x_wconf 89' lang='lat' dir='ltr'><strong>cum</strong></span> <span class='ocrx_word' id='word_1_13' title='bbox 1459 350 1536 410; x_wconf 86' lang='lat' dir='ltr'><strong>ab</strong></span> <span class='ocrx_word' id='word_1_14' title='bbox 1560 350 1836 412; x_wconf 87' lang='lat' dir='ltr'><strong>Romana</strong></span> <span class='ocrx_word' id='word_1_15' title='bbox 1866 351 2162 416; x_wconf 78' lang='lat' dir='ltr'><strong>societate</strong></span> 
     </span>
     <span class='ocr_line' id='line_1_3' title="bbox 191 432 2156 510; baseline -0.001 -14"><span class='ocrx_word' id='word_1_16' title='bbox 191 442 321 497; x_wconf 89' lang='lat' dir='ltr'><strong>tum</strong></span> <span class='ocrx_word' id='word_1_17' title='bbox 363 439 511 509; x_wconf 87' lang='lat' dir='ltr'><strong>post</strong></span> <span class='ocrx_word' id='word_1_18' title='bbox 536 432 724 495; x_wconf 77' lang='lat' dir='ltr'>Attali</span> <span class='ocrx_word' id='word_1_19' title='bbox 754 433 1115 506; x_wconf 88' lang='lat' dir='ltr'><strong>adventum,</strong></span> <span class='ocrx_word' id='word_1_20' title='bbox 1155 433 1574 510; x_wconf 85' lang='lat' dir='ltr'><strong>finitimosque</strong></span> <span class='ocrx_word' id='word_1_21' title='bbox 1604 435 2156 510; x_wconf 76' lang='lat' dir='ltr'><strong>depopulabantur.</strong></span> 
     </span>
     <span class='ocr_line' id='line_1_4' title="bbox 193 511 2162 594; baseline 0.001 -14"><span class='ocrx_word' id='word_1_22' title='bbox 193 533 312 580; x_wconf 88' lang='lat' dir='ltr'><strong>nec</strong></span> <span class='ocrx_word' id='word_1_23' title='bbox 330 518 691 578; x_wconf 84' lang='lat' dir='ltr'>Acarnanes</span> <span class='ocrx_word' id='word_1_24' title='bbox 720 517 922 578; x_wconf 90' lang='lat' dir='ltr'><strong>solum</strong></span> <span class='ocrx_word' id='word_1_25' title='bbox 942 516 1309 593; x_wconf 86' lang='lat' dir='ltr'><strong>Boeotiique</strong></span> <span class='ocrx_word' id='word_1_26' title='bbox 1336 525 1398 578; x_wconf 93' lang='lat' dir='ltr'><strong>et</strong></span> <span class='ocrx_word' id='word_1_27' title='bbox 1427 519 1532 594; x_wconf 91' lang='lat' dir='ltr'><strong>qui</strong></span> <span class='ocrx_word' id='word_1_28' title='bbox 1547 511 1864 583; x_wconf 84' lang='lat' dir='ltr'><strong>Euboeam</strong></span> <span class='ocrx_word' id='word_1_29' title='bbox 1885 519 2162 582; x_wconf 87' lang='lat' dir='ltr'><strong>incolunt</strong></span> 
     </span>
     <span class='ocr_line' id='line_1_5' title="bbox 194 601 2161 679; baseline 0 -16"><span class='ocrx_word' id='word_1_30' title='bbox 194 603 258 663; x_wconf 87' lang='lat' dir='ltr'><strong>in</strong></span> <span class='ocrx_word' id='word_1_31' title='bbox 296 617 521 676; x_wconf 80' lang='lat' dir='ltr'><strong>magno</strong></span> <span class='ocrx_word' id='word_1_32' title='bbox 561 606 726 663; x_wconf 87' lang='lat' dir='ltr'><strong>metu</strong></span> <span class='ocrx_word' id='word_1_33' title='bbox 765 606 968 676; x_wconf 87' lang='lat' dir='ltr'><strong>erant,</strong></span> <span class='ocrx_word' id='word_1_34' title='bbox 1012 601 1129 662; x_wconf 85' lang='lat' dir='ltr'><strong>sed</strong></span> <span class='ocrx_word' id='word_1_35' title='bbox 1157 601 1395 663; x_wconf 81' lang='lat' dir='ltr'><strong>Achaei</strong></span> <span class='ocrx_word' id='word_1_36' title='bbox 1436 618 1722 679; x_wconf 87' lang='lat' dir='ltr'><strong>quoque,</strong></span> <span class='ocrx_word' id='word_1_37' title='bbox 1769 619 1928 678; x_wconf 84' lang='lat' dir='ltr'><strong>quos</strong></span> <span class='ocrx_word' id='word_1_38' title='bbox 1969 618 2161 679; x_wconf 89' lang='lat' dir='ltr'><strong>super</strong></span> 
     </span>
     <span class='ocr_line' id='line_1_6' title="bbox 192 683 2162 766; baseline -0.001 -18"><span class='ocrx_word' id='word_1_39' title='bbox 192 685 541 748; x_wconf 71' lang='lat' dir='ltr'><strong>Aetolicum</strong></span> <span class='ocrx_word' id='word_1_40' title='bbox 577 684 807 746; x_wconf 77' lang='lat' dir='ltr'><strong>bellum·</strong></span> <span class='ocrx_word' id='word_1_41' title='bbox 839 683 1242 746; x_wconf 78' lang='lat' dir='ltr'><strong>Machanidas</strong></span> <span class='ocrx_word' id='word_1_42' title='bbox 1283 687 1463 747; x_wconf 87' lang='lat' dir='ltr'><strong>etiam</strong></span> <span class='ocrx_word' id='word_1_43' title='bbox 1501 686 2028 750; x_wconf 86' lang='lat' dir='ltr'><strong>Lacedaemonius</strong></span> <span class='ocrx_word' id='word_1_44' title='bbox 2065 693 2162 766; x_wconf 78' lang='lat' dir='ltr'><strong>ty-</strong></span> 
     </span>
     <span class='ocr_line' id='line_1_7' title="bbox 194 767 2160 846; baseline 0.001 -15"><span class='ocrx_word' id='word_1_45' title='bbox 194 785 427 832; x_wconf 88' lang='lat' dir='ltr'><strong>rannus</strong></span> <span class='ocrx_word' id='word_1_46' title='bbox 466 767 635 830; x_wconf 89' lang='lat' dir='ltr'><strong>haud</strong></span> <span class='ocrx_word' id='word_1_47' title='bbox 668 769 1286 843; x_wconf 70' lang='lat' dir='ltr'><strong>proculArgivorum</strong></span> <span class='ocrx_word' id='word_1_48' title='bbox 1315 769 1448 830; x_wconf 87' lang='lat' dir='ltr'><strong>fine.</strong></span> <span class='ocrx_word' id='word_1_49' title='bbox 1467 771 1690 846; x_wconf 81' lang='lat' dir='ltr'><strong>positis</strong></span> <span class='ocrx_word' id='word_1_50' title='bbox 1723 771 1942 834; x_wconf 87' lang='lat' dir='ltr'><strong>castris</strong></span> <span class='ocrx_word' id='word_1_51' title='bbox 1969 779 2160 834; x_wconf 84' lang='lat' dir='ltr'><strong>terre-</strong></span> 
     </span>
     <span class='ocr_line' id='line_1_8' title="bbox 194 852 2164 930; baseline 0.001 -16"><span class='ocrx_word' id='word_1_52' title='bbox 194 855 319 914; x_wconf 88' lang='lat' dir='ltr'><strong>bat.</strong></span> <span class='ocrx_word' id='word_1_53' title='bbox 373 852 437 912; x_wconf 89' lang='lat' dir='ltr'><strong>hi</strong></span> <span class='ocrx_word' id='word_1_54' title='bbox 470 866 687 914; x_wconf 85' lang='lat' dir='ltr'><strong>omnes</strong></span> <span class='ocrx_word' id='word_1_55' title='bbox 716 853 862 914; x_wconf 86' lang='lat' dir='ltr'><strong>suis.</strong></span> <span class='ocrx_word' id='word_1_56' title='bbox 887 852 1156 928; x_wconf 88' lang='lat' dir='ltr'><strong>quisque</strong></span> <span class='ocrx_word' id='word_1_57' title='bbox 1179 853 1468 928; x_wconf 83' lang='lat' dir='ltr'>urbibus,</span> <span class='ocrx_word' id='word_1_58' title='bbox 1513 869 1673 930; x_wconf 87' lang='lat' dir='ltr'><strong>quae</strong></span> <span class='ocrx_word' id='word_1_59' title='bbox 1700 853 1974 930; x_wconf 87' lang='lat' dir='ltr'><strong>pericula</strong></span> <span class='ocrx_word' id='word_1_60' title='bbox 2001 861 2164 918; x_wconf 75' lang='lat' dir='ltr'><strong>terra</strong></span> 
     </span>
     <span class='ocr_line' id='line_1_9' title="bbox 197 936 2162 1013; baseline 0.001 -15"><span class='ocrx_word' id='word_1_61' title='bbox 197 937 475 1013; x_wconf 84' lang='lat' dir='ltr'><strong>marique</strong></span> <span class='ocrx_word' id='word_1_62' title='bbox 503 936 1054 1012; x_wconf 75' lang='lat' dir='ltr'><strong>portendebantur,</strong></span> <span class='ocrx_word' id='word_1_63' title='bbox 1097 943 1506 998; x_wconf 82' lang='lat' dir='ltr'><strong>memorantes</strong></span> <span class='ocrx_word' id='word_1_64' title='bbox 1535 937 1762 999; x_wconf 85' lang='lat' dir='ltr'><strong>auxilia</strong></span> <span class='ocrx_word' id='word_1_65' title='bbox 1785 954 2004 1013; x_wconf 81' lang='lat' dir='ltr'><strong>regem·</strong></span> <span class='ocrx_word' id='word_1_66' title='bbox 2027 955 2162 1000; x_wconf 88' lang='lat' dir='ltr'><strong>ora-</strong></span> 
     </span>
     <span class='ocr_line' id='line_1_10' title="bbox 196 1020 2164 1099; baseline 0.002 -17"><span class='ocrx_word' id='word_1_67' title='bbox 196 1023 363 1082; x_wconf 85' lang='lat' dir='ltr'><strong>bant.</strong></span> <span class='ocrx_word' id='word_1_68' title='bbox 406 1035 487 1080; x_wconf 90' lang='lat' dir='ltr'><strong>ne</strong></span> <span class='ocrx_word' id='word_1_69' title='bbox 515 1037 595 1081; x_wconf 87' lang='lat' dir='ltr'><strong>ex</strong></span> <span class='ocrx_word' id='word_1_70' title='bbox 621 1035 819 1096; x_wconf 83' lang='lat' dir='ltr'><strong>reg-no</strong></span> <span class='ocrx_word' id='word_1_71' title='bbox 848 1020 1097 1096; x_wconf 90' lang='lat' dir='ltr'><strong>quidem</strong></span> <span class='ocrx_word' id='word_1_72' title='bbox 1123 1020 1323 1096; x_wconf 85' lang='lat' dir='ltr'><strong>ipsius</strong></span> <span class='ocrx_word' id='word_1_73' title='bbox 1351 1021 1712 1099; x_wconf 82' lang='lat' dir='ltr'><strong>tranquillae</strong></span> <span class='ocrx_word' id='word_1_74' title='bbox 1733 1022 2164 1086; x_wconf 79' lang='lat' dir='ltr'><strong>nuntiabantur</strong></span> 
     </span>
     <span class='ocr_line' id='line_1_11' title="bbox 200 1103 2162 1182; baseline 0.001 -18"><span class='ocrx_word' id='word_1_75' title='bbox 200 1121 333 1166; x_wconf 66' lang='lat' dir='ltr'><strong>resa</strong></span> <span class='ocrx_word' id='word_1_76' title='bbox 377 1111 436 1165; x_wconf 91' lang='lat' dir='ltr'><strong>et</strong></span> <span class='ocrx_word' id='word_1_77' title='bbox 467 1103 928 1166; x_wconf 83' lang='lat' dir='ltr'><strong>Scerdilaedum</strong></span> <span class='ocrx_word' id='word_1_78' title='bbox 954 1105 1426 1182; x_wconf 80' lang='lat' dir='ltr'><strong>Pleuratumque</strong></span> <span class='ocrx_word' id='word_1_79' title='bbox 1453 1111 1658 1167; x_wconf 87' lang='lat' dir='ltr'><strong>motos</strong></span> <span class='ocrx_word' id='word_1_80' title='bbox 1685 1120 1858 1180; x_wconf 88' lang='lat' dir='ltr'><strong>esse,</strong></span> <span class='ocrx_word' id='word_1_81' title='bbox 1889 1112 1952 1166; x_wconf 89' lang='lat' dir='ltr'><strong>et</strong></span> <span class='ocrx_word' id='word_1_82' title='bbox 1976 1107 2162 1168; x_wconf 87' lang='lat' dir='ltr'><strong>Thra-</strong></span> 
     </span>
     <span class='ocr_line' id='line_1_12' title="bbox 197 1188 2162 1266; baseline 0 -16"><span class='ocrx_word' id='word_1_83' title='bbox 197 1204 349 1250; x_wconf 88' lang='lat' dir='ltr'><strong>cum·</strong></span> <span class='ocrx_word' id='word_1_84' title='bbox 365 1189 643 1250; x_wconf 82' lang='lat' dir='ltr'><strong>maxime-</strong></span> <span class='ocrx_word' id='word_1_85' title='bbox 659 1188 940 1264; x_wconf 75' lang='lat' dir='ltr'><strong>MaedoS,</strong></span> <span class='ocrx_word' id='word_1_86' title='bbox 984 1189 1041 1250; x_wconf 88' lang='lat' dir='ltr'><strong>si</strong></span> <span class='ocrx_word' id='word_1_87' title='bbox 1068 1191 1239 1264; x_wconf 88' lang='lat' dir='ltr'><strong>quod</strong></span> <span class='ocrx_word' id='word_1_88' title='bbox 1256 1190 1672 1266; x_wconf 69' lang='lat' dir='ltr'><strong>¹longinquum</strong></span> <span class='ocrx_word' id='word_1_89' title='bbox 1697 1189 1925 1251; x_wconf 85' lang='lat' dir='ltr'><strong>bellum</strong></span> <span class='ocrx_word' id='word_1_90' title='bbox 1951 1205 2162 1264; x_wconf 81' lang='lat' dir='ltr'><strong>regem</strong></span> 
     </span>
     <span class='ocr_line' id='line_1_13' title="bbox 196 1271 2162 1349; baseline -0.001 -15"><span class='ocrx_word' id='word_1_91' title='bbox 196 1279 601 1349; x_wconf 77' lang='lat' dir='ltr'><strong>occupasset,</strong></span> <span class='ocrx_word' id='word_1_92' title='bbox 660 1273 943 1348; x_wconf 78' lang='lat' dir='ltr'><strong>proxima</strong></span> <span class='ocrx_word' id='word_1_93' title='bbox 996 1271 1400 1336; x_wconf 85' lang='lat' dir='ltr'><strong>Macedoniae</strong></span> <span class='ocrx_word' id='word_1_94' title='bbox 1454 1275 1834 1338; x_wconf 85' lang='lat' dir='ltr'><strong>incursuros.</strong></span> <span class='ocrx_word' id='word_1_95' title='bbox 1919 1273 2162 1334; x_wconf 89' lang='lat' dir='ltr'><strong>Boeotii</strong></span> 
     </span>
     <span class='ocr_line' id='line_1_14' title="bbox 199 1356 2160 1435; baseline 0 -19"><span class='ocrx_word' id='word_1_96' title='bbox 199 1357 455 1433; x_wconf 75' lang='lat' dir='ltr'><strong>quidem</strong></span> <span class='ocrx_word' id='word_1_97' title='bbox 502 1363 564 1416; x_wconf 90' lang='lat' dir='ltr'><strong>et</strong></span> <span class='ocrx_word' id='word_1_98' title='bbox 616 1356 934 1418; x_wconf 86' lang='lat' dir='ltr'><strong>interiores</strong></span> <span class='ocrx_word' id='word_1_99' title='bbox 995 1357 1288 1421; x_wconf 82' lang='lat' dir='ltr'><strong>Graeciae</strong></span> <span class='ocrx_word' id='word_1_100' title='bbox 1344 1356 1558 1435; x_wconf 89' lang='lat' dir='ltr'><strong>populi</strong></span> <span class='ocrx_word' id='word_1_101' title='bbox 1612 1358 2160 1435; x_wconf 77' lang='lat' dir='ltr'><strong>Thermopylarum</strong></span> 
     </span>
     <span class='ocr_line' id='line_1_15' title="bbox 198 1439 2162 1518; baseline 0.001 -18"><span class='ocrx_word' id='word_1_102' title='bbox 198 1441 395 1502; x_wconf 86' lang='lat' dir='ltr'><strong>saltus</strong></span> <span class='ocrx_word' id='word_1_103' title='bbox 414 1491 431 1516; x_wconf 95' lang='lat'>‚</span> <span class='ocrx_word' id='word_1_104' title='bbox 484 1439 589 1502; x_wconf 90' lang='lat' dir='ltr'><strong>ubi</strong></span> <span class='ocrx_word' id='word_1_105' title='bbox 620 1447 919 1515; x_wconf 77' lang='lat' dir='ltr'><strong>angustae</strong></span> <span class='ocrx_word' id='word_1_106' title='bbox 944 1441 1159 1503; x_wconf 82' lang='lat' dir='ltr'><strong>fauces</strong></span> <span class='ocrx_word' id='word_1_107' title='bbox 1191 1448 1470 1504; x_wconf 87' lang='lat' dir='ltr'><strong>coartant</strong></span> <span class='ocrx_word' id='word_1_108' title='bbox 1494 1442 1638 1518; x_wconf 88' lang='lat' dir='ltr'><strong>iter,</strong></span> <span class='ocrx_word' id='word_1_109' title='bbox 1667 1443 1843 1504; x_wconf 78' lang='lat' dir='ltr'><strong>fossa</strong></span> <span class='ocrx_word' id='word_1_110' title='bbox 1875 1442 2162 1516; x_wconf 88' lang='lat' dir='ltr'><strong>valloque</strong></span> 
     </span>
     <span class='ocr_line' id='line_1_16' title="bbox 199 1522 2162 1602; baseline 0.002 -18"><span class='ocrx_word' id='word_1_111' title='bbox 199 1522 518 1585; x_wconf 77' lang='lat' dir='ltr'><strong>intercludi</strong></span> <span class='ocrx_word' id='word_1_112' title='bbox 561 1525 643 1584; x_wconf 86' lang='lat' dir='ltr'><strong>ab</strong></span> <span class='ocrx_word' id='word_1_113' title='bbox 663 1524 902 1586; x_wconf 86' lang='lat' dir='ltr'><strong>Aetolis</strong></span> <span class='ocrx_word' id='word_1_114' title='bbox 946 1526 1329 1602; x_wconf 75' lang='lat' dir='ltr'><strong>nuntiabant,</strong></span> <span class='ocrx_word' id='word_1_115' title='bbox 1371 1543 1451 1588; x_wconf 89' lang='lat' dir='ltr'><strong>ne</strong></span> <span class='ocrx_word' id='word_1_116' title='bbox 1488 1526 1806 1592; x_wconf 76' lang='lat' dir='ltr'><strong>transitum</strong></span> <span class='ocrx_word' id='word_1_117' title='bbox 1831 1526 1928 1586; x_wconf 82' lang='lat' dir='ltr'><strong>ad</strong></span> <span class='ocrx_word' id='word_1_118' title='bbox 1959 1526 2162 1587; x_wconf 85' lang='lat' dir='ltr'><strong>socio-</strong></span> 
     </span>
     <span class='ocr_line' id='line_1_17' title="bbox 200 1607 2162 1685; baseline 0 -17"><span class='ocrx_word' id='word_1_119' title='bbox 200 1625 333 1668; x_wconf 85' lang='lat' dir='ltr'><strong>rum</strong></span> <span class='ocrx_word' id='word_1_120' title='bbox 376 1607 563 1669; x_wconf 85' lang='lat' dir='ltr'><strong>urbes</strong></span> <span class='ocrx_word' id='word_1_121' title='bbox 602 1609 862 1670; x_wconf 88' lang='lat' dir='ltr'><strong>tuendas</strong></span> <span class='ocrx_word' id='word_1_122' title='bbox 891 1607 1173 1685; x_wconf 81' lang='lat' dir='ltr'><strong>Philippo</strong></span> <span class='ocrx_word' id='word_1_123' title='bbox 1216 1611 1452 1671; x_wconf 86' lang='lat' dir='ltr'><strong>darent.</strong></span> <span class='ocrx_word' id='word_1_124' title='bbox 1519 1612 1618 1671; x_wconf 88' lang='lat' dir='ltr'><strong>vel</strong></span> <span class='ocrx_word' id='word_1_125' title='bbox 1659 1625 1912 1685; x_wconf 80' lang='lat' dir='ltr'><strong>segnem</strong></span> <span class='ocrx_word' id='word_1_126' title='bbox 1943 1609 2162 1671; x_wconf 90' lang='lat' dir='ltr'><strong>ducem</strong></span> 
     </span>
     <span class='ocr_line' id='line_1_18' title="bbox 200 1691 2160 1768; baseline -0.001 -15"><span class='ocrx_word' id='word_1_127' title='bbox 200 1699 291 1754; x_wconf 89' lang='lat' dir='ltr'><strong>tot</strong></span> <span class='ocrx_word' id='word_1_128' title='bbox 326 1691 595 1752; x_wconf 85' lang='lat' dir='ltr'><strong>excitare</strong></span> <span class='ocrx_word' id='word_1_129' title='bbox 626 1694 919 1754; x_wconf 85' lang='lat' dir='ltr'><strong>tumultus</strong></span> <span class='ocrx_word' id='word_1_130' title='bbox 955 1693 1308 1754; x_wconf 75' lang='lat' dir='ltr'><strong>circumfusi</strong></span> <span class='ocrx_word' id='word_1_131' title='bbox 1337 1699 1637 1768; x_wconf 88' lang='lat' dir='ltr'><strong>poterant.</strong></span> <span class='ocrx_word' id='word_1_132' title='bbox 1702 1693 2042 1767; x_wconf 80' lang='lat' dir='ltr'><strong>legationes</strong></span> <span class='ocrx_word' id='word_1_133' title='bbox 2071 1693 2160 1752; x_wconf 88' lang='lat' dir='ltr'><strong>di-</strong></span> 
     </span>
     <span class='ocr_line' id='line_1_19' title="bbox 199 1775 2158 1852; baseline -0.001 -15"><span class='ocrx_word' id='word_1_134' title='bbox 199 1775 739 1850; x_wconf 76' lang='lat' dir='ltr'><strong>mittit-pellicitus,</strong></span> <span class='ocrx_word' id='word_1_135' title='bbox 770 1780 954 1851; x_wconf 83' lang='lat' dir='ltr'><strong>prout</strong></span> <span class='ocrx_word' id='word_1_136' title='bbox 981 1783 1227 1852; x_wconf 85' lang='lat' dir='ltr'><strong>tempus</strong></span> <span class='ocrx_word' id='word_1_137' title='bbox 1248 1792 1328 1837; x_wconf 89' lang='lat' dir='ltr'><strong>ac</strong></span> <span class='ocrx_word' id='word_1_138' title='bbox 1359 1793 1456 1838; x_wconf 91' lang='lat' dir='ltr'><strong>res</strong></span> <span class='ocrx_word' id='word_1_139' title='bbox 1482 1777 1730 1850; x_wconf 81' lang='lat' dir='ltr'><strong>sineret,</strong></span> <span class='ocrx_word' id='word_1_140' title='bbox 1763 1775 2045 1837; x_wconf 82' lang='lat' dir='ltr'><strong>omnibus</strong></span> <span class='ocrx_word' id='word_1_141' title='bbox 2074 1779 2158 1837; x_wconf 90' lang='lat' dir='ltr'><strong>la·</strong></span> 
     </span>
     <span class='ocr_line' id='line_1_20' title="bbox 198 1859 2160 1936; baseline 0 -16"><span class='ocrx_word' id='word_1_142' title='bbox 198 1868 403 1922; x_wconf 84' lang='lat' dir='ltr'><strong>turum</strong></span> <span class='ocrx_word' id='word_1_143' title='bbox 444 1874 513 1919; x_wconf 90' lang='lat' dir='ltr'><strong>se</strong></span> <span class='ocrx_word' id='word_1_144' title='bbox 541 1860 863 1922; x_wconf 65' lang='lat' dir='ltr'><strong>auxilium</strong></span> <span class='ocrx_word' id='word_1_145' title='bbox 912 1859 1382 1935; x_wconf 72' lang='lat' dir='ltr'><strong>inpraesentia,</strong></span> <span class='ocrx_word' id='word_1_146' title='bbox 1427 1859 2160 1936; x_wconf 71' lang='lat' dir='ltr'><strong>quae-maximeurgebat</strong></span> 
     </span>
     <span class='ocr_line' id='line_1_21' title="bbox 200 1942 2160 2018; baseline -0.001 -14"><span class='ocrx_word' id='word_1_147' title='bbox 200 1960 303 2004; x_wconf 88' lang='lat' dir='ltr'><strong>res</strong></span> <span class='ocrx_word' id='word_1_148' title='bbox 318 1990 334 2018; x_wconf 92' lang='lat'><strong>,</strong></span> <span class='ocrx_word' id='word_1_149' title='bbox 384 1942 805 2016; x_wconf 79' lang='lat' dir='ltr'><strong>Peparethum</strong></span> <span class='ocrx_word' id='word_1_150' title='bbox 844 1942 1222 2018; x_wconf 85' lang='lat' dir='ltr'><strong>praesidium.</strong></span> <span class='ocrx_word' id='word_1_151' title='bbox 1238 1944 1394 2006; x_wconf 32' lang='lat' dir='ltr'><strong>*urbi</strong></span> <span class='ocrx_word' id='word_1_152' title='bbox 1433 1943 1638 2017; x_wconf 84' lang='lat' dir='ltr'><strong>mittit,</strong></span> <span class='ocrx_word' id='word_1_153' title='bbox 1685 1943 1853 2006; x_wconf 88' lang='lat' dir='ltr'><strong>unde</strong></span> <span class='ocrx_word' id='word_1_154' title='bbox 1896 1943 2160 2008; x_wconf 74' lang='lat' dir='ltr'><strong>adlatum</strong></span> 
     </span>
     <span class='ocr_line' id='line_1_22' title="bbox 199 2027 2160 2092; baseline -0.001 -3"><span class='ocrx_word' id='word_1_155' title='bbox 199 2034 333 2089; x_wconf 58' lang='lat' dir='ltr'><strong>mat</strong></span> <span class='ocrx_word' id='word_1_156' title='bbox 354 2027 627 2088; x_wconf 75' lang='lat' dir='ltr'><strong>Attalum</strong></span> <span class='ocrx_word' id='word_1_157' title='bbox 669 2027 747 2088; x_wconf 86' lang='lat' dir='ltr'><strong>ab</strong></span> <span class='ocrx_word' id='word_1_158' title='bbox 774 2027 1003 2088; x_wconf 89' lang='lat' dir='ltr'><strong>Lemno</strong></span> <span class='ocrx_word' id='word_1_159' title='bbox 1037 2030 1241 2090; x_wconf 87' lang='lat' dir='ltr'><strong>classe</strong></span> <span class='ocrx_word' id='word_1_160' title='bbox 1266 2029 1630 2092; x_wconf 84' lang='lat' dir='ltr'><strong>transmissa</strong></span> <span class='ocrx_word' id='word_1_161' title='bbox 1659 2043 1900 2090; x_wconf 87' lang='lat' dir='ltr'><strong>omnem</strong></span> <span class='ocrx_word' id='word_1_162' title='bbox 1929 2028 2160 2090; x_wconf 86' lang='lat' dir='ltr'><strong>circum</strong></span> 
     </span>
     <span class='ocr_line' id='line_1_23' title="bbox 202 2109 2161 2192; baseline 0 -20"><span class='ocrx_word' id='word_1_163' title='bbox 202 2109 415 2172; x_wconf 82' lang='lat' dir='ltr'><strong>urbem</strong></span> <span class='ocrx_word' id='word_1_164' title='bbox 436 2125 675 2185; x_wconf 67' lang='lat' dir='ltr'><strong>agrum</strong></span> <span class='ocrx_word' id='word_1_165' title='bbox 726 2111 1188 2186; x_wconf 82' lang='lat' dir='ltr'><strong>depopulatum.</strong></span> <span class='ocrx_word' id='word_1_166' title='bbox 1254 2112 1700 2192; x_wconf 74' lang='lat' dir='ltr'><strong>Polyphantam</strong></span> <span class='ocrx_word' id='word_1_167' title='bbox 1743 2128 1882 2173; x_wconf 88' lang='lat' dir='ltr'><strong>cum</strong></span> <span class='ocrx_word' id='word_1_168' title='bbox 1918 2112 2161 2174; x_wconf 87' lang='lat' dir='ltr'><strong>modica</strong></span> 
     </span>
     <span class='ocr_line' id='line_1_24' title="bbox 202 2194 2158 2271; baseline 0 -15"><span class='ocrx_word' id='word_1_169' title='bbox 202 2211 385 2258; x_wconf 81' lang='lat' dir='ltr'><strong>mauu</strong></span> <span class='ocrx_word' id='word_1_170' title='bbox 426 2194 491 2252; x_wconf 88' lang='lat' dir='ltr'><strong>in</strong></span> <span class='ocrx_word' id='word_1_171' title='bbox 528 2194 875 2268; x_wconf 85' lang='lat' dir='ltr'><strong>Boeotiam,</strong></span> <span class='ocrx_word' id='word_1_172' title='bbox 918 2194 1273 2271; x_wconf 85' lang='lat' dir='ltr'><strong>Menippum</strong></span> <span class='ocrx_word' id='word_1_173' title='bbox 1315 2196 1811 2271; x_wconf 63' lang='lat' dir='ltr'><strong>itemquendam</strong></span> <span class='ocrx_word' id='word_1_174' title='bbox 1852 2211 1930 2256; x_wconf 85' lang='lat' dir='ltr'><strong>ex</strong></span> <span class='ocrx_word' id='word_1_175' title='bbox 1971 2196 2158 2270; x_wconf 84' lang='lat' dir='ltr'><strong>regiis</strong></span> 
     </span>
     <span class='ocr_line' id='line_1_25' title="bbox 206 2277 2162 2354; baseline 0 -14"><span class='ocrx_word' id='word_1_176' title='bbox 206 2277 464 2342; x_wconf 80' lang='lat' dir='ltr'><strong>ducibus</strong></span> <span class='ocrx_word' id='word_1_177' title='bbox 492 2292 631 2341; x_wconf 88' lang='lat' dir='ltr'><strong>cum</strong></span> <span class='ocrx_word' id='word_1_178' title='bbox 658 2278 823 2340; x_wconf 88' lang='lat' dir='ltr'><strong>mille</strong></span> <span class='ocrx_word' id='word_1_179' title='bbox 849 2279 1091 2352; x_wconf 83' lang='lat' dir='ltr'><strong>peltatis</strong></span> <span class='ocrx_word' id='word_1_180' title='bbox 1122 2313 1197 2324; x_wconf 92' lang='lat'><em>-</em></span> <span class='ocrx_word' id='word_1_181' title='bbox 1222 2281 1389 2354; x_wconf 86' lang='lat' dir='ltr'><strong>pelta</strong></span> <span class='ocrx_word' id='word_1_182' title='bbox 1417 2285 1623 2342; x_wconf 78' lang='lat' dir='ltr'><strong>cetrae</strong></span> <span class='ocrx_word' id='word_1_183' title='bbox 1645 2279 1812 2340; x_wconf 88' lang='lat' dir='ltr'><strong>haud</strong></span> <span class='ocrx_word' id='word_1_184' title='bbox 1847 2279 2162 2340; x_wconf 87' lang='lat' dir='ltr'><strong>dissimilis</strong></span> 
     </span>
     <span class='ocr_line' id='line_1_26' title="bbox 201 2360 2162 2437; baseline 0 -15"><span class='ocrx_word' id='word_1_185' title='bbox 201 2369 300 2428; x_wconf 88' lang='lat' dir='ltr'><strong>est</strong></span> <span class='ocrx_word' id='word_1_186' title='bbox 318 2391 412 2408; x_wconf 86' lang='lat'><strong>--</strong></span> <span class='ocrx_word' id='word_1_187' title='bbox 440 2360 1043 2426; x_wconf 73' lang='lat' dir='ltr'><strong>Chalcidem1mittit=</strong></span> <span class='ocrx_word' id='word_1_188' title='bbox 1110 2363 1299 2423; x_wconf 81' lang='lat' dir='ltr'><strong>additi</strong></span> <span class='ocrx_word' id='word_1_189' title='bbox 1343 2363 1664 2437; x_wconf 79' lang='lat' dir='ltr'><strong>quingenti,</strong></span> <span class='ocrx_word' id='word_1_190' title='bbox 1685 2362 2052 2436; x_wconf 78' lang='lat' dir='ltr'><strong>Agrianum,</strong></span> <span class='ocrx_word' id='word_1_191' title='bbox 2097 2369 2162 2423; x_wconf 89' lang='lat' dir='ltr'><strong>ut</strong></span> 
     </span>
     <span class='ocr_line' id='line_1_27' title="bbox 200 2444 2160 2522; baseline -0.002 -13"><span class='ocrx_word' id='word_1_192' title='bbox 200 2461 419 2509; x_wconf 83' lang='lat' dir='ltr'><strong>omnes</strong></span> <span class='ocrx_word' id='word_1_193' title='bbox 448 2444 685 2510; x_wconf 82' lang='lat' dir='ltr'><strong>insulae</strong></span> <span class='ocrx_word' id='word_1_194' title='bbox 706 2451 913 2521; x_wconf 84' lang='lat' dir='ltr'><strong>partes</strong></span> <span class='ocrx_word' id='word_1_195' title='bbox 936 2446 1091 2508; x_wconf 85' lang='lat' dir='ltr'><strong>tueri</strong></span> <span class='ocrx_word' id='word_1_196' title='bbox 1116 2454 1350 2522; x_wconf 88' lang='lat' dir='ltr'><strong>posset.</strong></span> <span class='ocrx_word' id='word_1_197' title='bbox 1395 2447 1530 2522; x_wconf 83' lang='lat' dir='ltr'><strong>ipse</strong></span> <span class='ocrx_word' id='word_1_198' title='bbox 1551 2445 1876 2506; x_wconf 77' lang='lat' dir='ltr'><strong>Scotusam</strong></span> <span class='ocrx_word' id='word_1_199' title='bbox 1895 2452 1994 2506; x_wconf 86' lang='lat' dir='ltr'><strong>est</strong></span> <span class='ocrx_word' id='word_1_200' title='bbox 2014 2461 2160 2520; x_wconf 86' lang='lat' dir='ltr'><strong>pro-</strong></span> 
     </span>
     <span class='ocr_line' id='line_1_28' title="bbox 150 2527 2162 2604; baseline -0.001 -14"><span class='ocrx_word' id='word_1_201' title='bbox 150 2540 159 2544; x_wconf 83' lang='lat'>·</span> <span class='ocrx_word' id='word_1_202' title='bbox 200 2531 435 2604; x_wconf 77' lang='lat' dir='ltr'><strong>rectus,</strong></span> <span class='ocrx_word' id='word_1_203' title='bbox 474 2529 820 2604; x_wconf 83' lang='lat' dir='ltr'><strong>eodemque</strong></span> <span class='ocrx_word' id='word_1_204' title='bbox 860 2530 939 2590; x_wconf 88' lang='lat' dir='ltr'><strong>ab</strong></span> <span class='ocrx_word' id='word_1_205' title='bbox 976 2531 1190 2594; x_wconf 85' lang='lat' dir='ltr'><strong>Larisa</strong></span> <span class='ocrx_word' id='word_1_206' title='bbox 1222 2530 1630 2592; x_wconf 85' lang='lat' dir='ltr'><strong>Macedonum</strong></span> <span class='ocrx_word' id='word_1_207' title='bbox 1670 2528 1886 2604; x_wconf 85' lang='lat' dir='ltr'><strong>copias</strong></span> <span class='ocrx_word' id='word_1_208' title='bbox 1924 2527 2162 2589; x_wconf 89' lang='lat' dir='ltr'><strong>traduci</strong></span> 
     </span>
     <span class='ocr_line' id='line_1_29' title="bbox 200 2611 2160 2678; baseline -0.002 -4"><span class='ocrx_word' id='word_1_209' title='bbox 200 2613 401 2676; x_wconf 85' lang='lat' dir='ltr'><strong>iussit.</strong></span> <span class='ocrx_word' id='word_1_210' title='bbox 467 2627 543 2674; x_wconf 91' lang='lat' dir='ltr'><strong>eo</strong></span> <span class='ocrx_word' id='word_1_211' title='bbox 571 2612 905 2676; x_wconf 84' lang='lat' dir='ltr'><strong>nuntiatum</strong></span> <span class='ocrx_word' id='word_1_212' title='bbox 938 2621 1035 2678; x_wconf 85' lang='lat' dir='ltr'><strong>est</strong></span> <span class='ocrx_word' id='word_1_213' title='bbox 1060 2615 1386 2676; x_wconf 89' lang='lat' dir='ltr'><strong>concilium</strong></span> <span class='ocrx_word' id='word_1_214' title='bbox 1412 2612 1656 2675; x_wconf 88' lang='lat' dir='ltr'><strong>Aetolis</strong></span> <span class='ocrx_word' id='word_1_215' title='bbox 1684 2613 2041 2674; x_wconf 86' lang='lat' dir='ltr'><strong>Heracleam</strong></span> <span class='ocrx_word' id='word_1_216' title='bbox 2071 2611 2160 2672; x_wconf 90' lang='lat' dir='ltr'><strong>in-</strong></span> 
     </span>
     <span class='ocr_line' id='line_1_30' title="bbox 201 2696 2160 2772; baseline -0.002 -14"><span class='ocrx_word' id='word_1_217' title='bbox 201 2698 463 2770; x_wconf 81' lang='lat' dir='ltr'><strong>dictum,</strong></span> <span class='ocrx_word' id='word_1_218' title='bbox 502 2697 1153 2772; x_wconf 46' lang='lat' dir='ltr'><strong>regemqueiAttalum·</strong></span> <span class='ocrx_word' id='word_1_219' title='bbox 1184 2697 1269 2760; x_wconf 89' lang='lat' dir='ltr'><strong>ad·</strong></span> <span class='ocrx_word' id='word_1_220' title='bbox 1308 2697 1774 2761; x_wconf 83' lang='lat' dir='ltr'><strong>consultandum</strong></span> <span class='ocrx_word' id='word_1_221' title='bbox 1803 2696 1886 2758; x_wconf 86' lang='lat' dir='ltr'><strong>de</strong></span> <span class='ocrx_word' id='word_1_222' title='bbox 1923 2711 2160 2758; x_wconf 88' lang='lat' dir='ltr'><strong>summa</strong></span> 
     </span>
     <span class='ocr_line' id='line_1_31' title="bbox 198 2779 2160 2854; baseline -0.001 -13"><span class='ocrx_word' id='word_1_223' title='bbox 198 2780 351 2844; x_wconf 88' lang='lat' dir='ltr'><strong>belli</strong></span> <span class='ocrx_word' id='word_1_224' title='bbox 375 2786 716 2845; x_wconf 80' lang='lat' dir='ltr'><strong>venturum.</strong></span> <span class='ocrx_word' id='word_1_225' title='bbox 760 2781 920 2842; x_wconf 77' lang='lat' dir='ltr'><strong>hunc</strong></span> <span class='ocrx_word' id='word_1_226' title='bbox 950 2788 1293 2846; x_wconf 64' lang='lat' dir='ltr'><strong>conventum</strong></span> <span class='ocrx_word' id='word_1_227' title='bbox 1325 2789 1392 2844; x_wconf 76' lang='lat' dir='ltr'><strong>ut</strong></span> <span class='ocrx_word' id='word_1_228' title='bbox 1419 2782 1688 2842; x_wconf 76' lang='lat' dir='ltr'><strong>turbaret</strong></span> <span class='ocrx_word' id='word_1_229' title='bbox 1716 2781 1904 2842; x_wconf 79' lang='lat' dir='ltr'><strong>subito</strong></span> <span class='ocrx_word' id='word_1_230' title='bbox 1921 2779 2160 2854; x_wconf 74' lang='lat' dir='ltr'><strong>magnis</strong></span> 
     </span>
     <span class='ocr_line' id='line_1_32' title="bbox 201 2862 2157 2940; baseline 0 -16"><span class='ocrx_word' id='word_1_231' title='bbox 201 2865 523 2926; x_wconf 84' lang='lat' dir='ltr'><strong>itineribus</strong></span> <span class='ocrx_word' id='word_1_232' title='bbox 552 2864 913 2926; x_wconf 72' lang='lat' dir='ltr'><strong>Heracleam</strong></span> <span class='ocrx_word' id='word_1_233' title='bbox 951 2865 1146 2930; x_wconf 81' lang='lat' dir='ltr'><strong>duxit.</strong></span> <span class='ocrx_word' id='word_1_234' title='bbox 1215 2872 1294 2926; x_wconf 88' lang='lat' dir='ltr'><strong>et.</strong></span> <span class='ocrx_word' id='word_1_235' title='bbox 1317 2864 1578 2928; x_wconf 89' lang='lat' dir='ltr'><strong>concilio</strong></span> <span class='ocrx_word' id='word_1_236' title='bbox 1623 2863 1871 2940; x_wconf 84' lang='lat' dir='ltr'><strong>quidem</strong></span> <span class='ocrx_word' id='word_1_237' title='bbox 1899 2862 2157 2924; x_wconf 88' lang='lat' dir='ltr'><strong>dimisso</strong></span> 
     </span>
     <span class='ocr_line' id='line_1_33' title="bbox 200 2947 2160 3026; baseline 0 -18"><span class='ocrx_word' id='word_1_238' title='bbox 200 2948 325 3010; x_wconf 87' lang='lat' dir='ltr'><strong>iam</strong></span> <span class='ocrx_word' id='word_1_239' title='bbox 379 2948 577 3008; x_wconf 80' lang='lat' dir='ltr'><strong>venit=</strong></span> <span class='ocrx_word' id='word_1_240' title='bbox 648 2947 963 3024; x_wconf 80' lang='lat' dir='ltr'><strong>segetibus</strong></span> <span class='ocrx_word' id='word_1_241' title='bbox 1016 2957 1248 3024; x_wconf 86' lang='lat' dir='ltr'><strong>tamen,</strong></span> <span class='ocrx_word' id='word_1_242' title='bbox 1309 2965 1469 3026; x_wconf 89' lang='lat' dir='ltr'><strong>quae</strong></span> <span class='ocrx_word' id='word_1_243' title='bbox 1515 2964 1712 3025; x_wconf 88' lang='lat' dir='ltr'><strong>prope</strong></span> <span class='ocrx_word' id='word_1_244' title='bbox 1761 2947 2160 3012; x_wconf 79' lang='lat' dir='ltr'><strong>maturitatem</strong></span> 
     </span>
     <span class='ocr_line' id='line_1_34' title="bbox 202 3031 2160 3107; baseline 0 -15"><span class='ocrx_word' id='word_1_245' title='bbox 202 3038 409 3107; x_wconf 87' lang='lat' dir='ltr'><strong>erant,</strong></span> <span class='ocrx_word' id='word_1_246' title='bbox 451 3031 716 3096; x_wconf 80' lang='lat' dir='ltr'><strong>maxime</strong></span> <span class='ocrx_word' id='word_1_247' title='bbox 749 3031 810 3094; x_wconf 88' lang='lat' dir='ltr'><strong>in</strong></span> <span class='ocrx_word' id='word_1_248' title='bbox 841 3031 980 3093; x_wconf 87' lang='lat' dir='ltr'><strong>sinu</strong></span> <span class='ocrx_word' id='word_1_249' title='bbox 1008 3032 1352 3094; x_wconf 83' lang='lat' dir='ltr'><strong>Aenianum</strong></span> <span class='ocrx_word' id='word_1_250' title='bbox 1379 3034 1672 3097; x_wconf 80' lang='lat' dir='ltr'><strong>evastatis</strong></span> <span class='ocrx_word' id='word_1_251' title='bbox 1703 3031 2030 3096; x_wconf 81' lang='lat' dir='ltr'><strong>Scotusam</strong></span> <span class='ocrx_word' id='word_1_252' title='bbox 2057 3047 2160 3092; x_wconf 88' lang='lat' dir='ltr'><strong>co-</strong></span> 
     </span>
     <span class='ocr_line' id='line_1_35' title="bbox 201 3113 2164 3191; baseline -0.001 -13"><span class='ocrx_word' id='word_1_253' title='bbox 201 3115 343 3191; x_wconf 85' lang='lat' dir='ltr'><strong>pias</strong></span> <span class='ocrx_word' id='word_1_254' title='bbox 382 3116 639 3177; x_wconf 89' lang='lat' dir='ltr'><strong>reducit.</strong></span> <span class='ocrx_word' id='word_1_255' title='bbox 701 3113 786 3177; x_wconf 82' lang='lat' dir='ltr'><strong>ibi</strong></span> <span class='ocrx_word' id='word_1_256' title='bbox 812 3115 1084 3184; x_wconf 73' lang='lat' dir='ltr'><strong>exercitu</strong></span> <span class='ocrx_word' id='word_1_257' title='bbox 1112 3117 1275 3181; x_wconf 88' lang='lat' dir='ltr'><strong>omni</strong></span> <span class='ocrx_word' id='word_1_258' title='bbox 1301 3118 1514 3178; x_wconf 89' lang='lat' dir='ltr'><strong>relicto</strong></span> <span class='ocrx_word' id='word_1_259' title='bbox 1546 3132 1686 3178; x_wconf 86' lang='lat' dir='ltr'><strong>cum</strong></span> <span class='ocrx_word' id='word_1_260' title='bbox 1710 3116 1968 3176; x_wconf 89' lang='lat' dir='ltr'><strong>cohorte</strong></span> <span class='ocrx_word' id='word_1_261' title='bbox 1993 3130 2164 3188; x_wconf 81' lang='lat' dir='ltr'><strong>regia</strong></span> 
     </span>
     <span class='ocr_line' id='line_1_36' title="bbox 199 3198 2162 3276; baseline -0.001 -16"><span class='ocrx_word' id='word_1_262' title='bbox 199 3199 826 3262; x_wconf 84' lang='lat' dir='ltr'><strong>Demetriadem-sese</strong></span> <span class='ocrx_word' id='word_1_263' title='bbox 853 3198 1099 3276; x_wconf 86' lang='lat' dir='ltr'><strong>recepit.</strong></span> <span class='ocrx_word' id='word_1_264' title='bbox 1145 3200 1291 3260; x_wconf 89' lang='lat' dir='ltr'><strong>inde</strong></span> <span class='ocrx_word' id='word_1_265' title='bbox 1318 3207 1385 3262; x_wconf 90' lang='lat' dir='ltr'><strong>ut</strong></span> <span class='ocrx_word' id='word_1_266' title='bbox 1406 3201 1481 3261; x_wconf 87' lang='lat' dir='ltr'><strong>ad</strong></span> <span class='ocrx_word' id='word_1_267' title='bbox 1509 3215 1724 3263; x_wconf 89' lang='lat' dir='ltr'><strong>omnes</strong></span> <span class='ocrx_word' id='word_1_268' title='bbox 1744 3199 2162 3262; x_wconf 67' lang='lat' dir='ltr'><strong>‚hostiummo-</strong></span> 
     </span>
     <span class='ocr_line' id='line_1_37' title="bbox 202 3281 2164 3362; baseline -0.002 -18"><span class='ocrx_word' id='word_1_269' title='bbox 202 3289 305 3348; x_wconf 86' lang='lat' dir='ltr'><strong>tus</strong></span> <span class='ocrx_word' id='word_1_270' title='bbox 322 3290 555 3360; x_wconf 83' lang='lat' dir='ltr'><strong>¹posset</strong></span> <span class='ocrx_word' id='word_1_271' title='bbox 580 3299 937 3362; x_wconf 85' lang='lat' dir='ltr'><strong>occurrere,</strong></span> <span class='ocrx_word' id='word_1_272' title='bbox 968 3284 1027 3343; x_wconf 88' lang='lat' dir='ltr'><strong>in</strong></span> <span class='ocrx_word' id='word_1_273' title='bbox 1055 3282 1386 3348; x_wconf 83' lang='lat' dir='ltr'><strong>Phocidem</strong></span> <span class='ocrx_word' id='word_1_274' title='bbox 1413 3291 1600 3360; x_wconf 89' lang='lat' dir='ltr'><strong>atque</strong></span> <span class='ocrx_word' id='word_1_275' title='bbox 1624 3282 1938 3344; x_wconf 84' lang='lat' dir='ltr'><strong>Euboeam</strong></span> <span class='ocrx_word' id='word_1_276' title='bbox 1968 3287 2029 3340; x_wconf 89' lang='lat' dir='ltr'><strong>et</strong></span> <span class='ocrx_word' id='word_1_277' title='bbox 2051 3281 2164 3340; x_wconf 88' lang='lat' dir='ltr'><strong>Pe-</strong></span> 
     </span>
     <span class='ocr_line' id='line_1_38' title="bbox 200 3364 2160 3445; baseline -0.001 -17"><span class='ocrx_word' id='word_1_278' title='bbox 200 3367 525 3444; x_wconf 84' lang='lat' dir='ltr'><strong>parethum</strong></span> <span class='ocrx_word' id='word_1_279' title='bbox 564 3367 741 3431; x_wconf 87' lang='lat' dir='ltr'><strong>mittit</strong></span> <span class='ocrx_word' id='word_1_280' title='bbox 787 3369 891 3444; x_wconf 90' lang='lat' dir='ltr'><strong>qui</strong></span> <span class='ocrx_word' id='word_1_281' title='bbox 931 3370 1070 3430; x_wconf 84' lang='lat' dir='ltr'><strong>loca</strong></span> <span class='ocrx_word' id='word_1_282' title='bbox 1110 3367 1231 3428; x_wconf 84' lang='lat' dir='ltr'><strong>alta</strong></span> <span class='ocrx_word' id='word_1_283' title='bbox 1256 3368 1579 3445; x_wconf 85' lang='lat' dir='ltr'><strong>eligerent,</strong></span> <span class='ocrx_word' id='word_1_284' title='bbox 1620 3366 1787 3430; x_wconf 87' lang='lat' dir='ltr'><strong>unde</strong></span> <span class='ocrx_word' id='word_1_285' title='bbox 1815 3365 1958 3426; x_wconf 87' lang='lat' dir='ltr'><strong>editi</strong></span> <span class='ocrx_word' id='word_1_286' title='bbox 1987 3364 2160 3440; x_wconf 81' lang='lat' dir='ltr'><strong>ignes</strong></span> 
     </span>
     <span class='ocr_line' id='line_1_39' title="bbox 202 3448 2160 3529; baseline 0 -17"><span class='ocrx_word' id='word_1_287' title='bbox 202 3459 606 3529; x_wconf 71' lang='lat' dir='ltr'><strong>apparerent3</strong></span> <span class='ocrx_word' id='word_1_288' title='bbox 673 3451 813 3527; x_wconf 86' lang='lat' dir='ltr'><strong>ipse</strong></span> <span class='ocrx_word' id='word_1_289' title='bbox 860 3452 921 3512; x_wconf 91' lang='lat' dir='ltr'><strong>in</strong></span> <span class='ocrx_word' id='word_1_290' title='bbox 959 3453 1179 3514; x_wconf 86' lang='lat' dir='ltr'><strong>Tisaeo</strong></span> <span class='ocrx_word' id='word_1_291' title='bbox 1200 3485 1288 3504; x_wconf 55' lang='grc' dir='ltr'><strong>-ψ</strong></span> <span class='ocrx_word' id='word_1_292' title='bbox 1313 3466 1491 3513; x_wconf 86' lang='lat' dir='ltr'><strong>mons</strong></span> <span class='ocrx_word' id='word_1_293' title='bbox 1540 3456 1634 3512; x_wconf 84' lang='lat' dir='ltr'><strong>est</strong></span> <span class='ocrx_word' id='word_1_294' title='bbox 1673 3449 1736 3510; x_wconf 89' lang='lat' dir='ltr'><strong>in</strong></span> <span class='ocrx_word' id='word_1_295' title='bbox 1787 3448 2160 3512; x_wconf 80' lang='lat' dir='ltr'><strong>altitudinem</strong></span> 
     </span>
     <span class='ocr_line' id='line_1_40' title="bbox 286 3535 1738 3596; baseline 0.001 -2"><span class='ocrx_word' id='word_1_296' title='bbox 286 3551 340 3594; x_wconf 76' lang='grc' dir='ltr'><strong>τ.</strong></span> <span class='ocrx_word' id='word_1_297' title='bbox 382 3552 503 3595; x_wconf 78' lang='grc' dir='ltr'><strong>ιινι</strong></span> <span class='ocrx_word' id='word_1_298' title='bbox 545 3552 699 3596; x_wconf 69' lang='lat' dir='ltr'><strong>mas</strong></span> <span class='ocrx_word' id='word_1_299' title='bbox 742 3535 841 3594; x_wconf 91' lang='lat' dir='ltr'><strong>lIl.</strong></span> <span class='ocrx_word' id='word_1_300' title='bbox 1673 3544 1738 3596; x_wconf 81' lang='lat'><strong>15</strong></span> 
     </span>
    </p>
   </div>
  </div>
 </body>
</html>
