2550 3959
558 236 801 299 LIBER·
815 235 1030 297 XXVI.
1075 236 1240 297 cAP.
1268 246 1358 300 35.
1387 245 1475 300 36.
1521 244 1594 314 [a.
1626 244 1690 298 o.
1719 245 1845 313 210]
2055 238 2178 305 141

204 392 354 455 dum
380 392 627 453 Siculos
650 390 1124 467 Campanosque
1154 389 1397 466 piebem
1427 390 1766 451 Romanam
1795 392 2172 467 perdendam

205 475 723 552 lacerandamque
763 473 879 536 sibi
908 474 1211 555 ‘consules
1256 473 1622 550 sumpsisse.
1699 489 1812 551 per
1848 482 1937 538 tot
1976 494 2174 539 annos

205 558 431 623 tributo
474 560 813 621 exhaustos
855 558 1004 618 nihil
1030 558 1251 634 reliqui
1281 565 1528 634 praeter
1566 559 1790 619 terram
1831 560 2058 621 nudam
2099 574 2173 623 ac

204 652 447 705 vastoen
474 642 723 704 habere.
784 648 946 703 tecta
972 641 1187 703 hostes
1216 640 1589 718 incendisse,
1638 655 1858 705 servos
1886 644 2018 719 agri
2048 644 2172 705 cul-

208 738 376 791 tores
415 740 547 788 rem
578 726 884 803 publieam
922 724 1261 787 abduxisse
1275 771 1292 800 ,
1337 727 1502 788 nunc
1541 726 1624 787 ad
1665 726 1934 789 militiam
1976 744 2172 804 parvo

207 824 353 873 aere
366 812 658 887 emendo,
680 824 845 871 nunc
866 810 1130 885 remiges
1152 805 1535 885 imperando.
1565 810 1620 871 si
1647 810 1796 888 quid
1819 810 1917 873 cui
1939 814 2172 889 argenti

208 898 453 958 aerisve
478 895 688 970 fuerit,
732 886 1039 971 stipendio
1068 893 1369 969 remigum
1396 895 1458 955 et
1483 893 1723 956 tributis
1755 896 1975 957 annuis
2005 895 2170 959 abl-a·

209 988 355 1042 tum.
412 996 503 1055 se,
532 984 601 1040 ut
621 980 767 1041 dent
790 978 961 1053 qued
978 985 1105 1038 non
1126 976 1409 1051 habeant,
1451 978 1618 1038 nulla
1639 978 1702 1039 vi
1723 980 1892 1041 nullo
1914 980 2170 1056 imperio

207 1065 347 1141 cogi
370 1074 583 1140 posse.
636 1059 803 1124 bona
822 1072 937 1143 sua
956 1061 1313 1143 venderent,
1353 1062 1416 1121 in
1439 1074 1720 1143 corpora,
1751 1077 1913 1141 quae
1935 1066 2172 1141 reliqua

206 1154 437 1225 essent,
476 1147 801 1208 saevirent.
866 1160 946 1207 ne
972 1146 1139 1207 unde
1165 1146 1542 1207 redimantur
1565 1146 1812 1222 quidem
1841 1146 2169 1226 quicquam

209 1243 569 1310 superesse.
611 1226 769 1291 haec
797 1244 919 1291 non
948 1229 1009 1290 in
1040 1230 1300 1305 occulto,
1331 1230 1445 1291 sed
1476 1229 1795 1306 propalam
1825 1232 1888 1291 in·
1916 1233 2050 1294 foro
2081 1240 2169 1294 at·

209 1333 332 1393 que
362 1316 559 1378 oculis
586 1315 862 1392 ipsorum
881 1317 1202 1375 consulum
1228 1313 1446 1390 ingens
1469 1313 1647 1375 turba
1676 1314 2027 1377 circumfusi
2050 1318 2169 1376 sre-

208 1400 484 1474 mebant‚
529 1410 645 1460 nec
674 1412 785 1459 eos
816 1398 1039 1460 sedare
1081 1400 1373 1459 consules
1403 1411 1566 1459 nunc
1607 1399 1966 1475 castigando
2008 1414 2170 1461 nunc

208 1485 593 1547 consolando
636 1490 935 1560 poterant.
1002 1484 1267 1559 spatium
1312 1483 1536 1543 deinde
1581 1483 1656 1544 iis
1696 1484 1878 1545 tridui
1909 1499 1981 1545 se
2022 1486 2172 1546 dare

208 1571 293 1630 ad
320 1568 713 1645 cogitandum
736 1566 1049 1638 dixemnt3
1084 1581 1205 1642 quo
1228 1568 1350 1643 ipsi
1380 1566 1461 1628 ad
1481 1579 1610 1627 rem
1637 1564 2083 1645 inspiciendam
2113 1576 2173 1632 et

207 1644 664 1730 expediendam
702 1652 801 1712 usi
846 1657 1006 1711 sunt.
1082 1656 1362 1713 senatum
1404 1659 1656 1727 postero
1687 1652 1789 1713 die
1831 1652 2172 1714 habuerunt

208 1738 290 1798 de
331 1738 629 1813 remigum
669 1736 1128 1812 supplement03
1169 1731 1275 1795 ubi
1317 1748 1457 1796 cum
1485 1736 1670 1795 multa
1711 1735 2170 1812 disseruissent,

209 1835 320 1882 cur
347 1834 550 1897 aequa
580 1819 779 1897 plebis
806 1818 1112 1880 recusatio
1142 1827 1328 1894 esset,
1369 1824 1679 1880 verterunt
1708 1820 2044 1903 orationem
2073 1836 2168 1897 ec,

208 1911 279 1969 ut
318 1905 591 1965 dicerent
617 1904 873 1982 privatis
902 1904 969 1964 id
995 1918 1107 1964 seu
1136 1916 1404 1978 aequum
1431 1915 1545 1963 seu
1583 1903 1858 1979 iniquum
1894 1919 2050 1965 onus
2079 1904 2168 1965 in-

208 1989 584 2066 iungendum
610 2001 783 2050 essez
827 2001 970 2048 nam
996 1986 1191 2063 unde,
1230 1998 1372 2049 cum
1398 1988 1661 2064 pecunia
1688 1988 1750 2047 in
1779 1988 2016 2049 aerario
2046 2004 2167 2049 non

209 2080 412 2147 esset,
460 2080 783 2150 paraturos
821 2074 1076 2133 navales
1116 2072 1372 2134 socios?
1414 2087 1537 2149 quo
1568 2071 1754 2135 modo
1792 2079 1996 2133 autem
2037 2072 2171 2134 sine

210 2157 519 2220 classibus
549 2163 656 2219 aut
682 2156 951 2218 Siciliam
983 2156 1241 2217 obtineri
1270 2163 1375 2218 aut
1400 2157 1573 2217 Italia
1597 2142 1940 2233 Pifllippum
1972 2156 2169 2218 arceri

208 2258 406 2320 posse
435 2250 539 2304 aut
562 2249 693 2302 tuta
714 2241 923 2303 Italiae
950 2240 1128 2301 litora
1154 2256 1297 2302 esse
1313 2248 1344 2299 'e
1377 2239 1645 2302 XXXVI.
1676 2242 1894 2301 cumin
1917 2242 2033 2301 hac
2055 2241 2170 2301 dir-

208 2328 479 2388 ficultate
506 2321 720 2387 ‘rerum
749 2326 1073 2386 consilium
1100 2324 1412 2398 haereret,
1457 2340 1530 2385 ac
1559 2336 1760 2401 prope
1795 2330 2010 2401 torpor
2039 2324 2168 2401 qui-

208 2412 356 2472 dam
397 2416 771 2487 occupasset
809 2410 1123 2470 hominurn
1160 2414 1424 2483 mentes,
1465 2415 1591 2467 tum
1617 2408 1922 2468 Laevinus
1953 2408 2171 2469 consui

210 2495 603 2572 mag-istratus
624 2493 864 2555 senatui
887 2500 948 2554 et
970 2498 1248 2553 senatum
1272 2492 1524 2567 populo,
1556 2490 1715 2552 stcut
1734 2491 1971 2552 honore
1991 2506 2170 2566 prae-

208 2587 393 2656 stent,
437 2579 520 2640 ita
546 2579 626 2639 ad
660 2578 880 2653 omnia,
912 2590 1071 2658 quae
1100 2576 1256 2637 dura
1284 2583 1467 2651 atque
1496 2588 1722 2651 aspera
1751 2580 1976 2647 essent,
2024 2575 2168 2635 sub·

206 2664 417 2725 eunda
444 2666 635 2724 duces
660 2661 889 2723 debere
914 2674 1078 2722 esse.
1121 2660 1217 2735 „si
1248 2659 1398 2735 quid
1426 2658 1742 2735 iniungere
1769 2659 2038 2721 inferiori
2065 2674 2168 2719 ve·

208 2750 318 2822 liS,
362 2749 430 2809 id
454 2748 625 2823 prius
666 2746 726 2806 in
756 2751 817 2806 te
846 2760 919 2806 ac
946 2750 1089 2806 tuos
1118 2744 1172 2805 si
1212 2744 1352 2820 ipse
1393 2742 1541 2805 iuris
1571 2742 1886 2819 statueris,
1929 2743 2170 2815 facilius

210 2846 431 2893 omnes
461 2830 825 2892 obedientes
854 2829 1108 2889 habeas.
1177 2840 1298 2889 nee
1322 2828 1604 2905 impensa
1630 2826 1838 2903 gravis
1867 2832 1988 2903 est,
2033 2842 2169 2889 curn

206 2932 293 2977 ex
335 2932 413 2977 ea
450 2918 592 2992 plus
639 2930 823 2990 quam
863 2928 975 2990 pro
1018 2912 1179 2973 virili
1223 2919 1397 2990 purte
1439 2912 1555 2974 sibi
1597 2917 1904 2990 quemque
1949 2926 2172 2989 capere

208 3000 556 3079 principum
586 2998 817 3059 vident.
880 2999 1087 3073 itaque
1119 2998 1356 3059 classes
1386 2997 1442 3058 si
1469 2997 1699 3059 habere
1727 3004 1914 3075 atque
1952 3012 2172 3058 ornare

204 3085 497 3147 volumus
539 3084 837 3159 populum
876 3083 1249 3157 Romanum,
1295 3083 1570 3157 privatos
1610 3083 1744 3143 sine
1782 3083 2172 3144 recusatione

202 3168 475 3244 remiges
505 3168 671 3242 dare,
700 3165 1005 3227 nobismet
1031 3164 1186 3241 ipsis
1218 3168 1480 3241 primum
1506 3166 1893 3243 imperemus.
1958 3180 2171 3225 aurum

205 3259 532 3329 argentum
571 3252 875 3327 signatum
919 3265 1101 3313 omne
1145 3264 1255 3311 aes
1298 3257 1616 3312 senatores
1657 3250 1924 3311 crastino
1965 3248 2068 3309 die
2109 3249 2168 3309 in

204 3336 519 3413 pubiicum
560 3336 980 3408 conteramuS‚
1026 3334 1108 3394 ita
1133 3341 1201 3394 ut
1240 3335 1458 3395 anulos
1489 3334 1603 3393 sibi
1635 3334 1900 3409 quisque
1938 3340 2000 3394 et
2021 3348 2172 3394 eon·

204 3420 338 3497 iugi
368 3428 428 3481 et
457 3419 682 3494 liberis,
714 3426 773 3480 et
795 3419 919 3479 filio
942 3415 1188 3493 bullam,
1220 3426 1282 3479 et
1311 3417 1532 3493 quibus
1561 3432 1722 3478 uxor
1742 3418 1984 3479 filiaeve
2013 3425 2173 3491 sunt,

205 3503 489 3581 singulas
516 3504 733 3565 uncias
760 3503 970 3579 pondo
1002 3504 1132 3564 auri
1159 3500 1538 3577 relinquant;
1569 3501 1820 3577 argenti,
1851 3501 1956 3579 qui
1983 3500 2174 3563 curuli
