2550 3959
366 204 453 269 ⁹4
683 200 917 265 LIBER
942 200 1129 261 xxv.
1176 199 1344 262 cAP.
1365 206 1454 263 36.
1477 206 1566 263 37.
1612 200 1684 279 [a.
1710 204 1782 259 υ.
1805 220 1858 259 0.
1878 206 2009 278 ⁵4⁰)

362 375 464 421 mo
494 357 595 419 die
616 362 765 435 post
784 355 989 417 fratris
1010 360 1271 416 mortem
1290 359 1388 415 est
1408 354 1786 415 interfectus.
1814 356 2017 417 luctus
2041 370 2122 417 ex
2143 363 2345 419 morte

363 457 577 505 eorum
607 455 731 502 non
758 440 996 504 Romae
1024 438 1220 499 maior
1248 454 1432 515 quam
1464 452 1578 515 per
1605 443 1794 499 totam
1815 438 2178 514 Hispaniam
2206 440 2342 503 fuit.

365 526 514 604 quin
564 525 737 602 apud
786 522 955 585 cives
1008 529 1242 599 partem
1294 522 1526 583 doloris
1571 528 1633 583 et
1672 522 1984 585 exercitus
2027 522 2240 585 amissi
2279 532 2344 586 et

362 611 628 671 alienata
668 606 991 686 provincia
1030 612 1092 667 et
1120 606 1370 682 publica
1408 600 1691 667 trahebat
1719 606 1959 668 cladese
2001 606 2343 685 Hispaniae

361 695 541 771 ipsos
590 692 883 769 lugebant
932 690 1491 766 desiderabantque
1541 690 1765 765 duces,
1823 690 2093 753 Gnaeum
2143 692 2342 769 magis

364 779 535 854 quod
564 776 790 838 diutius
821 775 1171 852 praefuerat
1197 773 1273 834 iis
1289 818 1308 848 ,
1352 772 1648 850 priorque
1678 779 1740 834 et
1765 774 2043 836 favorem
2072 790 2338 851 occupa-

363 868 537 925 verat
564 867 625 921 et
652 859 969 936 specimen
998 856 1265 920 iustitiae
1290 856 1855 935 temperantiaeque
1876 858 2193 921 Romanae
2213 860 2334 935 pri·

363 963 503 1009 mus
535 946 809 1006 dederat.

528 1029 828 1091 XXXVII.
876 1028 1027 1089 Cum
1049 1026 1233 1088 deleti
1253 1025 1564 1087 exercitus
1589 1025 1984 1103 amissaeque
2003 1025 2345 1103 Hispaniae

362 1116 734 1189 viderentur,
764 1113 860 1173 vir
887 1126 1051 1173 unus
1079 1126 1183 1171 res
1206 1110 1482 1185 perditas
1503 1109 1784 1172 restituit.
1829 1117 1962 1171 erat
1978 1110 2040 1170 in
2064 1111 2344 1172 exercitu

361 1200 428 1261 L.
457 1198 728 1259 Marcius
760 1193 1041 1273 Septimii
1068 1194 1253 1268 filiuS,
1293 1210 1487 1271 eques
1514 1194 1852 1270 Romanus,
1880 1192 2143 1271 impiger
2169 1193 2317 1256 iuve

362 1283 461 1346 nis
490 1281 799 1358 animique
827 1287 889 1343 et
915 1278 1143 1356 ingenii
1170 1278 1483 1354 aliquanto
1517 1294 1702 1353 quam
1721 1294 1837 1355 pro
1863 1280 2110 1341 fortuna
2129 1278 2193 1339 in
2220 1294 2342 1355 qua

362 1373 496 1429 erat
517 1373 697 1428 natus
712 1365 981 1427 maioris.
1011 1361 1094 1423 ad
1116 1378 1418 1425 summam
1440 1361 1707 1423 indolem
1717 1368 2072 1425 accesserat
2086 1361 2190 1423 Cn.
2209 1360 2343 1424 Sci-

364 1451 567 1528 pionis
612 1449 968 1525 disciplina,
1012 1446 1131 1507 sub
1176 1462 1300 1523 qua
1337 1461 1452 1522 per
1493 1452 1584 1507 tot
1622 1462 1818 1507 annos
1852 1462 2064 1508 omnes
2093 1446 2344 1508 militiae

363 1542 529 1596 artes
558 1534 817 1595 edoctus
848 1533 1064 1593 ruerat.
1123 1538 1293 1591 etex
1320 1531 1466 1605 ruga
1495 1530 1768 1593 collectis
1797 1531 2085 1592 militibus
2116 1537 2180 1591 et
2206 1530 2342 1607 qui-

363 1616 627 1679 busdam
658 1616 738 1677 de
766 1614 1093 1693 praesidiis
1125 1613 1407 1679 deductis
1435 1613 1602 1675 haud
1625 1615 2139 1676 contemnendum
2163 1630 2344 1675 exer-

364 1703 550 1765 citum
582 1702 841 1775 fecerat,
885 1700 1290 1775 iunxeratque
1321 1714 1461 1759 curn
1487 1698 1617 1759 Tib.
1645 1698 1900 1761 Fonteio
1929 1698 1996 1759 P.
2031 1697 2344 1775 Scipionis

363 1788 585 1863 legato.
660 1784 775 1845 sed
804 1790 1037 1847 tantum
1067 1784 1374 1859 praestitit
1403 1798 1599 1859 eques
1629 1782 1948 1845 Romanus
1979 1783 2345 1844 auctoritate

364 1870 521 1931 inter
546 1869 768 1930 milites
799 1873 986 1944 atque
1012 1867 1282 1941 honore,
1323 1874 1392 1929 ut
1421 1866 1640 1927 castris
1673 1866 1824 1927 citra
1850 1866 2146 1929 Hiberum
2176 1882 2344 1928 com·

363 1953 641 2025 munitis,
684 1967 825 2013 cum
866 1954 1089 2013 ducem
1117 1952 1426 2013 exercitus
1459 1949 1718 2012 comitiis
1748 1950 2112 2015 militaribus
2144 1951 2344 2013 creari

364 2037 729 2114 placuisset,
774 2034 1112 2096 subeuntes
1155 2032 1256 2093 alii
1299 2034 1432 2095 aliis
1474 2034 1536 2094 in
1582 2035 1920 2095 custodiam
1952 2035 2097 2095 valli
2128 2034 2344 2097 statio·

364 2134 602 2197 nesque
631 2119 832 2180 donec
862 2134 975 2196 per
1006 2133 1221 2179 omnes
1253 2116 1621 2193 suffragium
1647 2118 1791 2191 iret,
1837 2120 1914 2179 ad
1945 2119 2010 2179 L.
2041 2118 2344 2181 Marcium

364 2204 569 2266 cuncti
597 2219 897 2265 summam
925 2202 1165 2279 imperii
1195 2202 1538 2263 detulerint.
1597 2217 1780 2262 omne
1807 2202 1951 2263 inde
1981 2209 2226 2279 tempus
2256 2236 2346 2247 --

362 2290 655 2365 exiguum
675 2288 742 2349 id
760 2286 1330 2349 fuit—muniendis
1357 2286 1574 2347 castris
1602 2285 2148 2362 convehendisque
2173 2301 2344 2347 com·

364 2373 667 2435 meatibus
711 2370 1131 2448 consumpsit;
1174 2375 1237 2430 et
1276 2370 1482 2432 omnia
1519 2369 1778 2446 imperia
1805 2370 2028 2431 milites
2061 2385 2201 2431 cum
2229 2370 2344 2433 im-

360 2458 539 2535 pigre
586 2463 717 2519 tum
760 2454 1244 2533 haudquaquam
1287 2454 1525 2517 abiecto
1567 2454 1771 2517 animo
1814 2454 2344 2531 exsequebantur.

362 2550 635 2604 ceterum
676 2547 1011 2618 postquam
1050 2539 1503 2600 Hasdrubalem
1547 2538 1838 2613 Gisgonis
1878 2537 2225 2599 venientem
2253 2538 2341 2599 ad

362 2626 657 2703 reliquias
696 2624 842 2686 belli
884 2623 1181 2686 delendas
1222 2623 1524 2683 transisse
1561 2620 1857 2683 Hiberum
1898 2628 1959 2683 et
1999 2622 2341 2699 appropin-

365 2725 558 2787 quare
606 2709 875 2770 adlatum
924 2714 1053 2783 est,
1110 2706 1482 2783 signumque
1531 2722 1777 2783 pugnae
1827 2706 2219 2783 propositum
2261 2706 2343 2768 ab

362 2810 528 2856 novo
573 2792 734 2853 duce
775 2790 997 2852 milites
1037 2789 1354 2863 viderunt,
1401 2790 1740 2862 recordati,
1796 2798 1956 2865 quos
1983 2791 2170 2867 paulo
2199 2798 2346 2851 ante

361 2878 765 2955 imperatores
808 2874 1199 2949 habuissent,
1242 2874 1594 2951 quibusque
1635 2879 1696 2935 et
1731 2873 1992 2937 ducibus
2035 2880 2098 2936 et
2139 2872 2344 2953 copiis

362 2961 500 3023 freti
528 2959 781 3037 prodire
808 2958 870 3019 in
898 2973 1171 3034 pugnam
1198 2957 1366 3020 soliti
1394 2964 1624 3034 essent,
1656 2956 1809 3019 flere
1839 2972 2056 3019 omnes
2085 2964 2344 3035 repente

364 3051 425 3106 et
453 3042 764 3105 offensare
794 3042 1014 3118 capita,
1052 3042 1243 3103 etalii
1270 3058 1490 3103 manus
1521 3042 1603 3103 ad
1633 3042 1870 3103 caelum
1897 3042 2154 3103 tendere
2184 3041 2342 3104 deos

361 3128 746 3201 incusanteS,
790 3124 893 3189 alii
932 3125 1107 3189 strati
1133 3125 1302 3188 humi
1331 3144 1512 3188 suum
1541 3126 1810 3203 quisque
1838 3126 2198 3189 nominatim
2226 3126 2343 3189 du-

363 3228 498 3276 cem
525 3212 873 3289 implorare.
945 3225 1150 3287 neque
1178 3210 1387 3272 sedari
1414 3211 1761 3273 lamentatio
1792 3215 2038 3287 poterat
2065 3210 2343 3271 excitan-

361 3296 527 3361 tibus
566 3294 1029 3358 centurionibus
1068 3295 1486 3371 manipulares
1530 3302 1591 3357 et
1629 3295 1770 3371 ipso
1810 3295 2119 3356 mulcente
2157 3300 2223 3354 et
2247 3293 2344 3355 in-

363 3386 655 3458 crepante
681 3378 914 3443 Marcio
929 3424 948 3457 ,
989 3378 1160 3457 quod
1198 3379 1262 3439 in
1304 3378 1635 3441 muliebres
1665 3384 1728 3441 et
1754 3378 2000 3441 inutiles
2031 3393 2103 3440 se
2133 3375 2346 3455 proie-

362 3464 599 3529 cissent
636 3462 822 3527 ssetus
861 3463 1102 3542 potius,
1145 3478 1334 3541 quam
1375 3463 1457 3525 ad
1494 3464 1788 3526 tutandos
1831 3470 2032 3525 semet
2069 3462 2250 3540 ipsos
2277 3466 2347 3523 et
