2550 3959
330 227 459 291 360
668 226 893 289 LIBER
924 228 1106 289 XXX.
1152 229 1537 293 CAP.37.38.
1585 234 1969 302 [amasso]

336 382 682 457 foedusque
730 396 868 441 cum
908 395 985 441 eo
1027 381 1317 443 facerent.
1390 384 1747 443 frumentum
1797 383 2292 459 stipendiumque

335 464 576 527 auxiliis
590 510 606 541 ,
658 465 860 525 donec
900 466 979 525 ab
1018 466 1215 525 Roma
1262 466 1446 541 legati
1492 467 1827 539 redissent,
1886 473 2288 541 praestarent.

317 551 548 610 ‚decem
588 547 755 610 milia
786 549 1077 608 talentum
1110 549 1376 625 argenti,
1419 550 1727 625 descripta
1755 550 2158 625 pensionibus
2187 567 2288 611 ae-

335 633 473 709 quis
514 634 575 693 in
620 647 815 693 annos
846 632 1318 708 quinquaginta,
1363 634 1693 695 solverent.
1765 633 2018 695 obsides
2049 641 2290 695 centum

334 716 616 779 arbitratu
678 714 986 791 Scipionis
1044 716 1289 792 darent,
1345 732 1425 777 ne
1479 716 1744 779 minores
1805 718 2288 791 quattuordecim

336 800 510 861 annis
540 814 661 859 neu
688 799 931 875 triginta
952 800 1236 861 maiores.
1281 800 1551 861 indutias
1573 801 1658 861 ita
1678 815 1748 861 se
1771 800 2070 875 daturum,
2103 802 2156 862 si
2178 816 2292 875 per

333 885 572 961 priores
595 882 863 944 indutias
884 896 1077 945 naves
1100 884 1421 945 onerariae
1443 890 1677 960 captae,
1713 899 2000 959 quaeque
2032 885 2294 945 fuissent

334 970 391 1027 in
438 966 726 1041 navibus,
766 965 1259 1029 restituerenturz
1303 968 1476 1028 aliter
1515 983 1630 1029 nec
1669 967 1936 1029 indutias
1970 982 2087 1028 nec
2115 982 2288 1043 spem

333 1052 505 1127 pacis
536 1051 718 1111 ullam
748 1064 913 1111 esse.

500 1136 627 1195 Has
668 1133 1067 1195 condiciones
1107 1134 1292 1209 legati
1335 1150 1474 1199 eum
1509 1134 1756 1197 domum
1787 1134 2018 1195 referre
2045 1134 2200 1195 iussi
2229 1134 2290 1193 in

332 1220 615 1281 contione
641 1217 926 1293 ederent,
971 1224 1034 1277 et
1062 1216 1251 1292 Gisgo
1281 1217 1361 1279 ad
1391 1217 1872 1279 dissuadendam
1901 1233 2116 1295 pacem
2145 1234 2284 1293 pro·

332 1303 628 1364 cessisset
674 1301 1109 1377 audireturque
1150 1316 1189 1361 a
1229 1300 1611 1364 multitudine
1657 1301 1928 1377 inquieta
1976 1302 2192 1363 eadem
2232 1308 2295 1361 et

331 1386 583 1457 imbelli,
627 1384 979 1459 indignatus
1006 1384 1308 1446 Hannibal
1337 1385 1458 1445 dici
1487 1385 1652 1445 eain
1681 1386 1785 1446 tali
1813 1393 2090 1460 tempore
2117 1384 2288 1445 audi-

328 1470 535 1545 rique,
580 1476 889 1543 arreptum
934 1468 1267 1545 Gisgonem
1303 1484 1490 1528 manu
1529 1485 1646 1530 sua
1685 1484 1763 1529 ex
1801 1469 2124 1544 superiore
2151 1470 2292 1529 loco

328 1552 607 1614 detraxit.
676 1566 835 1626 quae
863 1551 1107 1613 insueta
1124 1552 1362 1613 liberae
1391 1551 1615 1612 civitati
1643 1552 1892 1627 species
1922 1568 2059 1613 cum
2089 1552 2289 1611 fremi-

328 1644 451 1696 tum
503 1634 716 1711 populi
774 1635 1099 1709 movisset,
1144 1635 1537 1710 perturbatus
1591 1636 1866 1699 militaris
1916 1637 2011 1697 vir
2057 1637 2294 1697 urbana

328 1720 607 1779 libertate
641 1722 943 1792 ‚‚novem“
972 1718 1169 1795 inquit
1188 1736 1527 1793 „annorum
1550 1735 1586 1779 a
1607 1720 1786 1779 vobis
1811 1720 2126 1794 profectus
2149 1726 2295 1795 post

329 1808 569 1865 sextum
600 1809 661 1862 et
686 1800 1059 1863 tricesimum
1090 1818 1316 1863 annum
1343 1802 1518 1863 redii.
1589 1803 1884 1865 militares
1915 1813 2094 1880 arteS,
2133 1820 2291 1879 quas

328 1902 425 1946 me
455 1903 493 1946 a
520 1900 715 1961 puero
766 1887 1013 1947 fortuna
1062 1902 1225 1949 nunc
1272 1885 1514 1963 privata
1563 1903 1724 1949 nunc
1775 1888 2024 1963 publica
2064 1888 2288 1960 docuit,

326 1970 524 2045 probe
564 1969 783 2029 videor
822 1970 1011 2030 scire:
1067 1971 1237 2035 urbis
1281 1987 1354 2031 ac
1394 1970 1511 2032 l'ori
1554 1971 1689 2033 iura
1727 1973 1900 2047 leges
1937 1987 2144 2033 mores
2174 1988 2292 2033 vos

324 2070 423 2114 me
473 2058 717 2127 oportet
771 2053 1107 2115 doceatis“.
1179 2061 1476 2115 excusata
1529 2055 1934 2130 imprudentia
1983 2055 2291 2130 disseruit,

329 2154 513 2213 quam
562 2150 677 2197 nec
724 2135 936 2211 iniqua
984 2152 1106 2212 pax
1149 2144 1210 2198 et
1250 2138 1610 2199 necessaria
1657 2146 1848 2201 esset.
1918 2138 1979 2199 id
2022 2139 2292 2200 omnium

327 2220 589 2281 maxime
622 2219 873 2281 difficile
903 2226 1051 2295 erat,
1082 2222 1250 2297 quod
1281 2237 1359 2282 ex
1389 2223 1648 2283 navibus
1674 2238 1785 2298 per
1803 2221 2070 2285 indutias
2097 2224 2291 2299 captis

328 2305 473 2365 nihil
504 2312 747 2379 praeter
774 2304 949 2379 ipsas
980 2305 1382 2381 comparebat
1407 2322 1630 2377 naves;
1675 2322 1792 2367 nec
1821 2305 2132 2383 inquisitio
2164 2315 2293 2367 erat

327 2388 541 2461 saciliS,
574 2388 1047 2451 adversantibus
1077 2390 1217 2465 paci
1246 2388 1352 2464 qui
1381 2398 1795 2465 arguerentur.
1841 2392 2072 2467 placuit
2099 2406 2290 2451 naves

328 2471 501 2531 reddi
542 2476 604 2531 et
642 2472 924 2533 homines
966 2474 1178 2550 utique
1218 2472 1474 2549 inquiri3
1539 2481 1744 2537 cetera
1793 2492 1956 2551 quae
2001 2476 2296 2535 abessent

324 2554 705 2615 aestimanda
758 2554 1031 2631 Scipioni
1084 2556 1380 2633 permitti,
1439 2564 1626 2633 atque
1675 2558 1760 2619 ita
1805 2559 2072 2634 pecunia
2122 2561 2293 2619 luere

324 2636 876 2711 Carthaginienses.
950 2638 1107 2701 Sunt
1146 2641 1251 2716 qui
1277 2640 1679 2703 Hannibalem
1722 2656 1799 2703 ex
1844 2642 1975 2708 acie
2017 2641 2096 2703 ad
2125 2658 2293 2703 mare

326 2720 717 2796 pervenisse,
762 2723 904 2783 inde
945 2730 1314 2799 praeparata
1347 2740 1506 2785 nave
1548 2726 1626 2785 ad
1665 2740 1874 2801 regem
1920 2726 2288 2787 Antiochum

324 2807 631 2880 extemplo
682 2806 1023 2880 profectum
1065 2807 1337 2877 tradant3
1407 2809 1866 2885 postulantique
1905 2817 2046 2871 ante
2087 2809 2290 2869 omnia

322 2886 629 2963 Scipioni,
681 2897 747 2951 ut
786 2889 1088 2952 Hannibal
1140 2890 1259 2953 sibi
1308 2892 1677 2965 traderetur,
1729 2909 2099 2969 responsum
2145 2906 2289 2951 esse

322 2972 721 3033 Hannibalem
751 2974 813 3033 in
842 2974 1055 3035 Africa
1082 2991 1205 3036 non
1236 2991 1402 3037 esse.

490 3055 814 3117 XXXVIII.
856 3057 1189 3134 Postquam
1232 3060 1546 3121 redierunt
1583 3060 1662 3121 ad
1695 3059 2046 3135 Scipionem
2087 3059 2288 3134 legati,

324 3155 486 3215 quae
534 3139 781 3214 publica
821 3142 879 3203 in
925 3142 1185 3204 navibus
1229 3143 1500 3217 fuerant,
1547 3158 1626 3203 ex
1669 3142 1932 3219 publicis
1976 3142 2289 3217 descripta

324 3223 660 3285 rationibus
691 3234 1070 3300 quaestores,
1104 3242 1265 3301 quae
1296 3227 1534 3301 privata
1555 3226 1824 3301 profiteri
1851 3226 2077 3288 domini
2103 3226 2286 3287 iussia

325 3322 439 3381 pro
483 3323 557 3367 ea
588 3323 821 3369 summa
862 3309 1165 3385 pecuniae
1214 3310 1425 3385 viginti
1457 3310 1730 3386 quinque
1757 3310 1920 3371 milia
1950 3310 2160 3386 pondo
2193 3326 2286 3369 ar·

326 3389 491 3463 genti
538 3393 885 3466 praesentia
930 3401 1179 3463 exacta,
1242 3394 1636 3469 indutiaeque
1679 3392 2286 3472 Carthaginiensibus

328 3474 507 3533 datae
536 3474 595 3533 in
628 3481 749 3535 tres
779 3491 1047 3537 menses.
1098 3477 1372 3537 additum
1403 3492 1480 3539 ne
1508 3494 1619 3554 per
1649 3479 2018 3541 indutiarum
2046 3486 2286 3552 tempus
