2550 3959
378 227 503 294 124
670 229 897 291 LIBER
924 228 1139 291 XXVI.
1184 230 1349 291 CAP.
1385 238 1468 295 19.
1498 239 1586 295 20.
1631 236 1707 305 [a.
1736 236 1807 290 U.
1835 253 1886 290 ο.
1911 234 2052 304 ⁶411
2521 0 2524 203 y

374 387 647 443 maturae
688 386 917 441 tantam
955 396 1161 441 rerum
1188 380 1412 441 molem
1449 387 1806 456 tantumque
1846 378 2168 457 imperium
2195 396 2334 457 per-
2523 302 2526 437 ἱ

314 482 345 510 ·
372 465 557 533 misit.
2523 480 2525 495 ¹

538 548 641 609 Ad
666 562 777 609 eas
806 548 1040 624 copias,
1072 564 1227 624 quas
1256 564 1340 609 ex
1367 554 1574 609 vetere
1603 546 1872 607 exercitu
1898 546 2200 625 Hispania
2226 546 2334 607 ha-

374 632 557 693 bebat
590 646 881 708 quaeque
925 646 963 689 a
988 629 1258 693 Puteolis
1289 646 1426 691 cum
1457 631 1520 692 G.
1547 630 1788 691 Nerone
1813 630 2102 691 traiectae
2143 637 2334 715 erant,
2525 637 2528 753 Ι

374 717 591 777 decem
618 715 785 777 milia
811 715 1063 775 militum
1090 723 1155 777 et
1180 716 1344 776 mille
1377 715 1616 792 equites
1657 714 1992 775 adduntur=
2037 720 2097 773 et
2123 712 2206 775 Μ.
2235 712 2334 775 Iu·
2526 754 2527 779 2

374 801 512 861 nius
528 798 774 862 Silanus
797 806 1160 877 propraetor
1187 800 1430 859 adiutor
1451 798 1532 859 ad
1553 812 1653 858 res
1675 798 1982 874 gerendas
2007 798 2185 858 datus
2215 806 2331 859 est.

372 884 457 943 ita
484 898 623 945 cum
650 882 889 958 triginta
918 882 1167 943 navium
1196 884 1402 947 classe
1438 913 1524 927 -—-
1553 897 1768 943 omnes
1798 889 2000 943 autem
2031 882 2331 957 quinque-

371 980 571 1027 remes
614 972 789 1027 erant
827 1000 913 1013 --
954 966 1131 1027 ostiis
1168 966 1466 1041 Tiberinis
1505 965 1820 1041 profectus
1863 972 2109 1041 praeter
2157 980 2330 1025 oram

368 1048 549 1111 Tusci
576 1050 781 1123 amris,
814 1049 1008 1126 Alpes
1034 1056 1221 1125 atque
1250 1050 1546 1112 Gallicum
1573 1050 1774 1109 sinum
1803 1057 1866 1109 et
1888 1048 2114 1109 ,deinde
2140 1046 2328 1129 Pyre-

371 1134 508 1194 naei
536 1134 979 1195 circumvectus
1008 1134 1520 1210 promuntorium,
1563 1132 1872 1209 Emporiis
1910 1132 2063 1193 urbe
2094 1132 2332 1193 Graeca

377 1248 449 1261 -—
496 1218 736 1281 oriundi
780 1224 839 1279 et
875 1216 997 1293 ipsi
1038 1234 1079 1279 a
1112 1215 1400 1279 Phocaea
1439 1223 1579 1276 sunt
1613 1248 1702 1263 —
1751 1216 1967 1291 copias
2021 1218 2329 1292 exposuit.

370 1301 515 1365 inde
542 1301 719 1377 sequi
747 1300 1007 1363 navibus
1050 1300 1239 1363 iussis
1266 1301 1674 1361 Tarraconem
1711 1298 1974 1376 pedibus
2016 1300 2329 1376 profectus

370 1391 738 1447 conventum
766 1384 1037 1445 omnium
1059 1386 1368 1446 sociorum
1394 1417 1480 1430 -—
1507 1385 1732 1446 etenim
1759 1384 2097 1461 legationes
2127 1384 2210 1445 ad
2239 1384 2330 1443 fa-

368 1484 529 1528 mam
556 1469 691 1529 eius
720 1485 799 1529 ex
830 1468 993 1531 omni
1021 1482 1093 1529 se
1123 1468 1442 1544 provincia
1469 1467 1814 1529 effuderant
1836 1498 1922 1513 —-
1947 1464 2176 1529 habuit.
2219 1483 2330 1528 na-

367 1568 480 1612 ves
509 1551 593 1612 ibi
622 1551 883 1613 subduci
911 1551 1093 1613 iussit
1116 1552 1398 1613 remissis
1427 1558 1712 1627 quattuor
1737 1548 2080 1613 triremibus
2103 1550 2328 1611 Massi—

370 1632 677 1708 liensium,
726 1651 885 1711 quae
912 1636 1103 1697 officii
1131 1651 1322 1699 causa
1347 1636 1426 1697 ab
1457 1636 1642 1697 domo
1673 1642 2036 1713 prosecutae
2067 1634 2328 1696 fuerant.

366 1735 674 1796 responsa
698 1720 843 1781 inde
864 1720 1271 1797 legationibus
1293 1720 1624 1798 suspensis
1647 1720 1939 1781 varietate
1962 1725 2052 1780 tot
2071 1734 2329 1779 casuum

367 1803 517 1865 dare
555 1806 759 1880 coepit
798 1806 883 1867 ita
908 1806 1070 1865 elato
1099 1806 1179 1865 ab
1215 1805 1444 1881 ingenti
1474 1805 1780 1865 virtutium
1809 1820 2056 1864 suarum
2097 1802 2329 1865 fiducia

367 1888 603 1964 animo,
662 1896 729 1951 ut
772 1890 1001 1949 nullum
1049 1890 1226 1950 ferox
1274 1888 1526 1951 verbum
1577 1888 1917 1962 excideret,
1981 1888 2329 1963 ingensque

368 1971 649 2034 omnibus
694 1987 853 2047 quae
904 1972 1135 2033 diceret
1183 1988 1324 2033 cum
1371 1973 1660 2033 maIestas
1711 1972 1942 2033 inesset
1977 1978 2104 2031 tum
2144 1968 2327 2031 fides.

364 2054 491 2115 XX.
533 2056 845 2130 profectus
886 2055 967 2115 ab
992 2055 1338 2117 Tarracone
1379 2064 1440 2117 et
1480 2056 1757 2117 civitates
1797 2055 2106 2117 sociorum
2145 2060 2209 2115 et
2233 2054 2326 2113 hi-

368 2138 557 2199 berna
584 2138 891 2198 exercitus
912 2138 1075 2213 adiit,
1106 2140 1600 2217 collaudavitque
1621 2139 1859 2213 militeS‚
1892 2139 2061 2215 quod
2085 2137 2327 2199 duabus

366 2221 546 2283 tantis
576 2222 871 2297 deinceps
898 2222 1305 2285 cladibusicti
1335 2224 1716 2300 provinciam
1745 2222 2166 2295 obtinuissent,
2207 2236 2328 2283 nec

366 2307 623 2367 fructum
652 2307 1059 2369 secundarum
1099 2322 1308 2369 rerum
1336 2308 1562 2369 sentire
1589 2308 1802 2369 hostes
1832 2308 2004 2384 passi
2036 2304 2200 2367 omni
2231 2306 2323 2367 cis

365 2382 651 2451 Hiberum
692 2405 841 2466 agro
884 2404 999 2451 eos
1036 2392 1414 2467 arcuissent,
1457 2392 1794 2469 sociosque
1822 2406 1960 2452 cum
1988 2388 2113 2451 fide
2153 2389 2325 2451 tutati

364 2480 590 2535 essent.
666 2472 959 2535 Marcium
998 2490 1211 2537 secum
1247 2474 1514 2538 habebat
1553 2491 1692 2537 cum
1728 2482 1895 2537 tanto
1937 2474 2202 2549 honore,
2257 2480 2328 2534 ut

364 2558 542 2619 facile
572 2566 899 2635 appareret
926 2558 1073 2619 nihil
1094 2560 1294 2620 minus
1318 2576 1499 2636 quam
1529 2560 1744 2632 vereri,
1775 2574 1854 2621 ne
1882 2560 2020 2635 quis
2051 2557 2327 2619 obstaret

360 2641 593 2717 gloriae
622 2658 795 2703 suae.
838 2642 1143 2703 successit
1169 2643 1314 2703 inde
1341 2643 1566 2705 Neroni
1596 2642 1860 2718 SilanuS,
1889 2650 1950 2703 et
1977 2640 2038 2703 in
2059 2640 2327 2703 hiberna

360 2726 581 2787 milites
632 2726 777 2787 novi
832 2724 1097 2789 deducti.
1182 2726 1391 2803 Scipio
1444 2726 1724 2789 omnibus
1741 2774 1756 2801 ,
1823 2740 1985 2803 quae
2031 2725 2325 2786 adeunda

360 2810 727 2885 agendaque
769 2816 941 2871 erant
954 2854 969 2883 ‚
1014 2815 1246 2871 mature
1285 2810 1467 2871 aditis
1496 2812 1886 2889 peractisque
1913 2810 2324 2871 Tarraconem

360 2893 687 2955 concessit.
752 2893 939 2955 nihilo
985 2894 1183 2955 minor
1210 2895 1372 2955 fama
1400 2896 1570 2971 apud
1594 2896 1807 2957 hostes
1839 2892 2148 2971 Scipionis
2193 2899 2326 2957 erat

362 2992 548 3050 quam
576 2976 742 3052 apud
770 2976 941 3038 cives
971 2978 1325 3055 sociosque,
1371 2984 1434 3039 et
1460 2978 1752 3041 divinatio
1785 2978 2087 3057 quaedam
2119 2976 2324 3051 futuri,

361 3076 485 3135 quo
514 3059 715 3126 minus
746 3062 901 3122 ratio
928 3061 1162 3123 timoris
1192 3062 1370 3123 reddi
1400 3068 1641 3139 poterat
1671 3064 1868 3124 oborti
1897 3069 2144 3134 temere,
2191 3077 2322 3122 ma-

358 3143 551 3207 iorem
590 3143 861 3207 inferens
902 3152 1145 3207 metum.
1204 3146 1265 3206 in
1303 3145 1563 3209 hiberna
1591 3146 1820 3207 diversi
1863 3152 2324 3221 concesserant,

356 3226 706 3291 Hasdrubal
736 3227 1025 3307 Gisgonis
1069 3245 1271 3305 usque
1312 3229 1393 3291 ad
1423 3226 1732 3291 Oceanum
1772 3237 1833 3292 et
1861 3228 2098 3304 Gades,
2133 3226 2325 3305 Mago

358 3311 419 3373 in
469 3311 915 3377 mediterranea
961 3312 1225 3375 maxime
1276 3330 1468 3391 supra
1507 3314 2010 3377 Castulonensem
2061 3312 2325 3384 saltum3
2369 3368 2378 3375 .

356 3392 706 3543 Hasdgtgbal
721 3394 1083 3457 Hamilcaris
1112 3396 1273 3459 filius
1301 3397 1624 3475 proxitnus
1643 3396 1872 3461 Hibero
1903 3396 2070 3459 circa
2079 3392 2325 3473 sagun-

358 3486 485 3543 tum
556 3479 573 3545 i
618 3479 872 3543 ernavit.
