2550 3959
596 181 833 245 LIBER
858 180 1073 245 XXVI.
1115 182 1282 245 GAP.
1309 191 1364 246 8.
1397 191 1451 248 9.
1493 190 1570 259 [a.
1601 192 1666 244 C.
1693 192 1824 261 211]
2071 189 2192 255 lll

230 338 486 403 urbibus
528 337 826 397 haberent
866 341 928 397 et
968 351 1051 397 ex
1090 336 1253 419 agris
1297 336 1497 397 deviis
1539 337 1603 397 in
1630 337 1792 398 viam
1833 341 2193 419 proferrent,

234 420 717 501 praesidiaque
700 437 761 479 m
790 419 978 482 urbes
1000 420 1444 496 contraherent,
1472 427 1539 523 ut
1563 435 1678 481 sua
1707 423 1929 521 cuique
1956 440 2058 486 res
2081 442 2191 503 pu·

234 507 432 569 blica
416 522 480 565 m
508 520 700 568 manu
724 510 912 569 esset

400 589 503 649 lX.
534 586 839 651 Hannibal
861 603 982 663 quo
1009 587 1111 647 die
1123 586 1426 651 Vulturno
1449 597 1544 649 est
1565 596 2003 666 transgressus,
2027 592 2195 654 haud

236 674 450 752 procul
479 689 519 733 a
548 671 799 735 flumine
826 676 1029 733 castra
1060 671 1292 747 posuit;
1337 680 1589 749 postero
1621 674 1724 735 die
1751 680 1994 750 praeter
2017 675 2194 737 cales

235 760 292 819 in
322 774 542 833 agrum
572 755 907 818 Sidicinum
945 755 1237 831 pervenit.
1303 757 1388 817 ibi
1417 758 1580 818 diem
1619 774 1806 820 unum
1836 760 2193 836 populando

234 848 511 905 moratus
541 856 653 915 per
670 838 1514 917 SuessanumAllii'anumque
1535 848 1597 902 et
1611 841 1954 903 Casinatem
1981 860 2194 920 agrum

235 927 333 989 via
345 924 567 986 Latina
588 924 771 985 ducit.
816 923 933 983 sub
948 923 1230 984 Casinum
1257 924 1451 985 biduo
1479 926 1702 985 stativa
1729 926 1937 987 habita
1963 934 2024 987 et
2050 945 2194 1005 pas-

234 1012 355 1071 sim
382 1008 816 1085 populationes
848 1008 1063 1069 factae.
1126 1007 1273 1067 inde
1304 1014 1546 1085 praeter
1573 1008 1976 1070 Interamnam
2003 1013 2194 1088 Aqui-

238 1094 510 1167 numque
535 1092 601 1151 in
628 1090 1051 1167 Fregellanum
1080 1107 1292 1167 agrum
1321 1092 1402 1153 ad
1428 1091 1613 1152 Lirim
1643 1092 1898 1154 fluvium
1929 1102 2194 1173 ventum,

235 1175 716 1247 ubiintercisum
738 1181 986 1251 pontem
1008 1174 1428 1251 aFregellanis
1449 1176 1726 1237 morandi
1749 1176 1982 1239 itineris
2005 1194 2196 1240 causa

234 1260 489 1321 invenit.
528 1267 591 1319 et
613 1258 892 1322 Fulvium
912 1258 1247 1321 Vulturnus
1276 1266 1554 1321 tenuerat
1581 1262 1794 1336 amnis,
1823 1260 2086 1323 navibus
2115 1264 2194 1324 ab

234 1342 578 1405 Hannibale
627 1343 895 1403 incensis
944 1348 1109 1404 rates
1159 1345 1241 1405 ad
1289 1344 1690 1405 traiciendum
1752 1345 2084 1406 exercitum
2133 1346 2194 1406 in

236 1444 461 1503 magna
486 1426 697 1503 inopia
722 1426 1013 1487 materiae
1042 1442 1227 1503 aegre
1255 1435 1728 1505 comparantem.
1774 1428 2024 1490 traiecto
2051 1430 2189 1490 rati-

234 1514 357 1573 bus
384 1511 655 1571 exercitu
682 1510 983 1589 reliquum
1010 1510 1233 1573 Fulvio
1268 1513 1619 1588 expeditum
1659 1514 1771 1574 iter
1797 1529 1922 1573 non
1953 1530 2069 1591 per
2094 1530 2185 1575 ur-

233 1598 359 1659 bes
384 1595 569 1657 modo
600 1594 715 1655 sed
744 1595 909 1655 circa
935 1594 1097 1655 viam
1126 1597 1432 1672 expositis
1460 1596 1726 1672 benigne
1751 1598 2191 1659 commeatibus

234 1685 399 1755 erat,
444 1682 805 1755 alacresque
842 1679 1064 1741 milites
1102 1680 1260 1741 alius
1290 1682 1504 1756 alium,
1549 1687 1615 1741 ut
1655 1680 1910 1742 adderet
1937 1682 2196 1756 gradum

234 1778 475 1825 memor
514 1763 597 1825 ad
637 1763 1089 1825 defendendam
1128 1765 1217 1823 ire
1258 1764 1546 1840 patriam,
1593 1764 2006 1825 hortabantur.
2071 1766 2193 1825 Ro-

234 1864 401 1907 mam
427 1847 819 1923 Fregellanus
861 1848 1105 1909 nuntius
1148 1848 1312 1909 diem
1340 1854 1706 1923 noctemque
1751 1850 1964 1909 itinere
2006 1849 2194 1910 conti-

234 1938 426 1993 nuato
457 1932 761 2006 ingentem
790 1932 980 1993 attulit
999 1940 1320 1993 terrorem=
1361 1932 1788 1995 tumultuosius
1814 1948 1996 2008 quam
2026 1932 2186 1995 adla-

237 2024 371 2077 tum
398 2022 530 2077 erat
554 2030 741 2077 cursu
766 2014 1077 2077 hominum
1108 2016 1546 2092 adfingentium
1566 2032 1727 2077 vana
1753 2017 1977 2079 auditis
2009 2024 2198 2079 totam

235 2099 453 2161 urbem
482 2100 761 2161 concitat.
800 2102 1073 2176 ploratus
1102 2100 1420 2163 mulierum
1449 2116 1572 2161 non
1601 2116 1682 2161 ex
1710 2100 1964 2177 privatis
1995 2104 2196 2163 solum

238 2182 527 2244 domibus
550 2183 1005 2259 exaudiebatur,
1036 2183 1149 2245 sed
1172 2184 1446 2261 undique
1467 2190 1781 2245 matronae
1803 2186 1864 2244 in
1889 2185 2200 2262 publicum

237 2264 481 2329 effusae
526 2267 690 2327 circa
728 2268 912 2329 deum
949 2267 1208 2329 >delubra
1248 2268 1625 2341 discurrunt,
1679 2268 1950 2329 crinibus
1993 2268 2198 2345 passis

239 2366 387 2412 aras
418 2357 729 2411 verrentes
760 2352 943 2413 nixae
968 2350 1263 2427 genibus,
1309 2352 1566 2429 supinas
1593 2368 1812 2413 manus
1851 2354 1933 2412 ad
1963 2353 2196 2416 caelum

236 2450 316 2496 ac
350 2434 501 2495 deos
531 2434 855 2497 tendentes
886 2442 1275 2512 orantesque,
1306 2442 1374 2496 ut
1399 2434 1616 2496 urbem
1638 2437 1978 2496 Romanam
2006 2452 2043 2495 e
2072 2451 2198 2495 ma-

238 2518 427 2579 nibus
468 2518 733 2580 hostium
773 2520 1110 2596 eriperent,
1166 2526 1517 2595 matresque
1545 2520 1854 2581 Romanas
1884 2526 1944 2580 et
1972 2518 2199 2580 liberos

239 2617 475 2680 parvos
498 2602 827 2664 inviolatos
850 2610 1185 2665 servarent.
1227 2610 1480 2665 senatus
1503 2603 1954 2679 magistratibus
1977 2604 2040 2663 in
2064 2603 2200 2664 foro

238 2692 491 2763 praesto
522 2694 634 2763 est,
665 2686 721 2747 si
750 2687 901 2763 quid
930 2687 1253 2750 consulere
1282 2690 1486 2749 velint.
1551 2688 1651 2747 alii
1678 2687 1986 2763 accipiunt
2011 2687 2200 2764 impc-

235 2770 338 2831 ria
365 2770 813 2847 disceduntque
842 2770 925 2833 ad
958 2788 1105 2833 suas
1137 2772 1404 2849 quisque
1445 2772 1786 2833 officiorum
1817 2778 2054 2847 partes;
2100 2770 2202 2831 alii

242 2852 514 2916 offerunt
540 2870 631 2929 se,
674 2856 730 2915 si
760 2872 884 2930 quo
918 2872 1069 2917 usus
1100 2872 1330 2933 operae
1358 2857 1455 2917 sit.
1520 2855 1836 2932 praesidia
1858 2856 1921 2915 in
1951 2868 2110 2929 arce,
2139 2853 2202 2913 in

240 2937 565 3014 Capitolio,
610 2939 671 2999 in
701 2936 909 3016 marie,
948 2940 1113 3002 circa
1140 2938 1380 3012 urbem,
1423 2941 1488 2999 in
1519 2946 1722 3001 monte
1749 2940 1932 2999 etiam
1957 2940 2202 2999 Albano

238 3030 433 3097 atque
454 3038 597 3083 arce
608 3022 923 3087 Aesulana
945 3030 1270 3099 ponuntur.
1300 3023 1458 3085 inter
1475 3024 1641 3084 hunc
1656 3024 1972 3084 tumultum
1985 3024 2052 3097 Q.
2065 3022 2204 3082 Ful-

238 3106 415 3165 vium
452 3108 891 3183 proconsulem
932 3108 1273 3182 profectum
1304 3124 1440 3168 cum
1479 3107 1754 3167 exercitu
1781 3123 1820 3165 a
1849 3108 2056 3180 Capua
2095 3105 2204 3163 ad-

245 3191 473 3259 fertur3
514 3190 611 3251 cui
638 3206 717 3253 ne
738 3191 1109 3253 minueretur
1136 3192 1470 3267 imperium,
1503 3191 1558 3251 si
1587 3191 1650 3250 in
1678 3189 1890 3249 urbem
1911 3189 2204 3264 venisset,

243 3274 527 3335 decernit
552 3281 838 3351 senatuS,
880 3281 947 3336 ut
976 3276 1043 3349 Q.
1072 3275 1286 3337 Fulvio
1317 3291 1429 3351 par
1456 3290 1593 3335 cum
1621 3271 1984 3334 consulibus
2013 3272 2206 3347 impe-

242 3357 406 3419 rium
448 3365 635 3421 esset.
692 3358 991 3421 Hannibal
1036 3358 1318 3419 infestius
1346 3357 1755 3435 perpopulato
1785 3370 1935 3431 agro
1965 3353 2206 3431 Fregel-

242 3444 390 3502 lano
421 3448 679 3520 propter
702 3442 1026 3505 intercisos
1055 3450 1298 3520 ponteS‚
1327 3458 1442 3519 per
1467 3440 1848 3502 Frusinatem
1860 3438 2204 3501 Ferentina-
