2550 3959
554 245 783 306 LIBER
808 245 1077 306 Xva.
1122 246 1288 308 cAP.
1319 255 1408 308 42.
1434 256 1520 311 43.
1563 250 1630 327 [a.
1659 254 1724 309 c,
1750 253 1875 329 205]
2067 249 2190 315 271

236 398 613 459 maiestatem
654 396 920 473 imperii,
966 413 1127 474 quae
1156 406 1281 461 tum
1309 399 1370 458 in
1399 405 1504 461 tuo
1539 401 1738 476 capite
1765 402 2190 478 periclitaban-

236 489 350 557 tur,
394 480 769 543 commisisti.
837 497 953 556 ego
983 481 1046 541 P.
1080 481 1426 544 Cornelium
1455 484 1546 544 rei
1577 484 1858 560 publicae
1885 488 2192 565 nobisque

236 582 359 630 non
402 565 520 626 sibi
553 565 673 642 ipsi
701 565 984 642 privatim
1014 573 1284 628 creatmn
1315 568 1632 629 consulem
1659 569 1971 646 existimo,
1993 587 2189 634 exer·

233 651 517 726 citusque
562 650 642 710 ad
685 649 1023 711 custodiam
1062 651 1237 712 urbis
1280 658 1465 727 atque
1495 652 1701 713 Italiae
1731 653 1996 730 scriptos
2027 672 2189 734 esse,

232 750 355 796 non
390 750 550 812 quos
579 733 751 809 regio
780 749 951 795 more
979 749 1093 810 per
1120 735 1474 810 superbiam
1506 739 1814 813 consules,
1848 755 1971 814 quo
2001 745 2187 802 terra·

229 835 364 879 rum
391 818 596 890 velint,
630 818 963 878 traiciant“.

344 901 547 962 XLIII.
595 901 743 962 Cum
791 901 1067 963 oratione
1117 903 1199 961 ad
1240 909 1482 979 tempus
1531 910 1748 980 parata
1785 907 2012 969 Fabius
2065 915 2186 970 tum

231 986 588 1049 auctoritate
632 992 695 1046 et
721 985 1096 1046 inveteratae
1137 986 1502 1062 prudentiae
1544 988 1705 1049 fama
1733 1007 2015 1066 magnam
2045 1009 2184 1068 par·

228 1079 347 1133 tem
380 1077 630 1132 senatus
654 1076 715 1131 et
742 1070 1021 1132 seniores
1048 1071 1314 1131 maxime
1337 1071 1652 1147 movisset,
1682 1076 2016 1151 pluresque
2041 1092 2186 1137 con-

228 1155 430 1216 silium
470 1153 638 1216 senis
686 1168 870 1231 quam
897 1154 1165 1216 animum
1194 1155 1648 1216 adolescentiae
1678 1155 1947 1219 ferocem
1975 1161 2181 1221 lauda-

226 1246 379 1313 rent,
422 1237 631 1314 Scipio
660 1238 742 1300 ita
769 1239 1011 1300 locutus
1044 1239 1261 1300 ferturz
1305 1244 1408 1315 „et
1435 1241 1574 1315 ipse
1604 1239 1671 1314 Q.
1701 1241 1927 1304 Fabius
1957 1243 2171 1318 princi·

227 1324 329 1400 pio
357 1322 666 1397 orationis,
681 1330 889 1398 patres
914 1323 1265 1400 conscripti,
1283 1326 1781 1388 commemoravit
1802 1327 1858 1386 in
1886 1329 2186 1388 sententia

227 1422 343 1468 sua
384 1421 573 1484 posse
601 1406 1100 1469 obtrectationem
1128 1415 1481 1484 suspectam
1513 1423 1675 1469 esse.
1743 1411 1918 1472 cuius
1948 1427 2064 1486 ego
2093 1413 2182 1472 rei

225 1506 347 1552 non
391 1497 514 1552 tam
554 1489 693 1566 ipse
733 1490 931 1552 ausim
968 1497 1200 1553 tantum
1240 1492 1439 1554 virum
1467 1492 1850 1571 insimulare,
1895 1511 2075 1572 quam
2108 1511 2177 1559 ea

226 1575 503 1651 suspicio
540 1607 612 1618 --
645 1575 791 1636 vitio
834 1575 1131 1638 orationis
1170 1593 1248 1636 an
1288 1577 1379 1637 rei
1406 1611 1492 1622 —-
1518 1576 1686 1638 haud
1729 1595 1881 1640 sane
1923 1586 2182 1656 purgata

226 1666 337 1720 est.
384 1657 473 1719 sic
504 1657 665 1719 enim
692 1658 963 1720 honores
992 1676 1143 1721 suos
1174 1667 1236 1722 et
1262 1663 1485 1721 ramam
1512 1676 1716 1723 rerum
1738 1669 2047 1738 gestarum
2070 1679 2175 1724 ex·

226 1743 357 1804 tulit
386 1740 592 1804 verbis
622 1743 703 1804 ad
732 1742 1246 1818 exstinguendum
1273 1743 1540 1803 invidiae
1569 1746 1828 1820 crimen,
1873 1752 2177 1823 tamquam

228 1826 368 1886 mihi
398 1825 476 1886 ab
503 1825 711 1888 infimo
742 1841 994 1903 quoque
1023 1827 1360 1902 periculum
1391 1827 1498 1900 sit,
1541 1843 1620 1888 ne
1649 1844 1886 1889 mecum
1917 1833 2177 1892 aemule-

230 1917 353 1984 tur,
386 1915 449 1970 et
474 1925 598 1971 non
627 1911 703 1970 ab
734 1924 839 1982 eo,
874 1910 995 1987 qui,
1029 1911 1173 1986 quia
1200 1927 1392 1987 super
1421 1917 1661 1974 ceteros
1692 1915 1982 1989 excellat,
2027 1930 2178 1991 quo-

225 2009 348 2070 que
376 1994 482 2055 niti
511 2007 634 2054 non
664 1994 1002 2069 dissimulo,
1042 2011 1140 2055 me
1168 1995 1287 2056 sibi
1317 1994 1571 2072 aequari
1599 1996 1766 2058 nolit.
1840 1997 1932 2059 sic
1962 2013 2175 2059 senem

226 2094 295 2142 se
342 2077 849 2155 perfunctumque
891 2084 953 2139 et
978 2094 1077 2139 me
1115 2078 1272 2140 infra
1305 2084 1564 2140 aetatem
1595 2080 1701 2141 filii
1731 2081 1912 2143 etiam
1941 2082 2038 2144 sui
2071 2099 2178 2159 po·

224 2163 361 2235 suit,
392 2170 701 2239 tamquam
734 2178 857 2223 non
878 2163 1137 2238 longiuS,
1170 2179 1354 2238 quam
1381 2170 1672 2240 quantum
1699 2165 1857 2227 vitae
1879 2166 2180 2228 humanae

223 2245 490 2323 spatium
546 2252 670 2321 est,
730 2245 1032 2322 cupiditas
1086 2247 1319 2321 gloriae
1373 2248 1740 2309 extendatur
1794 2251 2179 2327 maximaque

226 2346 371 2408 pars
403 2329 538 2391 eius
566 2330 627 2390 in
655 2330 1008 2392 memoriam
1037 2345 1109 2390 ac
1139 2329 1557 2406 posteritatem
1586 2331 1945 2408 promineat.
1991 2334 2179 2395 maxi-

222 2431 322 2476 mo
367 2413 588 2490 cuique
628 2413 692 2474 id
732 2413 1014 2476 accidere
1054 2414 1255 2476 animo
1299 2420 1531 2475 certum
1578 2413 1808 2486 habeo,
1854 2423 1917 2477 ut
1957 2432 2028 2478 se
2056 2434 2178 2480 non

224 2515 362 2560 cum
405 2498 830 2572 praesentibus
872 2499 1059 2560 modo
1100 2498 1216 2559 sed
1255 2513 1396 2559 cum
1425 2498 1622 2560 omnis
1653 2498 1788 2560 aevi
1820 2500 2002 2561 claris
2031 2500 2178 2562 viris

223 2589 555 2657 comparet.
670 2583 958 2659 equidem
1004 2582 1171 2643 haud
1213 2579 1535 2643 dissimulo
1570 2597 1669 2644 me
1701 2589 1871 2659 tuas,
1915 2583 1981 2658 Q.
2011 2585 2179 2660 Fabi,

222 2666 440 2728 laudes
482 2680 605 2727 non
648 2664 908 2742 adsequi
949 2669 1150 2729 solum
1192 2667 1382 2742 velle,
1423 2664 1540 2728 sed
1565 2697 1652 2710 --
1678 2665 1844 2727 bona
1869 2667 2050 2730 venia
2079 2674 2180 2729 tua

224 2749 483 2811 dixerim
510 2781 593 2795 —
622 2748 677 2810 si
712 2751 950 2826 possim
979 2750 1161 2812 etiam
1190 2765 1591 2826 exsuperare.
1655 2749 1805 2813 illud
1837 2767 1952 2812 nec
1979 2751 2087 2813 tibi
2115 2752 2177 2812 in

223 2850 319 2894 me
369 2849 484 2895 nec
532 2833 676 2895 mihi
724 2833 786 2894 in
834 2833 1172 2896 minoribus
1223 2840 1370 2896 natu
1418 2833 1602 2895 animi
1643 2833 1752 2909 sit,
1809 2841 1877 2897 ut
1914 2836 2178 2897 nolimus

222 2933 591 2995 quemquam
633 2917 826 2980 nostri
868 2918 1123 2980 similem
1164 2919 1431 2980 evadere
1470 2917 1696 2980 civem=
1749 2918 1814 2980 id
1855 2917 2015 2979 enim
2057 2935 2180 2982 non

222 3018 435 3064 eorum
484 3002 669 3064 modo
686 3047 703 3077 ,
753 3001 974 3079 quibus
1025 3001 1456 3077 inviderimus,
1505 3001 1622 3064 sed
1660 3001 1751 3063 rei
1800 3003 2082 3080 publicae
2123 3011 2184 3066 et

222 3100 421 3161 paene
451 3086 648 3146 omnis
676 3085 920 3162 generis
949 3085 1198 3147 humani
1221 3087 1645 3148 detrimentum
1667 3084 1765 3149 sit.
1811 3103 2177 3150 commemo·

223 3168 409 3244 ravit,
461 3176 752 3244 quantum
800 3186 1007 3232 essem
1045 3169 1304 3247 periculi
1343 3170 1650 3245 aditurus,
1704 3169 1759 3233 si
1807 3170 1870 3231 ln
1906 3171 2178 3234 Africam

222 3253 569 3330 traicerem,
622 3262 689 3317 ut
724 3271 921 3316 meam
965 3271 1216 3332 quoque
1258 3270 1382 3316 non
1423 3256 1625 3317 solum
1664 3256 1753 3315 rel
1794 3254 2078 3332 publicae
2119 3265 2180 3318 et

222 3339 528 3400 exercitus
574 3339 766 3400 vicem
807 3340 1120 3401 videretur
1160 3337 1477 3400 sollicitus.
1543 3339 1709 3399 unde
1743 3337 1898 3400 haec
1925 3347 2178 3416 repente

222 3440 369 3485 cura
410 3423 489 3485 de
530 3439 628 3484 me
666 3425 921 3486 exortat
980 3439 1117 3486 cum
1158 3429 1334 3501 pater
1372 3429 1753 3500 patruusque
1794 3438 1966 3485 meus
1995 3423 2176 3486 inter-

222 3508 390 3576 iecti,
437 3523 573 3571 cum
616 3507 739 3570 duo
781 3509 1087 3570 exercitus
1130 3524 1341 3570 eorum
1381 3521 1582 3584 prope
1624 3505 1944 3568 occidione
1984 3502 2172 3568 occisi
