2550 3959
351 226 479 297 13⁶
644 226 877 288 LIBER
901 226 1117 289 XXVI.
1164 226 1330 287 CAP.
1357 232 1446 289 ao.
1475 234 1564 288 31.
1609 232 1680 301 [a.
1707 228 1776 284 υ.
1805 248 1856 285 e.
1878 230 2005 297 542]

354 382 525 459 cipes
556 379 1085 458 Syracusanorum
1112 377 1371 453 habere,
1411 376 1633 451 totiens
1661 376 1725 437 id
1751 376 2122 452 nequiquam
2150 376 2315 439 ultro

356 462 713 541 offerentes,
768 470 1203 541 praeoptasse,
1264 477 1386 539 quo
1430 460 1663 533 scilicet
1707 459 1958 529 iustiore
2001 458 2080 519 de
2120 467 2317 524 causa

355 549 805 611 vetustissimos
835 547 1047 609 socios
1074 547 1288 623 populi
1316 544 1573 608 Romani
1614 544 1942 607 trucidaret
1981 558 2054 608 ac
2084 543 2312 619 diripe-

351 640 461 695 ret.
536 634 591 696 si
634 648 757 694 non
798 630 1210 709 Hieronymus
1252 629 1340 691 ad
1372 628 1768 699 Hannibalem
1823 627 2151 695 defecisset
2193 628 2310 689 sed

354 718 623 795 populus
654 714 1083 794 Syracusanus
1124 722 1185 775 et
1222 720 1508 791 senatuS,
1549 712 1604 776 si
1630 708 1842 789 'portas
1869 710 2158 786 Marcello
2189 710 2312 787 Sy-

355 800 634 861 vacusani
655 799 899 875 publice
922 806 981 860 et
1002 814 1126 860 non
1157 796 1478 875 oppressis
1494 794 1901 880 Syracusanis
1931 795 2171 872 tyranni
2200 810 2310 857 co·

356 901 488 947 rum
527 884 934 959 Hippocrates
988 890 1049 943 et
1084 882 1398 960 Epicydes
1443 880 1838 959 clausissent,
1900 880 1954 948 si
1997 876 2312 955 Carthagi-

354 968 656 1030 niensium
696 966 911 1029 animis
950 966 1177 1027 bellum
1207 980 1344 1027 cum
1373 965 1600 1043 populo
1629 962 1906 1035 Romano
1945 964 2312 1039 gessissent,

356 1052 502 1128 quid
544 1054 701 1113 ultra
730 1068 913 1127 quam
942 1052 1108 1127 quod
1140 1050 1376 1126 iecerit,
1421 1048 1540 1110 nisi
1577 1056 1644 1115 ut
1673 1049 1904 1114 deleret
1938 1046 2308 1128 Syracusas,

355 1138 558 1200 facere
596 1136 891 1199 hostiliter·
902 1135 1269 1199 ‚Marcellum
1310 1134 1628 1211 potuisse?
1670 1139 1832 1196 certe
1862 1138 2102 1209 praeter
2138 1146 2308 1196 moe-

354 1223 454 1281 nia
496 1226 555 1281 et
582 1226 744 1281 tecta
782 1220 1085 1281 exhausta
1122 1218 1294 1281 urbis
1335 1234 1407 1279 ac
1435 1218 1696 1282 refracta
1735 1233 1809 1280 ac
1833 1213 2098 1293 ,spoliata
2125 1215 2312 1277 deum

354 1304 627 1378 delubra,
677 1304 771 1367 dis
802 1304 957 1381 ipsis
988 1302 1483 1379 ornamentisque
1514 1318 1725 1365 corum
1755 1300 1990 1375 ablatis,
2035 1299 2182 1360 nihii
2208 1315 2280 1359 re

356 1390 559 1453 nictum
590 1386 639 1451 S
680 1388 919 1449 racnsis
948 1402 1111 1452 esse.
1176 1388 1340 1448 bona
1371 1400 1618 1463 quoque
1646 1385 1849 1447 multis
1892 1384 2176 1459 adempta
2204 1383 2310 1461 ita,

355 1480 417 1535 ut
445 1488 522 1535 nc
551 1490 632 1533 nu
679 1489 716 1533 o
747 1472 994 1548 quidem
1022 1471 1177 1547 solo,
1208 1469 1481 1545 reliquiis
1511 1469 1786 1547 direptae
1815 1469 2114 1542 fortunae,
2130 1469 2312 1528 ,alere

356 1571 501 1617 sese
540 1571 614 1616 ac
644 1571 794 1617 suos
825 1561 1115 1632 possent,
1166 1568 1342 1615 orare
1371 1570 1441 1616 se
1469 1560 1676 1629 patres
1707 1551 2122 1632 conscriptos,
2155 1558 2222 1612 ut
2250 1553 2312 1613 si

354 1647 659 1715 nequeant
706 1640 938 1712 omnia,
992 1639 1205 1703 saltem
1256 1654 1416 1713 quae
1456 1644 1848 1713 compareant
1890 1634 2314 1712 cognoscique

356 1724 625 1799 possint,
669 1723 903 1785 restitui
944 1722 1207 1786 dominis
1248 1720 1512 1786 iubeant.
1577 1722 1721 1782 talia
1750 1725 2127 1797 conquestos
2169 1734 2314 1781 cum

354 1808 657 1869 excedere
698 1824 777 1869 ex
804 1808 1063 1885 templo,
1102 1815 1168 1868 ut
1198 1804 1276 1867 de
1307 1806 1628 1882 postulatis
1671 1821 1880 1866 eorum
1923 1810 2130 1881 patres
2159 1818 2311 1863 con-

352 1892 469 1953 suli
499 1899 771 1968 possent,
813 1891 1117 1952 Laevinus
1147 1889 1461 1966 iussisset,
1502 1892 1886 1966 ‚,maneant,“
1928 1886 2122 1965 inquit
2146 1886 2311 1947 Mar-

354 1977 563 2047 celluS,
603 1982 711 2050 „ut
740 1990 949 2038 coram
978 1974 1053 2035 iis
1081 1968 1513 2050 respondeam,
1560 1974 1808 2051 quando
1841 1988 1916 2033 ea
1944 1970 2314 2033 condicione

352 2075 465 2134 pro
498 2058 695 2131 vobis
741 2066 944 2135 patres
976 2056 1323 2138 conscripti,
1365 2058 1529 2117 bella
1556 2057 1852 2133 gerimuS,
1888 2064 1955 2117 ut
1979 2056 2181 2117 victos
2210 2071 2312 2115 ar-

351 2142 466 2203 mis
496 2150 895 2203 accusatores
924 2142 1280 2206 habeamus,
1327 2142 1484 2202 duae
1515 2146 1732 2219 captae
1759 2140 1880 2201 hoc
1911 2158 2070 2203 anno
2099 2137 2310 2215 urbeS,

353 2224 565 2302 Capua
602 2226 879 2288 Fulvium
930 2242 1130 2300 reum,
1194 2226 1548 2291 Marcellum
1587 2224 1936 2303 Syracusae
1983 2223 2311 2289 habeant“.

351 2307 559 2370 XXXI.
602 2309 875 2373 reductis
917 2310 977 2369 in
1021 2309 1247 2374 curiam
1287 2309 1502 2386 legatis
1532 2317 1658 2374 tum
1700 2308 1910 2371 consul
1954 2324 2117 2384 „non
2147 2307 2309 2367 adeo

350 2393 726 2455 maiestatis“
756 2394 950 2469 inquit
978 2395 1235 2474 „populi
1261 2394 1521 2456 Romani
1550 2393 1912 2469 imperiique
1939 2392 2120 2455 huius
2149 2388 2312 2451 ‘obli-

349 2483 445 2543 tus
476 2494 641 2553 sum,
679 2485 887 2555 patres
916 2478 1282 2555 conscripti,
1327 2486 1423 2554 ut,
1463 2478 1519 2539 si
1549 2477 1626 2538 de
1655 2493 1793 2538 meo
1825 2475 2075 2539 crimine
2117 2473 2309 2537 ambi-

348 2568 621 2640 geretur,
680 2564 897 2624 consul
949 2562 1219 2625 dicturus
1270 2578 1524 2631 causam
1575 2560 2005 2626 accusantibus
2055 2558 2312 2621 Graecis

348 2645 580 2705 fuerim.
627 2646 743 2707 sed
770 2661 893 2707 non
918 2647 1065 2721 quid
1096 2661 1210 2721 ego
1237 2646 1484 2707 fecerim
1509 2642 1575 2706 iu
1603 2644 2091 2722 disquisitionem
2119 2642 2310 2717 venit,

348 2744 529 2803 quam
560 2730 707 2805 quid
745 2729 847 2790 isti
875 2730 995 2806 pati
1031 2728 1366 2791 debuerint.
1433 2729 1537 2804 qui
1567 2728 1620 2789 si
1648 2744 1772 2789 non
1804 2722 2044 2789 suerunt
2069 2727 2310 2801 hosteS,

346 2812 495 2872 nihil
524 2812 791 2891 interest,
820 2828 981 2873 nunc
1012 2830 1085 2874 an
1114 2813 1255 2873 vivo
1270 2814 1537 2876 Hierone
1551 2812 1897 2891 Syracusas
1926 2810 2307 2876 violaverim.

347 2895 441 2955 sin
485 2902 684 2959 autem
726 2896 1121 2959 desciverunt
1159 2895 1239 2937 **
1280 2905 1522 2975 portas,
1577 2898 1814 2973 legatos
1854 2903 2102 2959 nostros
2145 2896 2309 2954 ferro

346 2986 531 3054 atque
573 2978 759 3041 armis
789 2978 1119 3055 petierunt,
1162 2980 1374 3042 urbem
1405 2998 1479 3045 ac
1507 2980 1749 3042 moenia
1775 2981 2152 3051 clauserunt,
2198 2991 2308 3037 ex—

346 3061 659 3151 ercituque
678 3062 1259 3139 Carthaginiensium
1291 3066 1592 3127 adversus
1627 3081 1744 3127 nos
1773 3064 1944 3126 tutati
1975 3070 2132 3137 sunt,
2165 3060 2308 3140 quis

346 3152 573 3221 passos
604 3160 749 3207 esse
776 3146 1041 3225 hostilia,
1086 3165 1227 3210 cum
1256 3148 1527 3224 fecerint,
1571 3149 1960 3225 indignatur?
1995 3146 2309 3210 tradentes

348 3230 557 3300 urbem
600 3230 911 3307 principes
954 3230 1486 3309 Syracusanorum
1527 3238 1846 3293 aversatus
1887 3248 2056 3302 sum3
2101 3227 2308 3294 Sosim

344 3317 402 3375 et
431 3312 763 3375 Moericum
792 3314 1165 3391 Hispanum,
1212 3315 1436 3393 quibus
1466 3322 1692 3377 tantum
1723 3316 2065 3389 crederem,
2107 3313 2307 3391 potio-

341 3410 443 3457 res
472 3396 704 3459 habui?
743 3413 867 3460 non
897 3399 1048 3460 estis
1080 3400 1336 3461 extremi
1362 3399 1910 3478 Syracusanorum,
1941 3397 2172 3475 quippe
2205 3395 2316 3473 qui

342 3478 477 3544 aliis
520 3479 913 3547 humilitatem
956 3482 1235 3545 obiciatis
1251 3506 1270 3539 a
1314 3482 1454 3563 quis
1494 3489 1590 3545 est
1618 3488 1889 3545 vestrum
1919 3480 2034 3569 ,qui
2064 3496 2134 3542 se
2161 3478 2314 3541 mihi
