2550 3959
556 210 795 273 LIBER
820 210 1008 273 XXV.
1055 209 1222 273 CAP.
1250 218 1340 275 26.
1361 218 1451 276 27.
1497 218 1570 285 [a.
1605 217 1672 276 0.
1701 220 1830 287 21²]
2081 213 2171 281 83

192 375 358 444 erat,
401 366 673 444 appulsa
711 373 839 441 est,
878 380 959 425 ne
1001 364 1150 441 quid
1191 363 1486 441 praesidii
1513 364 1796 442 Crispino
1833 366 2104 433 submitti
2130 386 2171 431 a

192 450 497 513 Marcello
538 454 777 526 posset.
842 449 1165 510 tumultum
1191 455 1395 510 tamen
1424 448 1717 511 maiorem
1744 450 1960 513 hostes
1987 470 2167 529 prae-

193 536 467 597 buerunt
508 549 693 611 quam
734 539 1061 595 certamen.
1124 548 1267 594 nam
1307 540 1369 595 et
1407 532 1722 610 crispinus
1749 534 2167 612 Hippocraten

192 636 321 682 non
362 617 637 695 reppulit
672 624 905 679 tantum
940 616 1332 678 munimentis
1373 618 1490 679 sed
1515 618 1834 681 insecutus
1862 620 2044 681 etiam
2071 628 2169 683 est

193 701 439 779 trepide
467 700 830 778 lugientem
874 707 937 763 et
958 700 1284 781 Epicyden
1311 700 1640 763 Marcellus
1666 702 1730 764 in
1755 702 1972 765 urbem
2001 720 2170 765 com-

192 788 369 864 pulit.
418 784 696 863 satisque
718 786 843 847 iam
860 785 1044 847 etiam
1064 784 1124 847 in
1146 791 1465 862 posterum
1484 785 1810 849 videbatur
1828 788 2164 865 provisum,

194 887 274 933 ne
302 869 459 949 quid
485 868 565 931 ab
591 869 927 947 repentinis
956 884 1169 933 eorum
1197 868 1672 933 excursionibus
1701 870 1958 949 periculi
1987 873 2163 935 foret.

192 954 467 1017 accessit
506 959 571 1015 et
606 954 685 1015 ab
725 954 1073 1031 pestilentia
1110 970 1437 1016 commune
1474 956 1731 1031 malum,
1775 957 1946 1032 quod
1987 957 2167 1018 facile

184 1047 599 1115 'utrorumque
635 1038 875 1101 animos
919 1045 1221 1099 averteret
1247 1056 1288 1099 a
1313 1037 1458 1099 belli
1487 1038 1779 1101 consiliis.
1843 1056 1986 1101 nam
2013 1047 2164 1102 tem-

192 1139 351 1201 pore
379 1121 652 1187 autumni
681 1128 743 1183 et
767 1121 923 1185 locis
950 1128 1171 1184 natura
1188 1121 1503 1199 gravibus,
1531 1124 1722 1184 multo
1743 1129 1946 1185 tamen
1967 1124 2164 1201 magis

192 1214 374 1271 extra
416 1206 635 1269 urbem
676 1222 863 1283 quam
900 1206 961 1267 in
1002 1206 1187 1282 urbe,
1235 1206 1620 1267 intoleranda
1659 1206 1758 1269 vis
1799 1214 2010 1270 aestus
2055 1224 2166 1283 per

190 1299 461 1368 utraque
500 1297 703 1353 castra
742 1290 1015 1353 omnium
1052 1291 1245 1351 ferme
1283 1306 1550 1367 corpora
1587 1291 1794 1353 movit.
1861 1307 1936 1351 ac
1964 1292 2164 1367 primo

192 1375 496 1453 temporis
523 1375 749 1437 acloci
774 1374 921 1436 vitio
951 1380 1017 1436 et
1034 1374 1201 1450 aegri
1232 1381 1407 1436 erant
1431 1381 1494 1436 et
1518 1373 1963 1446 moriebantur;
1993 1383 2140 1452 post

196 1476 273 1521 ea
316 1459 552 1521 curatio
592 1459 735 1535 ipsa
770 1465 832 1520 et
870 1464 1189 1521 contactus
1218 1474 1546 1535 aegrorum
1570 1458 1864 1536 vulgabat
1888 1459 2158 1533 morboS,

190 1551 262 1607 ut.
288 1549 399 1605 aut
422 1544 684 1619 neglecti
713 1543 1067 1620 desertique
1097 1542 1203 1619 qui
1229 1543 1594 1605 incidissent
1620 1550 2016 1619 morerentur,
2061 1550 2167 1605 aut

194 1628 557 1689 adsidentes
600 1632 1015 1703 curantesque
1054 1626 1273 1687 eadem
1311 1628 1377 1688 vi
1413 1626 1612 1690 morbi
1650 1629 1924 1704 repletos
1953 1643 2162 1690 secum

191 1712 539 1787 traherent,
581 1711 1063 1788 quotidianaque
1091 1711 1308 1771 funera
1335 1718 1398 1773 et
1421 1728 1590 1774 mors
1621 1711 1702 1771 ob
1732 1712 1948 1773 oculos
1978 1719 2163 1784 esset,

194 1794 476 1871 undique
526 1793 661 1857 dies
702 1800 1047 1871 noctesque
1086 1796 1364 1870 ploratus
1406 1794 1780 1855 audirentur.
1848 1801 2162 1870 postremo

196 1880 280 1941 ita
315 1877 741 1940 adsuetudine·
768 1879 912 1939 mali
952 1877 1365 1939 efferaverant
1405 1879 1640 1941 animos
1655 1925 1673 1955 ,
1715 1885 1784 1941 ut
1822 1895 1946 1941 non
1974 1880 2161 1939 modo

194 1963 465 2024 lacrimis
521 1963 811 2039 iustoque
858 1962 1243 2038 comploratu
1291 1970 1818 2039 prosequerentur
1865 1968 2160 2036 mortuoS,

198 2048 313 2109 sed
341 2062 423 2107 ne
452 2045 742 2109 efferrent
770 2046 1017 2123 quidem
1045 2052 1151 2108 aut
1176 2047 1525 2123 sepelirent,
1554 2048 1950 2123 iacerentque
1973 2054 2166 2111 strata

197 2130 485 2192 exanima
532 2145 797 2207 corpora
842 2130 907 2191 in
951 2136 1294 2207 conspectu
1339 2131 1598 2192 similem
1638 2139 1895 2193 mortem
1937 2148 2136 2207 exspe

198 2215 487 2276 etantium
501 2260 517 2289 ‚
558 2214 907 2290 mortuique
943 2229 1167 2292 aegros
1208 2215 1379 2291 aegri
1405 2216 1646 2278 validos
1677 2231 1816 2277 cum
1843 2223 2010 2278 metu
2035 2222 2162 2277 tum

198 2300 337 2361 tabe
366 2314 443 2359 ac
470 2297 765 2374 pestifero
797 2298 993 2360 odore
1022 2314 1354 2375 corporum
1383 2299 1776 2361 conficerent.
1819 2304 1880 2360 et
1905 2305 1973 2361 ut
1998 2300 2162 2360 ferro

195 2383 407 2461 potius
447 2389 859 2457 morerentur,
906 2382 1153 2458 quidam
1195 2383 1568 2445 invadebant
1597 2384 1713 2445 soli
1740 2382 2009 2445 hostium
2037 2390 2166 2445 sta-

192 2467 421 2529 tiones.
482 2467 674 2528 multo
723 2472 927 2527 tamen
964 2465 1062 2527 vis
1104 2466 1300 2527 maior
1338 2467 1534 2543 pestis
1571 2466 1922 2528 Poenorum
1961 2474 2166 2529 castra

196 2566 385 2628 quam
430 2550 711 2612 Romana
732 2584 823 2596 —-
848 2550 957 2611 diu
1012 2550 1520 2611 circumsedendo
1579 2551 1928 2629 Syracusas
1988 2551 2161 2611 caelo

198 2633 508 2711 aquisque
548 2634 883 2695 adsuerant
918 2633 1115 2711 magis
1142 2668 1227 2679 —
1254 2632 1500 2697 invasit.
1571 2649 1652 2695 ex
1676 2633 1948 2697 hostium
1986 2650 2162 2695 exer-

196 2719 323 2780 citu
364 2716 584 2792 Siculi,
634 2723 704 2779 ut
742 2717 1006 2795 primum
1052 2717 1265 2779 videre
1307 2734 1388 2779 ex
1425 2717 1724 2796 gravitate
1764 2718 1886 2779 loci
1925 2717 2164 2795 vulgari

194 2802 483 2877 morbos,
524 2801 589 2863 in
628 2818 779 2863 suas
811 2801 1078 2879 quisque
1106 2802 1490 2879 propinquas
1515 2800 1707 2864 urbes
1737 2802 1961 2880 dilapsi
1987 2808 2162 2865 sunta

195 2894 261 2949 at
288 2884 823 2961 Carthaginienses
838 2932 855 2962 ,
902 2886 1127 2963 quibus
1156 2902 1464 2962 nusquam
1502 2895 1794 2964 receptus
1823 2894 1982 2963 erat,
2024 2903 2161 2949 cum

194 2970 354 3046 ipsis
398 2968 661 3031 ducibus
687 2970 1065 3047 Hippocrate
1105 2975 1292 3047 atque
1316 2970 1660 3032 Himilcone
1685 2972 1768 3032 ad
1795 2970 2160 3035 internecio·

194 3070 341 3117 nem
382 3068 599 3115 omnes
637 3054 969 3131 perierunt.
1028 3054 1390 3130 Marcellus,
1431 3061 1503 3116 ut
1525 3058 1694 3116 tanta
1718 3054 1814 3115 vis
1840 3054 2164 3131 ingruebat

194 3137 371 3213 mali,
412 3137 770 3199 traduxerat
807 3138 868 3198 in
896 3137 1111 3199 urbem
1137 3154 1289 3200 suos
1317 3138 1680 3215 infirmaque
1706 3152 1974 3213 corpora
1997 3144 2162 3198 tecta

196 3231 259 3285 et
282 3220 541 3284 umbrae
568 3228 1016 3283 recreaverant.
1062 3223 1231 3284 multi
1256 3230 1457 3285 tamen
1485 3237 1566 3284 ex
1585 3224 1864 3341 Romano
1887 3218 2160 3282 exercitu

198 3307 421 3368 eadem
454 3313 627 3381 peste
656 3304 965 3383 absumpti
994 3313 1154 3367 sunt.
2243 3296 2252 3315 ¹

364 3389 865 3451 XXV11.Deleto
908 3390 1180 3452 terrestri
1211 3389 1440 3461 Punico
1482 3389 1758 3450 exercitu
1787 3330 2006 3463 Siculi,
2053 3388 2156 3465 qui

197 3474 597 3551 Hippocratis
632 3474 852 3544 milites
886 3476 1121 3536 fuerant
1148 3472 1215 3511 **
1247 3474 1414 3536 haud
1440 3488 1664 3549 magna
1692 3472 1953 3595 oppida,
1997 3479 2149 3533 cete-
