2550 3959
433 232 567 297 352
808 234 1037 295 LIBER
1065 234 1245 297 XXX.
1293 235 1458 297 CAP.
1487 244 1574 297 so.
1621 244 1695 313 [a.
1731 244 1797 297 υ.
1829 262 1877 295 e.
1908 249 2034 313 5⁵⁰1

442 384 686 462 decipit.
754 384 919 459 quod
950 399 1066 459 ego
1099 384 1181 445 l'ui
1210 385 1292 444 ad
1317 385 1793 457 Trasumennum
1820 390 1901 449 ad
1929 390 2206 468 GannaS‚
2259 393 2331 453 id
2367 404 2442 455 tu

436 468 645 531 hodie.
704 468 958 529 vixdum
988 468 1226 529 militari
1256 474 1453 529 aetate
1481 470 1740 546 imperio
1771 482 2026 549 accepto
2057 477 2280 537 omnia
2313 494 2437 538 au-

440 553 770 613 dacissime
801 552 1187 628 incipientem
1209 568 1511 628 nusquam
1536 555 1746 615 fefellit
1767 572 1883 617 sua
1901 558 2160 623 fortuna.
2212 563 2434 635 patris

435 645 499 698 et
527 638 723 714 patrui
754 643 1115 713 persecutus
1144 644 1400 697 mortem
1427 637 1507 698 ab
1535 638 1874 701 calamitate
1903 650 2146 703 vestrae
2179 646 2429 705 domus

439 722 631 783 decus
652 722 894 797 insigne
917 720 1154 783 virtutis
1177 720 1546 797 pietatisque
1570 722 1827 783 eximiae
1849 725 2100 801 cepisti3
2131 728 2426 788 amissas

434 804 767 881 Hispanias
818 804 1176 879 reciperasti
1220 810 1505 880 quattuor
1551 806 1694 866 inde
1731 805 1974 869 Punicis
2023 812 2424 874 exercitibus

433 890 634 965 pulsis
676 888 895 949 consul
942 894 1181 949 creatus
1200 934 1214 961 ,
1262 906 1398 949 cum
1439 890 1658 950 ceteris
1701 890 1780 951 ad
1823 892 2132 954 tutandam
2161 896 2422 956 Italiam

434 990 651 1051 parum
680 973 864 1032 animi
895 979 1079 1045 esset,
1124 980 1551 1047 transgressus
1579 974 1643 1034 in
1677 973 1974 1049 Africam,
2019 976 2274 1037 duobus
2305 980 2419 1038 hic

434 1056 805 1118 exercitibus
829 1058 1048 1130 caesis,
1082 1056 1241 1116 binis
1264 1057 1481 1117 eadem
1501 1056 1652 1129 hora
1677 1058 1872 1134 captis
1895 1058 2072 1120 simul
2095 1060 2417 1122 incensis·

433 1157 556 1217 que
585 1143 822 1216 castriS,
852 1138 1141 1219 Syphace
1170 1140 1596 1219 potentissimo
1616 1156 1765 1216 rege
1793 1148 1995 1218 capto,
2026 1149 2114 1203 tot
2139 1144 2416 1207 urbibus

431 1226 603 1301 regni
634 1226 788 1299 eiuS,
816 1231 903 1285 tot
930 1226 1123 1285 nostri
1153 1223 1391 1301 imperii
1419 1225 1664 1302 ereptiS,
1695 1242 1792 1286 me
1821 1234 2064 1287 sextum
2093 1228 2417 1291 decimum

434 1309 553 1369 iam
596 1325 822 1369 annum
863 1307 1215 1370 haerentem
1253 1310 1316 1369 in
1359 1310 1764 1384 possessione
1803 1309 2014 1370 Italiae
2056 1312 2412 1374 detraxisti.

433 1400 640 1468 potest
674 1392 992 1454 victoriam
1027 1394 1208 1453 malle
1238 1408 1423 1467 quam
1451 1408 1670 1469 pacem
1711 1394 1968 1455 animus.
2037 1396 2186 1455 novi
2218 1397 2409 1471 spiri-

433 1486 532 1539 tus
575 1494 831 1553 magnos
874 1476 1068 1552 magis
1112 1492 1295 1551 quam
1335 1476 1544 1537 utiles=
1589 1483 1658 1537 et
1689 1476 1834 1537 mihi
1875 1478 2016 1546 talis
2059 1480 2406 1555 aliquando

433 1562 676 1621 fortuna
702 1560 971 1621 adfulsit.
1014 1560 1240 1637 quodsi
1268 1560 1330 1619 in
1359 1560 1648 1622 secundis
1669 1560 1856 1621 rebus
1883 1560 2112 1623 bonam
2145 1579 2406 1637 quoque

434 1652 695 1705 mentem
739 1645 954 1705 darent
990 1644 1117 1718 dei,
1154 1658 1275 1703 non
1307 1656 1384 1703 ea
1423 1644 1621 1704 solum
1651 1659 1808 1719 quae
1849 1646 2234 1720 evenissent,
2285 1646 2404 1707 sed

430 1730 613 1790 etiam
642 1744 718 1789 ea
746 1744 907 1805 quae
938 1727 1187 1789 evenire
1216 1733 1492 1803 possent,
1521 1736 1965 1804 reputaremus.
2029 1738 2096 1791 ut
2123 1731 2398 1789 omnium

428 1813 818 1875 obliviscaris
848 1800 1122 1885 aliorum,
1164 1811 1315 1871 satis
1345 1826 1461 1887 ego
1492 1812 1839 1873 documenti
1867 1813 1926 1873 in
1961 1829 2174 1873 omnes
2207 1828 2396 1873 casus

429 1914 587 1971 sum.
648 1912 829 1973 quem
856 1896 1042 1957 modo
1074 1895 1293 1957 castris
1323 1895 1479 1957 inter
1504 1896 1802 1957 Anienem
1831 1903 2013 1972 atque
2044 1897 2257 1959 urbem
2284 1912 2392 1957 ve-

430 1988 618 2041 stram
660 1981 880 2057 positis
911 1981 1089 2055 signa
1116 1980 1476 2040 inferentem
1504 1980 1565 2041 in
1592 1982 1835 2041 moenia
1861 1982 2140 2041 Romana
2173 2014 2248 2025 -—
2291 1980 2394 2040 hic

430 2076 649 2125 cernas
681 2063 922 2125 duobus
953 2063 1267 2135 fratribus,
1317 2062 1666 2125 fortissimis
1693 2064 1841 2123 viris
1879 2063 2236 2123 clarissimis
2277 2063 2386 2123 im·

431 2146 817 2225 peratoribus
841 2146 1141 2220 orbatum,
1172 2154 1314 2207 ante
1333 2148 1576 2208 moenia
1596 2162 1790 2224 prope
1814 2145 2114 2207 obsessae
2137 2146 2388 2223 patriae,

428 2233 653 2309 quibus
686 2230 867 2291 terrui
908 2236 1175 2291 vestram
1216 2230 1460 2305 urbem,
1504 2247 1578 2292 ea
1605 2247 1717 2308 pro
1759 2246 1895 2291 mea
1936 2230 2388 2307 deprecantem.

427 2316 732 2376 maximae
772 2315 997 2391 cuique
1026 2316 1304 2377 fortunae
1333 2316 1577 2377 minime
1606 2315 1980 2376 credendum
2023 2322 2146 2375 est=
2190 2315 2249 2373 in
2281 2314 2386 2373 bo-

428 2402 524 2461 nis
553 2400 675 2461 tuis
703 2398 908 2475 rebuS,
954 2400 1181 2459 nostris
1213 2399 1435 2467 dubiis,
1479 2398 1587 2456 tibi
1617 2399 1738 2459 iam
1766 2400 1970 2475 ampla
1998 2415 2072 2457 ac
2101 2398 2384 2473 speciosa

428 2486 595 2545 danti
638 2491 732 2544 est
773 2499 926 2559 pax,
972 2483 1153 2545 nobis
1195 2482 1541 2559 petentibus
1587 2482 1782 2556 magis
1825 2483 2176 2543 necessaria
2205 2498 2382 2555 quam

426 2569 706 2629 honesta.
770 2567 985 2628 melior
1004 2568 1310 2641 tutiorque
1340 2574 1436 2626 est
1464 2573 1630 2627 certa
1659 2582 1784 2641 pax
1814 2582 1996 2642 quam
2025 2574 2269 2639 sperata
2297 2566 2380 2624 vi-

427 2653 653 2723 ctoria;
700 2649 855 2711 haec
884 2652 944 2711 in
975 2657 1108 2725 tua,
1152 2650 1255 2709 illa
1284 2650 1346 2711 in
1375 2650 1632 2710 deorum
1662 2665 1841 2708 manu
1871 2654 1984 2708 est.
2053 2665 2129 2708 ne
2159 2657 2242 2709 tot
2278 2665 2375 2709 an-

426 2751 644 2798 norum
677 2734 1019 2797 felicitatem
1048 2736 1108 2794 in
1140 2733 1321 2795 unius
1350 2733 1540 2794 horae
1570 2732 1818 2793 dederis
1847 2732 2207 2803 discrimem
2245 2749 2376 2797 cum

425 2826 564 2881 tuas
596 2820 777 2894 vireS,
810 2825 935 2881 tum
967 2818 1092 2879 vim
1121 2818 1403 2879 fortunae
1428 2817 1810 2891 Martemque
1834 2816 1980 2877 belli
2009 2831 2372 2877 communem

427 2920 711 2981 propone
737 2903 959 2964 animo.
1024 2902 1330 2976 utrimque
1359 2902 1613 2974 ferrum,
1657 2902 1961 2977 utrimque
1990 2916 2244 2976 corpora
2267 2898 2369 2958 hu-

428 3006 608 3049 mana
647 2992 851 3048 erunte
896 3002 1202 3061 nusquam
1242 2986 1442 3046 minus
1475 3001 1658 3059 quam
1697 2985 1762 3045 in
1787 2984 1950 3045 bello
1995 2990 2242 3043 eventus
2280 2996 2368 3041 re·

428 3072 755 3149 spondent.
823 3085 947 3143 non
974 3075 1205 3131 tantum
1234 3070 1315 3131 ad
1346 3070 1428 3145 id,
1459 3070 1628 3146 quod
1659 3070 1802 3131 data
1829 3082 1985 3145 pace
2013 3066 2133 3126 iam
2157 3065 2368 3126 habere

428 3164 628 3233 potes,
673 3154 727 3215 si
758 3154 993 3230 proelio
1023 3154 1265 3228 viceris,
1311 3154 1544 3231 gloriae
1572 3153 1889 3223 adieceris,
1921 3156 2208 3227 quantum
2235 3150 2366 3209 ade-

429 3242 646 3313 meriS,
692 3240 744 3299 si
788 3238 938 3314 quid
978 3238 1228 3300 adversi
1268 3237 1530 3299 eveniat.
1607 3237 1786 3297 simul
1817 3241 1990 3312 parta
2029 3250 2104 3295 ac
2143 3240 2366 3310 sperata

429 3325 659 3385 decora
680 3322 861 3383 unius
885 3323 1077 3383 horae
1099 3323 1340 3383 fortuna
1363 3326 1639 3383 evertere
1659 3326 1884 3397 potest.
1929 3321 2133 3380 omnia
2153 3318 2206 3377 in
2228 3332 2365 3393 pace

429 3408 735 3482 iungenda
754 3414 897 3468 tuae
920 3405 1240 3483 potestatis
1269 3412 1429 3480 sunt,
1457 3405 1522 3465 P.
1539 3403 1810 3466 Cornelia
1839 3411 1983 3464 tunc
2011 3418 2088 3463 ea
2107 3400 2364 3461 habenda

432 3494 675 3553 fortuna
722 3490 864 3567 erit,
922 3507 1106 3567 quam
1156 3490 1219 3550 di
1269 3488 1566 3551 dederint.
1649 3488 1806 3548 inter
1850 3502 2052 3567 pauca
2089 3484 2362 3547 felicitatis
