2550 3959
545 230 780 293 LIBER
807 232 1020 293 XXIV.
1063 232 1461 297 CAP.16.17.
1506 239 1819 317 [a.c.214]
2076 239 2159 305 17

198 402 312 465 que
355 385 445 447 rei
486 385 774 462 publicae
814 384 1094 461 ipsisque
1122 392 1320 461 esset,
1364 402 1579 448 omnes
1608 403 1722 449 eos
1751 389 1979 451 liberos
2008 406 2159 452 esse

198 471 427 532 iubere.
491 468 574 529 ad
616 484 798 545 quam
849 484 1068 530 vocem
1119 485 1258 529 cum
1304 471 1535 531 clamor
1571 470 1801 547 ingenti
1843 474 2153 535 alacritate

194 554 474 615 sublatus
503 560 689 627 esset,
721 568 796 612 ac
825 568 990 613 nunc
1019 552 1328 629 complexi
1357 553 1513 614 inter
1532 570 1605 615 se
1632 557 2149 633 gratulantesque,

196 652 358 698 nunc
398 652 620 697 manus
653 636 734 695 ad
762 636 999 696 caelum
1028 638 1310 697 tollentes
1339 637 1505 699 bona
1533 640 1737 699 omnia
1766 642 1997 715 populo
2028 642 2151 703 Ro·

193 736 370 781 mano
396 718 804 796 Gracchoque
833 718 954 794 ipsi
974 717 1388 795 precarentur,
1417 728 1543 782 tum
1570 722 1883 783 Gracchus
1912 724 2151 799 „prius-

193 820 376 880 quam
407 818 623 865 omnes
654 802 787 863 iure
814 802 1106 864 libertatis
1129 809 1556 880 aequassem,“
1583 805 1783 882 inquit
1810 808 2149 881 „neminem

191 894 336 949 nota
360 886 612 957 ,strenui
655 894 756 947 aut
788 886 991 961 ignavi
1020 887 1221 949 militis
1251 896 1505 949 notasse
1530 890 1730 951 volui=
1773 907 1938 951 nunc
1964 907 2150 953 exso·

191 974 313 1033 luta
355 971 480 1031 iam
520 970 643 1031 fide
687 970 960 1045 publica,
1013 986 1092 1031 ne
1133 972 1461 1033 discrimen
1504 988 1685 1035 omne
1713 973 1951 1035 virtutis
1981 975 2149 1051 igna-

189 1055 453 1129 viaeque
493 1060 733 1129 pereat,
777 1054 1024 1114 nomina
1067 1070 1310 1130 eorum,
1356 1058 1460 1131 qui
1502 1057 1874 1119 detractatae
1904 1074 2149 1135 pugnae
2242 1124 2245 1129 ,

191 1154 497 1201 memores
526 1138 948 1200 secessionem
975 1139 1158 1214 paulo
1189 1146 1329 1199 ante
1359 1140 1659 1215 fecerunt,
1700 1142 1916 1201 referri
1943 1143 2024 1203 ad
2050 1158 2149 1204 me

190 1223 436 1298 iubebo,
469 1224 811 1299 citatosque
841 1222 1117 1299 sing-ulos
1148 1224 1280 1284 iure
1309 1223 1569 1285 iurando
1600 1226 1841 1301 adigam
1857 1272 1874 1300 ,
1904 1226 2021 1287 nisi
2050 1228 2149 1289 cui

190 1306 444 1367 morbus
489 1323 678 1367 causa
706 1307 846 1381 erit,
886 1322 1010 1368 non
1041 1308 1214 1368 aliter
1244 1324 1429 1384 quam
1457 1315 1689 1370 stantes
1719 1308 1921 1370 cibum
1949 1312 2151 1385 potio·

191 1406 488 1467 nemque,
533 1390 741 1467 quoad
781 1391 1090 1466 stipendia
1129 1392 1382 1467 facient,
1428 1400 1719 1468 capturos
1762 1408 1925 1455 esse.
1988 1394 2149 1456 hanc

189 1477 440 1535 multam
469 1475 550 1535 ita
579 1489 780 1551 aequo
811 1474 1014 1536 animo
1045 1475 1281 1551 seretiS,
1314 1476 1368 1537 si
1394 1477 1753 1554 reputabitis
1783 1477 1951 1558 nulla
1976 1478 2147 1554 igna-

187 1560 324 1619 viae
355 1565 504 1621 nota
529 1558 762 1620 leviore
790 1574 908 1620 vos
939 1558 1248 1633 designari
1277 1561 1617 1636 potuisse“.
1660 1561 1901 1639 signum
1924 1563 2147 1623 deinde

189 1643 518 1718 colligendi
543 1658 699 1704 vasa
727 1642 912 1718 dedit,
940 1642 1285 1718 militesque
1308 1647 1601 1719 praedam
1624 1653 1936 1722 portantes
1960 1662 2145 1722 agen-

186 1733 410 1802 tesque
451 1742 566 1802 per
593 1726 910 1787 lasciviam
942 1742 1016 1787 ac
1044 1726 1246 1787 iocum
1273 1728 1358 1787 ita
1384 1729 1701 1789 ludibundi
1728 1730 2139 1795 Beneventum

185 1810 460 1885 rediere,
501 1817 569 1871 ut
595 1810 674 1871 ab
702 1810 902 1885 epulis
934 1826 1044 1885 per
1074 1810 1377 1871 celebrem
1408 1813 1754 1887 festumque
1782 1812 1942 1872 diem
1972 1813 2143 1889 actiS,

187 1911 306 1954 non
341 1910 424 1954 cx
453 1894 586 1954 acie
613 1894 835 1955 reverti
863 1894 1231 1955 viderentur.
1275 1895 1693 1957 Beneventani
1722 1911 1936 1957 omnes
1966 1898 2141 1957 turba

185 1977 389 2039 effusa
417 1994 554 2039 cum
585 1978 828 2039 obviam
855 1978 937 2037 ad
967 1984 1179 2053 portas
1209 1978 1513 2054 exissent,
1556 1980 1877 2056 complecti
1904 1982 2140 2053 militeS,

185 2061 512 2136 gratulari,
541 2075 768 2123 vocare
797 2062 858 2121 in
887 2061 1240 2137 hospitium.
1314 2070 1613 2139 apparata
1642 2064 1923 2125 convivia
1953 2064 2141 2126 omni·

185 2146 302 2206 bus
336 2145 400 2205 in
433 2146 758 2221 propatulo
789 2143 1030 2205 aedium
1061 2147 1329 2206 fuerant=
1376 2148 1455 2208 ad
1474 2163 1554 2208 ea
1573 2147 1925 2221 invitabant,
1959 2150 2133 2209 Grac·

184 2228 496 2305 chumque
549 2229 835 2299 orabant,
893 2235 963 2289 ut
1009 2230 1244 2303 epulari
1294 2231 1666 2305 permitteret
1712 2230 2019 2295 militibus,
2084 2236 2143 2291 et

187 2312 503 2373 Gracchus
533 2312 618 2372 ita
645 2312 938 2388 permisit,
968 2312 1028 2371 in
1054 2312 1301 2388 publico
1326 2316 1718 2389 epularentur
1738 2329 1973 2375 omnes.
2003 2321 2141 2375 ante

185 2412 336 2456 suas
382 2396 650 2472 quisque
677 2397 844 2457 fores
873 2397 1114 2471 prolata
1143 2396 1365 2457 omnia.
1437 2397 1665 2472 pilleati
1698 2405 1801 2459 aut
1828 2398 1971 2458 lana
2002 2398 2141 2459 alba

181 2480 405 2539 velatis
459 2478 759 2556 capitibus
799 2480 1060 2541 volones
1101 2479 1330 2554 epulati
1374 2485 1545 2552 sunt,
1598 2481 1699 2540 alii
1746 2480 2139 2553 accubanteS,

182 2562 282 2623 alii
313 2568 568 2638 stantes,
601 2562 704 2637 qui
733 2562 911 2623 simul
932 2562 1355 2624 ministrabant
1375 2562 1925 2637 vescebanturque.
1957 2563 2141 2637 digna

181 2661 283 2707 res
313 2645 458 2707 visa
481 2653 548 2708 ut
575 2646 966 2707 simulacrum
995 2644 1282 2706 celebrati
1306 2645 1439 2707 eius
1465 2646 1584 2706 diei
1606 2646 1939 2721 Gracchus,
1969 2654 2139 2722 post-

183 2746 371 2805 quam
393 2731 652 2791 Romam
670 2730 847 2805 redit,
877 2729 1044 2805 pingi
1065 2729 1301 2790 iuberet
1321 2729 1382 2789 in
1406 2730 1562 2790 aede
1583 2730 1923 2803 LibertatiS‚
1955 2748 2139 2807 quam

181 2821 360 2888 pater
401 2814 535 2875 eius
576 2813 637 2873 in
666 2814 972 2875 Aventino
1014 2828 1095 2873 ex
1136 2812 1468 2874 multaticia
1506 2813 1770 2889 pecunia
1799 2814 2141 2875 faciendam

183 2897 425 2957 curavit
453 2896 901 2971 dedicavitque.

354 2980 544 3040 XVII.
587 2982 744 3042 Dum
769 2979 926 3042 haec
955 2980 1034 3041 ad
1054 2980 1473 3041 Beneventum
1500 2990 1809 3057 geruntur,
1837 2982 2147 3043 Hannibal

180 3064 600 3140 depopulatus
630 3078 840 3139 agrum
863 3063 1328 3140 Neapolitanum
1353 3064 1432 3125 ad
1454 3063 1669 3126 Nolam
1692 3074 1896 3127 castra
1914 3072 2163 3127 movet„

182 3163 374 3223 quem
401 3147 507 3209 ubi
536 3148 870 3209 adventare
900 3149 1118 3209 consul
1143 3148 1355 3222 sensit,
1377 3146 1716 3224 Pomponio
1741 3156 2144 3225 propraetore

179 3246 322 3292 cum
367 3246 443 3292 eo
486 3230 761 3292 exercitu
791 3232 895 3307 qui
930 3246 1120 3307 super
1150 3230 1554 3293 Suessulam
1538 3249 1599 3292 m
1631 3232 1849 3294 castris
1880 3238 2010 3290 erat
2036 3246 2137 3291 ac-

181 3316 323 3389 cito,
355 3314 448 3374 ire
477 3314 722 3375 obviam
750 3314 914 3377 hosti
942 3323 1120 3391 parat
1146 3331 1262 3377 nec
1294 3330 1528 3377 moram
1557 3313 1883 3376 dimicandi
1914 3315 2155 3378 facere..

180 3399 241 3458 C.
269 3398 592 3459 Claudium
620 3398 924 3460 Neronem
952 3415 1092 3461 cum
1115 3399 1342 3461 robore
1370 3398 1641 3474 equitum
1672 3396 1913 3459 silentio
1942 3398 2155 3459 noctis-

180 3498 295 3557 per
347 3496 632 3543 aversam
671 3483 932 3543 maxime
973 3482 1050 3543 ab
1091 3482 1270 3544 hoste
1313 3488 1551 3557 portam
1591 3482 1834 3557 emittit,
1888 3482 2148 3543 circum-

260 3582 316 3624 τ.
343 3580 467 3624 mvl
492 3581 644 3625 rans
667 3565 766 3625 111.
1700 3573 1737 3627 2
