2550 3959
366 257 494 320 302
666 258 899 318 LIBER
926 258 1134 317 XXlX.
1181 261 1349 317 cAP.
1378 266 1577 317 20.21.
1621 258 1690 335 [a.
1718 262 1785 313 U.
1813 280 1859 313 c.
1886 256 2010 333 548]

365 409 580 470 decem
622 408 804 483 legati
854 407 1302 483 comperissent
1341 421 1542 481 neque
1579 407 1752 467 iussu
1782 422 1986 484 neque
2011 409 2330 469 voluntate

362 493 423 551 P.
463 491 777 566 Scipionis
807 506 884 551 ea
914 492 1074 551 facta
1103 505 1281 566 esse,
1311 498 1377 552 ut
1405 491 1486 550 ad
1514 490 1846 552 exercitum
1879 490 2088 566 Scipio
2117 507 2328 551 mane-

361 583 469 649 ret,
498 576 850 651 bellumque
879 581 948 635 ut
974 574 1408 651 proposuisset
1435 581 1691 651 gereret.
1732 574 1854 636 hoc
1883 575 2044 636 racto
2072 583 2328 636 senatus

360 662 643 721 consulto
688 674 823 719 cum
868 658 1127 719 tribunis
1156 657 1355 735 plebis
1387 665 1587 719 actum
1614 664 1741 730 est,
1782 666 1850 718 ut
1879 668 2326 735 compararent,

362 744 463 820 qui
494 744 617 804 duo
649 758 784 804 cum
818 749 1103 818 praetore
1132 758 1205 803 ac
1232 742 1448 817 legatis
1479 742 1665 811 irent3
1708 743 1789 802 ad
1819 742 2142 819 collegium
2168 759 2313 819 pon-

359 827 583 889 tificum
622 828 879 889 relatum
920 833 1016 886 est
1056 826 1134 885 de
1174 825 1529 901 expiandis,
1574 840 1734 903 quae
1762 826 1975 887 Locris
2003 827 2063 886 in
2094 828 2327 901 templo

358 909 767 989 Proserpinae
814 915 977 970 tacta
1022 910 1252 970 violata
1293 912 1576 986 elataque
1615 908 1760 969 inde
1803 918 2030 971 essent.
2100 910 2324 971 tribuni

358 995 556 1071 plebis
587 1010 725 1054 cum
754 1000 1039 1070 praetore
1068 999 1126 1053 et
1156 994 1370 1053 decem
1399 992 1613 1069 legatis
1644 994 1903 1069 profecti
1927 994 2008 1053 Μ.
2032 994 2324 1055 Claudius

355 1078 681 1139 Marcellus
724 1085 784 1139 et
810 1078 892 1136 Μ.
926 1076 1171 1138 Cincius
1200 1076 1560 1138 Alimentus,
1638 1074 1854 1137 aedilis
1889 1076 2090 1154 plebis
2119 1079 2324 1153 datuS,

359 1178 567 1239 quem,
611 1164 665 1222 si
711 1170 814 1223 aut
854 1161 915 1221 in
948 1160 1156 1222 Sicilia
1196 1162 1465 1236 praetori
1506 1162 1670 1222 dicto
1711 1162 1971 1222 audiens
1999 1176 2122 1221 non
2153 1169 2328 1223 esset

357 1245 564 1321 Scipio
607 1251 713 1306 aut
754 1246 872 1306 iam
915 1245 977 1305 in
1016 1244 1287 1305 Africam
1332 1244 1702 1320 traiecisset,
1754 1246 2056 1321 prendere
2096 1244 2324 1306 tribuni

355 1330 653 1404 iuberent,
676 1345 751 1390 ac
773 1330 904 1389 iure
930 1337 1368 1407 sacrosanctae
1392 1328 1711 1405 potestatis
1732 1329 2113 1390 reducerent.
2147 1328 2326 1404 prius

360 1414 586 1474 Locros
615 1413 705 1473 ire
736 1428 919 1489 quam
947 1412 1301 1473 Messanam
1333 1412 1653 1473 consilium
1681 1420 1828 1474 erat.

519 1495 675 1557 XXI.
721 1496 998 1557 Ceterum
1043 1498 1273 1571 duplex
1305 1496 1466 1556 rama
1492 1505 1614 1570 est,
1661 1497 1829 1571 quod
1858 1498 1938 1556 ad
1966 1496 2321 1556 Pleminium

355 1579 619 1641 attineat.
663 1579 781 1651 alii,
815 1580 1037 1640 auditis
1070 1594 1229 1655 quae
1257 1580 1490 1640 Romae
1518 1585 1655 1639 acta
1683 1585 1910 1652 essent,
1945 1579 2004 1639 in
2035 1580 2320 1641 exsilium

354 1663 673 1738 Neapolim
713 1670 956 1724 euntem
1000 1664 1157 1724 forte
1184 1665 1245 1723 in
1279 1663 1344 1737 Q.
1376 1663 1710 1734 Metellum,
1755 1680 1942 1723 unum
1971 1678 2048 1723 ex
2079 1664 2318 1740 legatis,

355 1747 648 1808 incidisse
688 1753 748 1807 et
788 1748 865 1807 ab
910 1763 984 1807 eo
1015 1749 1272 1823 Regium
1315 1748 1374 1805 vi
1414 1755 1737 1808 retractum
1777 1748 2052 1817 tradunt3
2110 1747 2209 1808 alii
2237 1749 2318 1808 ab

354 1832 493 1907 ipso
525 1830 816 1907 Scipione
858 1832 1126 1906 legatum
1168 1848 1307 1892 cum
1349 1824 1590 1906 triginta
1618 1830 2014 1891 nobilissimis
2045 1832 2318 1907 equitum

353 1915 638 1990 missum,
683 1914 787 1991 qui
829 1914 1183 1975 Pleminium
1225 1914 1288 1975 in
1333 1922 1578 1975 catenas
1623 1921 1684 1974 et
1723 1930 1861 1974 cum
1889 1930 1963 1975 eo
1995 1914 2316 1977 seditionis

352 1998 665 2074 principes
708 1998 1077 2059 conicerent.
1144 1998 1183 2056 ii
1228 2013 1471 2070 omne8‚
1519 2012 1634 2058 seu
1671 2005 1812 2057 ante
1854 1996 2159 2073 Scipionis
2204 2015 2315 2062 seu

352 2088 479 2142 tum
509 2081 809 2157 praetoris
841 2081 1035 2155 iussu,
1066 2082 1266 2141 traditi
1298 2080 1358 2141 in
1389 2081 1731 2142 custodiam
1751 2081 2022 2155 Reginis.
2068 2090 2318 2157 praetor

352 2164 659 2240 legatique
686 2164 922 2225 Locros
955 2164 1212 2239 profecti
1242 2165 1530 2240 primam,
1573 2164 1752 2226 sicuti
1780 2165 2133 2227 mandatum
2165 2175 2313 2240 erat,

351 2248 661 2323 religionis
716 2263 923 2309 curam
973 2248 1273 2309 habuere:
1341 2264 1582 2310 ornnem
1624 2249 1785 2309 enim
1838 2264 2079 2309 sacram
2125 2266 2310 2325 pecu-

350 2331 531 2406 niam,
551 2346 838 2408 quaeque
866 2334 1398 2409 apudPtemae‘nium
1425 2348 1690 2408 quaeque
1719 2334 1886 2407 apud
1915 2334 2134 2394 milites
2163 2340 2311 2408 erat,

353 2416 788 2491 conquisitam,
828 2422 889 2478 et
927 2432 1105 2493 quam
1132 2415 1252 2492 ipsi
1284 2432 1496 2477 secum
1523 2418 1871 2489 attulerant,
1916 2416 1976 2475 in
2007 2416 2310 2477 thesauris

350 2507 777 2576 reposuerunt,
819 2515 893 2560 ac
924 2500 1234 2575 piaculare
1263 2515 1508 2560 sacrum
1535 2499 1829 2559 fecerunt.
1899 2506 2024 2560 tum
2051 2508 2309 2561 vocatos

350 2584 428 2642 ad
473 2584 819 2646 contionem
858 2584 1079 2644 milites
1122 2589 1372 2657 praetor
1413 2582 1590 2658 signa
1631 2590 1802 2644 extra
1844 2580 2060 2643 urbem
2091 2582 2311 2644 efferre

350 2664 533 2739 iubet,
566 2673 894 2741 castraque
922 2668 985 2726 in
1016 2682 1231 2741 campo
1262 2669 1443 2739 locat,
1465 2682 1615 2726 cum
1643 2667 1815 2742 gravi
1839 2667 2060 2742 edicto,
2092 2667 2146 2727 si
2169 2668 2308 2743 quis

349 2748 523 2809 miles
568 2756 674 2809 aut
708 2751 768 2809 in
808 2750 961 2810 urbe
1003 2749 1354 2823 restitisset,
1400 2754 1505 2809 aut
1538 2752 1594 2811 si
1631 2752 1778 2825 quid
1818 2765 2031 2810 secum
2059 2752 2306 2811 extulis-

350 2839 473 2894 σεῖε
530 2832 941 2894 Locrensibus
992 2848 1064 2893 se
1115 2834 1490 2909 permittere,
1539 2839 1634 2905 ut,
1694 2833 1861 2909 quod
1903 2834 2001 2895 sui
2043 2834 2310 2909 quisque

350 2925 701 2991 cognosset,
748 2916 1093 2992 prenderet,
1138 2918 1192 2976 si
1222 2916 1371 2992 quid
1399 2932 1526 2977 non
1559 2922 1961 2994 compareret,
1992 2917 2306 2977 indicaret.

350 3006 489 3059 ante
519 2999 721 3059 omnia
747 2999 939 3060 libera
968 3014 1233 3077 corpora
1262 3002 1508 3077 placere
1538 3000 1672 3061 sine
1702 3016 1872 3060 mora
1894 3000 2308 3060 Locrensibus

348 3082 613 3144 restitui:
660 3098 782 3144 non
812 3081 932 3143 levi
967 3084 1393 3144 demncturum
1419 3099 1620 3159 poena
1644 3084 1747 3159 qui
1771 3099 1892 3144 non
1919 3082 2304 3145 restituisset.

347 3166 742 3227 Locrensium
776 3167 999 3227 deinde
1028 3167 1375 3228 contionem
1403 3166 1628 3239 habuit,
1661 3176 1845 3243 atque
1874 3166 1948 3227 iis
1971 3167 2308 3228 libertatern

349 3251 641 3325 legesque
672 3266 819 3311 suas
856 3254 1153 3327 populum
1182 3251 1523 3312 Romanum
1553 3259 1957 3326 senatumque
1985 3250 2309 3311 restituere

348 3331 517 3393 dixit.
588 3334 639 3392 si
671 3334 773 3410 qui
801 3333 1157 3395 Pleminium
1187 3334 1450 3395 aliumve
1479 3348 1774 3394 accusare
1804 3335 2012 3405 vellet,
2049 3334 2307 3410 Regium

349 3430 420 3475 se
448 3424 841 3491 sequeretur-3
889 3419 942 3478 si
972 3419 1048 3478 de
1079 3417 1139 3476 P.
1166 3416 1453 3493 Scipione
1482 3416 1728 3491 publice
1758 3418 1932 3493 queri
1959 3418 2204 3493 vellent,
2234 3434 2306 3478 ea

351 3514 509 3573 quae
558 3499 770 3561 Locris
822 3503 1053 3561 nefarie
1103 3500 1162 3563 in
1206 3502 1359 3561 deos
1408 3498 1815 3577 hominesque
1864 3501 2025 3562 facta
2074 3516 2310 3573 essent.
