2550 3959
550 270 783 331 LIBER
808 270 997 331 XXV.
1046 270 1211 333 CAP.
1241 278 1330 335 27.
1354 278 1441 333 28.
1486 277 1558 345 [a.
1585 278 1651 331 C.
1673 278 1800 346 212]
2065 270 2147 334 85

180 421 379 501 cydes
422 436 463 480 a
486 426 656 482 tanta
692 426 949 497 repente
990 419 1318 483 destitutus
1360 436 1503 498 spe,
1547 438 1626 483 ne
1653 422 1724 483 in
1763 422 2148 487 obsidionem

178 520 419 581 magna.
449 519 529 565 ex
580 510 755 581 parte
804 509 1024 581 captae·
1060 504 1231 585 urbis
1282 505 1540 581 rediret,
1589 506 1990 582 Agrigentum
2040 525 2146 571 na-

178 589 365 665 vigat,
396 593 869 665 exspectaturus
888 588 1087 664 magis
1115 595 1400 649 eventum
1431 606 1616 667 quam
1643 590 1788 651 inde
1818 590 2146 667 quicquam

178 678 484 735 moturus.

344 756 616 821 XXVIII.
660 754 831 831 Quae
861 755 968 818 ubi
994 756 1059 817 in
1091 763 1300 819 castra
1315 755 1662 819 Siculorum
1689 764 1834 821 sunt
1855 758 2143 834 nuntiata,

180 840 517 919 Epicyden.
540 838 878 919 Syracusis
914 840 1300 917 excessisse,
1343 858 1380 905 a
1410 841 2006 917 Carthaginiensibus
2047 858 2142 902 re·

180 925 383 987 lictam
410 924 673 1005 insulam
700 930 769 986 et.
786 939 983 1000 prope
1012 924 1230 987 iterum
1256 925 1538 987 traditam
1562 926 1876 1001 Romanis,
1907 926 2142 1003 legatos

180 1009 256 1070 de
307 1006 779 1069 condicionibus
828 1006 1152 1069 dedendae
1194 1006 1396 1084 urbiS,
1447 1011 1770 1085 explorata
1815 1009 1988 1085 prius
2031 1027 2145 1086 per

180 1090 497 1169 colloquia
529 1090 845 1153 voluntate
870 1108 1081 1153 eorum
1126 1093 1234 1169 qui
1262 1092 1732 1167 obsidebantur,
1777 1095 1860 1155 ad
1885 1093 2142 1155 Marcel-

178 1177 303 1237 lum
330 1176 591 1238 mittunt.
632 1190 773 1237 cum
800 1175 971 1237 haud
988 1176 1179 1237 ferme
1208 1176 1604 1251 discreparet,
1639 1178 1788 1253 quin
1821 1194 1981 1253 quae
2010 1178 2142 1240 ubi·

179 1276 301 1336 que
340 1274 557 1335 regum
596 1259 889 1336 ruissent,
928 1261 1347 1324 Romanorum
1388 1264 1626 1337 essent,
1673 1260 1896 1322 Siculis
1937 1268 2142 1322 cetera

178 1360 317 1405 cum
366 1344 643 1405 libertate
696 1359 773 1403 ac
812 1342 1051 1420 legibus
1094 1346 1227 1407 suis
1269 1350 1690 1419 servarentur,
1743 1345 2018 1405 evocatis
2060 1346 2137 1405 ad

179 1426 555 1503 colloquium
583 1428 659 1488 iis
693 1428 917 1504 quibus
946 1428 1023 1489 ab
1046 1428 1330 1507 Epicyde
1359 1428 1626 1490 creditae
1645 1430 1964 1504 reserant,
1995 1428 2136 1489 mis-

177 1528 284 1575 sos
318 1528 391 1573 se
418 1511 599 1573 simul
625 1512 706 1574 ad
727 1512 1085 1573 Marcellum
1110 1513 1290 1576 simul
1317 1514 1399 1573 ad
1426 1528 1547 1576 eos..
1567 1514 1644 1575 ab
1667 1512 1943 1574 exercitu
1967 1511 2139 1575 Sicu·

174 1599 375 1659 lorum
424 1594 622 1671 aiunt,
672 1602 741 1657 ut
779 1612 908 1657 una
942 1597 1240 1672 omnium,
1293 1598 1396 1674 qui
1437 1597 1868 1658 obsiderentur
1909 1596 2140 1675 quique

175 1688 353 1743 extra
380 1679 766 1747 obsidionem
794 1680 1083 1755 tuissent,
1115 1682 1357 1743 fortuna
1383 1689 1578 1754 essct,
1611 1697 1768 1741 neve
1797 1681 1970 1741 alteri
1995 1697 2138 1756 pro·
2183 1710 2194 1723 ·

175 1766 309 1841 prie
350 1762 469 1824 sibi
508 1764 969 1840 paciscerentur
1013 1766 1360 1841 quicquam.
1419 1766 1652 1839 recepti
1684 1764 1906 1824 deinde
1937 1762 2014 1823 ab
2044 1764 2142 1829 iis,

178 1856 243 1911 ut
266 1848 669 1910 necessarios
694 1848 1623 1924 hospitesque,edla-querentur,
1653 1846 1955 1923 expositis
1981 1863 2138 1921 quau.

174 1939 361 2009 pacta
386 1931 510 1993 iam
540 1946 679 1993 cum
702 1932 995 1993 Marcello
1023 1933 1346 2007 haberent,
1377 1931 1580 1993 oblata
1609 1947 1724 2007 spe
1754 1930 1968 1991 salutis
1998 1946 2137 2006 per-

175 2018 389 2093 pulere
432 2030 576 2091 eae,
616 2022 684 2077 ut
724 2031 937 2077 secum
981 2018 1330 2092 praefectos
1356 2015 1656 2095 Epicydis
1683 2013 2050 2094 Polyclitum
2080 2022 2141 2076 et

172 2099 589 2161 Philistionem
619 2107 677 2160 et
702 2099 1055 2177 Epicyden,
1085 2100 1182 2161 cui
1212 2099 1449 2161 Sindon
1483 2114 1821 2176 cognomen
1853 2104 2002 2173 erat,
2031 2098 2137 2158 ad-

176 2184 595 2259 grederentur.
656 2183 989 2247 interfectis
1029 2185 1108 2245 ,iis
1152 2192 1225 2244 et.
1251 2184 1635 2245 multitudine
1674 2184 1754 2243 ad
1795 2182 2140 2244 contio-nem

172 2275 413 2343 vocata,
450 2266 717 2343 inopiam
750 2268 1187 2344 quaequeipsi
1212 2268 1372 2328 inter
1398 2284 1469 2328 se
1497 2268 1756 2327 fremere
1787 2266 2009 2328 occulti
2036 2280 2138 2325 so-

174 2352 259 2413 liti
289 2356 491 2428 crant,
522 2351 880 2427 conquesti,
917 2368 1288 2429 quamquam
1315 2357 1404 2413 tot
1430 2353 1590 2412 mala
1617 2357 1924 2427 urgerent,
1953 2364 2137 2423 nega-

175 2442 315 2497 runt
355 2435 661 2499 fortunam
688 2436 1116 2499 'accusandam
1150 2451 1326 2509 esse,
1371 2436 1541 2510 quod
1567 2434 1630 2494 in
1659 2434 1938 2511 ipsorum
1974 2440 2143 2494 esset

172 2527 507 2596 potestate,
556 2520 851 2595 quamdiu
877 2536 953 2581 ea
980 2527 1352 2596 paterentur.
1416 2516 1711 2579 Romanis
1743 2531 1999 2577 causam.
2027 2532 2136 2592 op·

174 2603 494 2679 pugnandi
518 2602 867 2679 Syracusas
899 2604 1095 2667 fuisse
1125 2603 1436 2664 caritatem
1459 2600 1990 2681 Syracusanorum
2015 2616 2140 2661 non

174 2688 423 2749 odium=
470 2703 613 2747 nam
652 2694 719 2749 ut
761 2695 1095 2763 occupatas
1131 2702 1234 2749 res
1280 2688 1358 2749 ab
1389 2686 1750 2748 satellitibus
1780 2683 2138 2745 Hannibalis

175 2772 399 2833 deinde
424 2770 819 2851 Hieronymi,
858 2772 1235 2847 Hippocrate
1264 2778 1450 2846 atque
1474 2770 1794 2845 Epicyde,
1818 2768 2140 2844 audierint,

172 2863 299 2916 tum
326 2854 554 2918 bellum
584 2856 874 2928 movisse,
916 2862 979 2916 et
1003 2856 1292 2918 obsidere
1321 2855 1536 2917 urbem
1565 2854 1868 2929 coepisse,
1906 2857 1975 2912 ut
2003 2868 2131 2913 cru-

172 2939 349 3001 deles
389 2944 689 3017 tyrannos
732 2940 895 3015 eiuS,
939 2948 1063 3001 non
1101 2946 1170 3001 ut
1206 2940 1410 3016 ipsam
1449 2939 1668 3000 urbem
1694 2944 2137 3015 expugnarent.

170 3022 553 3099 Hippocrate
578 3036 729 3086 νει-’.ο
758 3024 1139 3100 interempto,
1168 3023 1448 3102 Epicyde
1478 3022 1810 3087 intercluso
1839 3022 1918 3082 ab
1949 3020 2138 3099 Syra-

172 3106 342 3167 cusis
388 3112 449 3167 et
480 3108 808 3181 praesectis
853 3106 985 3169 eius
1028 3108 1284 3179 occisiS,
1331 3106 1932 3182 Carthaginiensibus
1975 3104 2136 3164 omni

172 3191 584 3266 possessione
613 3190 856 3253 Siciliae
883 3197 1047 3253 terra
1072 3193 1348 3268 marique
1380 3192 1578 3267 pulsis
1595 3222 1684 3235 —-
1707 3206 1891 3265 quam
1919 3201 2138 3263 super-

170 3290 317 3337 esse
359 3290 613 3337 causam
638 3276 965 3349 Romanis,
1008 3292 1117 3337 cur
1156 3290 1279 3337 non
1311 3274 1569 3351 perinde
1599 3289 1672 3334 ac
1701 3274 1756 3333 si
1781 3271 1968 3333 Hiero
1999 3270 2140 3346 ipse

171 3359 435 3431 viveret,
477 3358 697 3421 unicus
725 3360 1039 3424 Romanae
1070 3358 1367 3419 amicitiae
1397 3360 1612 3431 cultor,
1643 3357 1984 3417 incolumes
2015 3352 2136 3435 Sy-

167 3454 431 3505 racusas
462 3458 606 3503 esse
632 3443 863 3504 velint?
896 3444 1103 3520 itaque
1132 3458 1247 3503 nec
1274 3442 1412 3503 urbi
1442 3457 1558 3501 nec
1587 3438 1940 3502 hominibus
1969 3436 2138 3501 aliud

169 3526 513 3601 periculam
558 3540 741 3601 quam
781 3528 860 3587 ab
902 3534 1098 3589 semet
1128 3526 1285 3603 ipsis
1317 3540 1490 3599 esse,
1533 3540 1590 3585 si
1617 3522 2012 3587 occasionem
2036 3536 2130 3581 re-
