2550 3959
365 172 464 236 -66
701 172 931 233 LIBER
952 172 1138 235 XXV.
1170 172 1339 233 cAP.
1365 181 1449 235 12.
1476 180 1559 234 13.
1610 178 1685 246 [a.
1708 172 1782 233 U.
1812 188 1867 233 e.
1886 181 2014 245 540]

369 326 662 388 facienda
692 325 1082 403 inspicerent.
1129 340 1203 385 ea
1233 340 1369 385 cum
1399 321 1675 400 inspecta
1703 325 2017 400 relataque
2044 326 2121 387 ad
2154 343 2327 389 sena·

378 417 506 473 tum
549 417 786 483 essent,
832 414 1200 470 censuerunt
1235 414 1443 483 patres
1472 406 1745 483 Apollini
1785 408 1965 469 ludos
2014 411 2332 473 vovendos

380 494 840 569 faciendosque,
884 499 960 566 et,
994 492 1241 569 quando
1271 491 1398 553 ludi
1430 492 1570 551 facti
1600 497 1826 565 essent,
1872 492 2197 554 duodecim
2224 496 2329 555 mi-

377 578 460 639 lia
488 578 648 639 aeris
677 576 944 655 praetori
974 577 1054 636 ad
1081 592 1210 635 rem
1233 574 1501 635 divinam
1531 581 1591 635 et
1621 575 1776 636 duas
1804 575 2041 637 hostias
2068 578 2331 639 maiores

378 661 636 722 dandas.
681 662 935 721 alterum
959 665 1210 721 senatus
1233 662 1573 721 consultum
1600 660 1823 720 sactum
1852 668 1963 733 est,
1994 666 2064 720 ut
2090 661 2327 723 decem-

378 746 490 805 viri
531 760 772 806 sacrum
803 744 1037 804 Graeco
1066 744 1185 804 ritu
1226 744 1495 803 facerent
1522 742 1744 819 hisque
1774 743 2021 819 hostiiS,
2062 745 2327 821 Apollini

376 830 538 889 bove
567 835 779 891 aurato
811 835 872 889 et
899 828 1100 903 capris
1133 826 1371 889 duabus
1403 827 1557 887 albis
1590 828 1835 900 auratiS‚
1874 828 2145 888 Latonae
2170 830 2331 891 bove

377 913 602 973 femina
631 919 860 973 aurata.
904 912 1085 972 ludos
1108 917 1358 987 praetor
1384 910 1443 971 in
1475 911 1639 971 circo
1676 910 1941 971 maximo
1974 927 2111 972 cum
2141 914 2327 973 sactu-

361 1012 482 1057 rus
513 1004 696 1073 esset,
736 996 955 1070 edixit,
998 1002 1066 1057 ut
1093 995 1362 1072 populus
1393 1011 1506 1072 per
1534 1011 1645 1057 eos
1675 995 1857 1055 ludos
1888 996 2110 1071 stipem
2138 998 2326 1073 Apol-

373 1080 498 1155 lini,
531 1087 820 1156 quantam
845 1044 1232 1144 commodum
1263 1086 1449 1153 esset,
1480 1080 1803 1141 conferret.
1848 1078 2003 1139 haec
2033 1086 2127 1141 est
2158 1080 2327 1157 origo

373 1165 658 1249 ludorum
685 1164 1146 1241 Apollinarium,
1185 1162 1480 1223 victoriae
1508 1178 1630 1224 non
1662 1162 2027 1224 valetudinis
2058 1180 2223 1241 ergo,
2266 1172 2329 1225 ut

374 1234 650 1324 plerique
679 1255 915 1325 rentur,
959 1254 1242 1309 votorum
1273 1248 1711 1323 factorumque.
1773 1249 2040 1323 populus
2072 1264 2324 1309 corona-

372 1340 469 1393 tus
495 1332 813 1409 spectavit,
840 1339 1154 1393 matronae
1175 1331 1500 1407 supplicav
1504 1346 1640 1401 ere;
1672 1332 1857 1406 vulgo
1882 1332 2107 1406 apertis
2131 1332 2327 1394 ianuis

373 1416 432 1476 in
463 1416 804 1493 propatulis
835 1415 1062 1493 epulati
1093 1422 1250 1491 sunt,
1284 1414 1650 1491 celeberque
1679 1414 1811 1475 dies
1842 1414 2004 1477 omni
2037 1416 2320 1477 caerimo

371 1500 609 1559 uiarum
635 1514 861 1575 genere
889 1499 1016 1559 fuit.

537 1583 692 1643 ΧΙΠ.
751 1582 899 1643 Cum
926 1582 1224 1643 Hannibal
1257 1582 1421 1643 circa
1447 1582 1784 1658 Tarentum,
1835 1584 2117 1643 consules
2148 1583 2333 1646 ambo

371 1667 431 1727 in
462 1666 709 1727 Samnio
741 1673 982 1742 essent,
1037 1666 1147 1726 sed
1181 1666 1645 1727 circumsessuri
1668 1666 1939 1742 Capuam
1960 1666 2327 1745 tiderentur,

373 1752 540 1825 quod
569 1754 791 1812 malum
822 1751 1141 1813 diuturnae
1183 1750 1525 1812 obsidionis
1556 1766 1700 1811 esse
1730 1750 1915 1826 solet,
1959 1750 2076 1809 iam
2107 1752 2325 1812 famem

373 1835 662 1910 Campani
705 1834 1076 1911 sentiebant,
1125 1833 1268 1910 quia
1299 1840 1631 1895 sementem
1662 1834 1865 1893 facere
1894 1833 2329 1909 prohibuerant

357 1934 480 1979 eos
493 1919 751 1979 Romani
775 1920 1100 1979 exercitus.
1144 1917 1351 1993 itaque
1373 1920 1609 1993 legatos
1634 1917 1712 1977 ad
1728 1917 2126 1978 Hannibalem
2146 1918 2327 1979 mise-

367 2008 508 2062 runt
534 2010 797 2075 orantes,
841 2008 935 2075 ut,
981 2001 1341 2077 priusquam
1374 2002 1663 2062 consules
1694 2001 1755 2060 in
1786 2017 1969 2076 agros
2000 2017 2150 2062 suos
2181 2003 2327 2063 edu-

369 2092 576 2146 cerent
613 2086 920 2161 legiones,
964 2085 1228 2161 viaeque
1270 2098 1483 2145 omnes
1518 2084 1785 2145 hostiurn
1811 2085 2137 2161 praesidiis
2180 2084 2327 2146 insi·

368 2169 672 2244 derantur,
719 2170 1084 2230 frumentum
1113 2184 1190 2229 ex
1220 2168 1587 2245 propinquis
1616 2169 1771 2230 locis
1802 2169 2064 2230 convehi
2094 2168 2328 2230 iuberet

369 2252 659 2329 Capuam.
697 2252 995 2313 Hannibal
1025 2254 1383 2314 Hannonem
1417 2270 1495 2313 ex
1522 2252 1769 2314 Bruttiis
1799 2268 1938 2313 cum
1968 2253 2236 2313 exercitu
2267 2252 2324 2314 in

369 2335 760 2411 Campaniam
797 2336 1058 2397 transire
1098 2344 1158 2397 et
1200 2336 1348 2397 dare
1388 2352 1668 2413 operam,
1712 2344 1780 2397 ut
1824 2336 2102 2402 frumenti
2146 2336 2328 2413 copia

365 2420 540 2481 fieret
570 2420 914 2499 CampaniS,
943 2420 1140 2482 iussit.
1209 2420 1428 2481 Hanno
1459 2436 1536 2481 ex
1566 2420 1813 2482 Bruttiis
1844 2421 2158 2495 profectus
2190 2436 2327 2481 cum

367 2505 671 2582 exercitu,
715 2504 1090 2566 vitabundus
1135 2513 1337 2565 castra
1379 2504 1647 2565 hostium
1689 2504 2101 2580 consulesque
2132 2504 2238 2581 qui
2266 2504 2327 2563 in

368 2586 618 2651 Samnio
649 2597 850 2663 erant,
897 2604 1035 2649 cum
1061 2589 1416 2649 Benevento
1446 2588 1567 2648 iam
1610 2588 2167 2664 appropinquaret,
2212 2587 2329 2649 tria

365 2672 530 2733 milia
559 2688 856 2748 passuum
884 2671 960 2733 ab
991 2672 1129 2749 ipsa
1157 2672 1308 2733 urbe
1330 2670 1468 2732 loco
1500 2672 1663 2732 edito
1690 2680 1889 2732 castra
1913 2672 2152 2747 posuit3
2181 2671 2327 2732 inde

365 2769 446 2815 ex
487 2756 676 2818 sociis
721 2756 884 2817 circa
927 2754 1205 2831 populis,
1253 2771 1375 2829 quo
1420 2761 1653 2816 aestate
1696 2761 2137 2829 comportatum
2176 2762 2325 2828 erat,

363 2839 588 2900 devehi
618 2840 979 2899 frumentum
1007 2839 1066 2898 in
1099 2854 1301 2899 castra
1330 2838 1537 2907 iussit,
1583 2839 1909 2915 praesidiis
1939 2838 2139 2912 dalis5
2169 2855 2330 2913 quae

367 2928 740 2983 commeatus
784 2938 894 2983 eos
935 2928 1473 3000 prosequerentur.
1546 2922 1813 2997 Capuam
1865 2922 2010 2984 inde
2050 2921 2329 2983 nuntium

365 3004 545 3082 misit,
572 3022 694 3081 qua
714 3006 815 3066 die
836 3005 896 3066 in
913 3006 1128 3068 castris
1153 3006 1234 3067 ad
1255 3006 1679 3082 accipiendum
1698 3008 2059 3068 frumentum
2076 3014 2329 3082 praesto

365 3096 575 3151 essent
605 3090 768 3150 omni
797 3090 1070 3167 undique
1097 3106 1323 3167 genere
1350 3090 1769 3150 vehiculorum
1798 3090 2331 3165 iumentorumque

355 3188 446 3233 -ex
474 3173 638 3249 agris
662 3180 990 3235 contracto.
1034 3174 1097 3235 id
1129 3190 1241 3250 pro
1274 3180 1477 3235 cetera
1506 3174 1795 3234 socordia
1822 3173 2333 3249 neglegentiaque

363 3256 743 3334 aCampanis
759 3264 987 3318 actum:
1012 3259 1195 3335 paulo
1222 3261 1364 3335 plus
1384 3258 1825 3333 quadringenta
1838 3258 2123 3318 vehicula
2135 3256 2333 3317 missa

367 3347 428 3401 et
454 3358 652 3417 pauca
679 3348 998 3418 praeterea
1024 3342 1308 3403 iumenta.
1368 3341 1447 3403 ob
1471 3341 1533 3401 id
1564 3340 1875 3417 castigatis
1906 3342 1983 3402 ab
2003 3341 2333 3418 Hannone,

363 3424 535 3501 quod
577 3440 656 3486 ne
695 3426 887 3487 sames
912 3426 1210 3505 quidem,
1254 3442 1413 3502 quae
1440 3431 1637 3487 mutas
1679 3426 2046 3487 accenderet
2070 3423 2335 3491 bestias„
