2550 3959
376 195 509 260 330
718 195 949 257 Lmen
977 148 1157 256 ΧΧΧ.
1205 195 1369 257 οΑΡ.
1401 202 1566 258 9.1o.
1611 202 1684 268 [a.
1711 200 1778 253 υ.
1801 196 2001 264 ωιτη

550 345 759 422 Scipio
798 362 1050 421 gravem
1084 346 1202 405 iam
1229 344 1448 421 spoliis
1477 345 1797 404 multarum
1825 340 2064 403 urbium
2093 342 2330 404 exerci-

374 436 505 493 tum
546 429 821 501 trahenS,
864 430 1123 504 captivis
1154 428 1397 504 aliaque
1424 427 1658 504 praeda
1687 428 1747 485 in
1776 433 1989 487 vetera
2018 432 2222 489 castra
2249 426 2332 487 ad

378 514 615 577 Uticam
654 512 893 587 missiS,
932 514 1051 572 iam
1092 512 1153 573 in
1183 512 1605 586 Carthaginem
1647 509 1912 571 intentus
1944 517 2207 585 occupat
2230 524 2330 569 re-

376 598 583 658 lictum
623 598 770 671 fuga
808 596 1131 657 custodum
1155 598 1409 673 Tyneta.
1481 594 1660 654 abest
1699 610 1737 653 a
1765 592 2122 667 Carthagine
2153 592 2331 668 quin-

368 680 573 741 decim
628 680 792 741 milia
846 680 1037 739 ferme
1091 694 1390 753 passuum
1444 680 1620 738 locus
1674 693 1811 737 cum
1861 675 2151 752 operibus
2202 683 2332 736 tum

370 771 599 837 suapte
638 770 855 823 natura
893 770 1089 836 tutuS,
1130 762 1325 837 etqui
1361 769 1420 823 et
1448 760 1526 821 ab
1553 760 1920 835 Carthagine
1961 758 2240 835 conspici
2269 766 2331 821 et

369 846 673 922 praebere
726 846 865 921 ipse
920 851 1319 921 conspectum
1369 844 1432 904 in
1483 843 1910 905 circumfusum
1966 858 2137 903 mare
2191 842 2331 904 urbi

368 929 591 1005 possit.
656 929 729 989 X.
774 929 951 1001 Inde,
994 944 1133 991 cum
1174 928 1438 990 maxime
1477 929 1700 989 vallum
1741 925 2001 988 Roman-i
2039 926 2326 1000 iacerent,

368 1018 707 1087 conspecta
735 1012 957 1073 classis
984 1011 1249 1073 hostium
1271 1018 1370 1072 est
1386 1010 1624 1072 Uticam
1645 1026 1684 1069 a
1705 1010 2065 1084 Carthagine
2087 1016 2324 1085 petens.

366 1095 553 1171 igitur
597 1097 827 1158 omisso
868 1111 1059 1171 opere
1101 1095 1556 1170 pronuntiatum
1594 1094 1736 1167 iter,
1779 1094 2079 1169 signaque
2106 1093 2326 1169 raptim

369 1178 516 1238 ferri
544 1185 687 1241 sunt
704 1186 943 1253 coepta,
977 1194 1056 1239 ne
1077 1193 1267 1239 naves
1291 1179 1352 1238 in
1375 1184 1598 1239 terram
1620 1181 1682 1237 et
1703 1176 2084 1239 obsidionem
2106 1191 2328 1236 versae

368 1278 442 1323 ac
472 1262 714 1322 minime
742 1263 942 1323 navali
972 1261 1208 1338 proelio
1238 1268 1420 1337 aptae
1451 1260 1960 1337 opprimerentur.
2029 1259 2135 1335 qui
2165 1260 2326 1321 enim

364 1344 742 1417 restitissent
777 1345 918 1421 agili
960 1351 1021 1407 et
1050 1345 1294 1405 nautico
1325 1346 1725 1405 instrumento
1755 1350 1940 1419 aptae
1967 1350 2030 1403 et
2055 1352 2327 1405 armatae

360 1428 554 1487 classi
597 1444 791 1489 naves
834 1434 1129 1489 tormenta
1166 1428 1607 1504 machinasque
1647 1434 1992 1502 portantes,
2045 1433 2105 1486 et
2132 1428 2324 1488 autin

359 1511 779 1571 onerariarum
808 1527 989 1573 usum
1016 1527 1236 1571 versae
1250 1556 1267 1584 ,
1310 1517 1414 1572 aut
1439 1511 1523 1570 ita
1551 1512 1852 1585 appulsae
1879 1510 2085 1585 muriS,
2113 1517 2182 1572 ut
2209 1527 2324 1587 pro

360 1608 592 1668 aggere
637 1610 711 1653 ac
753 1594 1041 1669 pontibus
1086 1592 1383 1670 praebere
1423 1608 1726 1655 ascensus
1768 1600 2071 1668 possent?
2119 1593 2325 1670 itaque

360 1675 607 1752 Scipio,
654 1684 896 1752 praeter
926 1694 1107 1751 quam
1134 1678 1199 1738 in
1227 1678 1429 1738 navali
1461 1678 1788 1737 certamine
1817 1680 1993 1751 solet,
2021 1677 2320 1750 rostratis,

362 1776 528 1833 quae
572 1761 881 1835 praesidio
924 1762 1057 1821 aliis
1098 1777 1244 1821 esse
1285 1767 1596 1836 poterant,
1636 1761 1697 1820 in
1728 1767 2098 1836 postremam
2129 1761 2320 1825 aciem

358 1844 629 1919 receptis
653 1860 851 1920 prope
872 1851 1113 1919 terram,
1144 1846 1560 1906 onerariarum
1585 1844 2022 1919 quadriplicem
2045 1844 2314 1909 ordinent

362 1942 481 2001 pro
510 1931 687 1987 muro
718 1927 1019 1988 adversus
1046 1928 1288 1989 hostem
1316 1927 1624 2005 opposuit,
1669 1943 1904 2004 easque
1929 1928 2122 2003 ipsas,
2153 1944 2232 1987 ne
2260 1927 2316 1989 in

364 2012 617 2071 tumultu
647 2025 891 2085 pugnae
919 2010 1146 2071 turbari
1176 2012 1426 2073 ordines
1456 2017 1746 2087 possent,
1792 2010 1964 2071 malis
1993 2012 2319 2072 antemnis-

372 2107 485 2167 que
529 2092 607 2152 de
647 2108 811 2153 nave
844 2092 905 2151 in
948 2109 1167 2153 navem
1206 2094 1472 2154 traiectis
1512 2110 1584 2154 ac
1626 2094 1845 2155 validis
1877 2094 2123 2153 funibus
2152 2096 2320 2156 velut

373 2191 481 2236 mo
524 2174 679 2235 inter
720 2192 791 2236 se
818 2176 1064 2248 vinculo
1094 2176 1334 2251 illigatis
1365 2177 1775 2253 comprendit,
1797 2177 2185 2258 ‘tabulasque
2214 2195 2318 2238 su·

358 2258 767 2333 oei-instravit,
790 2267 858 2320 ut
876 2260 1072 2336 pervii
1096 2260 1346 2321 ordines
1371 2268 1598 2334 essent,
1623 2265 1684 2320 et
1707 2260 1822 2320 sub
1847 2260 2004 2335 ipsis
2025 2261 2318 2337 pontibus

356 2340 673 2402 intervalla
722 2343 892 2417 feeit,
946 2360 1070 2419 qua
1118 2360 1482 2419 procurrere
1531 2344 1982 2420 speculatoriae
2022 2360 2214 2405 naves
2257 2345 2316 2403 in

353 2422 710 2495 hostemac
750 2434 878 2488 tuto
920 2427 1111 2502 recipi
1155 2435 1433 2502 possent.
1498 2427 1593 2487 his
1635 2426 1854 2501 raptim
1896 2443 2011 2501 pro
2038 2434 2316 2503 tempore

356 2507 669 2569 instructis
727 2510 889 2571 mille
948 2512 1138 2570 ferme
1193 2512 1412 2571 delecti
1468 2517 1961 2585 propugnatores
2017 2511 2314 2571 onerariis

353 2599 777 2667 imponuntur,
821 2595 1081 2654 telorum
1109 2594 1459 2668 missilium,
1501 2600 1566 2654 ut
1596 2594 1876 2668 quamvis
1907 2594 2090 2669 longo
2121 2602 2312 2654 certa-

347 2675 513 2733 mine
548 2674 931 2750 sufficerent,
984 2678 1080 2737 vis
1109 2677 1327 2751 ingens
1358 2676 1724 2751 congeritur.
1794 2676 1876 2736 ita
1902 2677 2100 2752 parati
2129 2684 2316 2753 atque

347 2758 557 2819 intenti
580 2758 847 2820 hostium
871 2760 1199 2821 adventum
1226 2760 1718 2836 opperiebantur.
1761 2759 2310 2836 CarthaginienseS,

346 2841 488 2915 qui,
529 2842 582 2901 si
612 2849 1051 2916 maturassent,
1098 2844 1302 2905 omnia
1343 2844 1642 2919 permixta
1676 2843 1853 2904 turba
1881 2843 2310 2920 trepidantium

349 2924 547 2998 primo
572 2925 803 2999 impetu
831 2927 1310 3001 oppressissent,
1329 2928 1594 3002 perculsi
1617 2926 2007 2987 terrestribus
2031 2928 2308 2987 cladibus

340 3015 533 3081 atque
563 3007 705 3067 inde
735 3026 814 3069 ne
842 3010 990 3069 mari
1022 3011 1265 3085 quidem
1284 3056 1300 3085 ,
1343 3011 1448 3071 ubi
1478 3011 1598 3086 ipsi
1629 3012 1771 3086 plus
1798 3018 2111 3087 poterant,
2155 3010 2308 3072 satis

346 3090 641 3165 fidenteS,
694 3091 795 3151 die
835 3093 1010 3167 segni
1056 3095 1444 3168 navigatione
1487 3095 1812 3168 absumpto
1855 3094 1972 3153 sub
2015 3110 2308 3155 occasum

341 3174 499 3234 solis
540 3174 601 3233 in
633 3182 874 3250 portum
900 3210 987 3223 -
1012 3176 1412 3238 Rusucmona
1436 3178 1570 3238 Afri
1604 3184 1828 3239 vocant
1853 3209 1940 3221 —-
1967 3180 2171 3239 classe
2199 3193 2308 3252 ap-

344 3257 591 3329 pulerez
648 3267 897 3332 postero
942 3259 1041 3319 die
1082 3260 1197 3320 sub
1244 3268 1441 3321 ortum
1484 3261 1636 3321 solis
1677 3261 2022 3321 instruxere
2063 3262 2142 3322 ab
2183 3263 2307 3321 alto

344 3354 537 3399 naves
576 3341 743 3401 velut
783 3342 863 3401 ad
901 3343 1127 3402 iustum
1168 3344 1469 3417 proelium
1509 3346 1726 3403 navale
1753 3350 1814 3403 et
1838 3352 2148 3421 tamquam
2177 3344 2307 3405 exi-

341 3422 499 3483 turia
530 3428 740 3484 eontra
765 3423 1078 3485 Romanis.
1140 3442 1277 3487 cum
1305 3428 1414 3489 diu
1440 3427 1769 3501 stetissent,
1801 3435 2129 3504 postquam
2157 3426 2311 3489 nihil
