2550 3959
398 254 486 320 82
695 254 926 315 L1BER
953 255 1166 315 XXIV.
1213 254 1379 314 CAP.
1406 261 1494 316 30.
1516 262 1605 315 31.
1653 260 1727 329 [a.
1758 258 1829 312 U.
1860 277 1911 315 c.
1935 260 2066 328 ⁶38]

403 422 728 487 ronymum
761 414 1106 465 meruerant
1133 404 1250 466 sub
1277 404 1371 465 eis
1402 411 1462 465 et
1482 404 1841 465 Hannibalis
1863 405 2229 467 beneficium
2256 406 2360 469 ha'·

405 492 658 565 bebant,
700 489 861 565 capti
893 488 972 547 ad
997 490 1483 549 Trasumennum
1509 487 1665 549 inter
1690 489 2107 550 Romanorum
2136 491 2362 553 auxilia

407 573 788 650 dimissique.
821 587 980 647 quos
1003 572 1105 632 ubi
1131 587 1208 631 ex
1234 571 1428 645 signis
1451 564 1785 649 habituque
1808 588 2110 640 armorum
2138 590 2365 651 cogno·

406 673 584 733 vere,
625 656 1034 733 Hippocrates
1077 662 1260 731 atque
1289 654 1602 733 Epicydes
1644 671 1851 717 ramos
1895 658 2069 717 oleae
2098 672 2171 718 ac
2200 659 2364 719 vela-

407 750 612 802 menta
652 741 771 800 alia
818 739 1190 815 supplicium
1231 739 1613 814 porrigentes
1656 754 1865 814 orare,
1916 747 1985 801 ut
2023 741 2371 817 reciperent

409 842 581 899 sese,
612 831 680 885 ut
705 830 992 899 receptos
1022 828 1391 895 tutarentur,
1422 836 1541 883 neu
1570 823 1906 898 proderent
1934 822 2367 903 SyracusaniS,

411 927 448 971 a
478 908 702 985 quibus
731 907 852 983 ipsi
881 923 1026 968 mox
1047 906 1394 967 trucidandi
1418 907 1653 981 populo
1675 906 1955 968 Romano
1979 907 2369 969 dederentur.

406 992 614 1055 XXXI.
661 991 972 1052 enimvero
1026 993 1436 1065 conclamant,
1487 991 1717 1051 bonum
1764 997 1833 1051 ut
1870 992 2137 1053 animum
2182 993 2369 1053 habe-

406 1084 572 1137 rent·
619 1091 862 1135 omnem
903 1091 974 1135 se
1017 1091 1152 1135 cum
1193 1074 1313 1135 illis
1350 1076 1652 1135 fortunam
1681 1072 2012 1137 subituros.
2069 1077 2223 1137 inter
2250 1076 2370 1139 hoc
2438 1118 2448 1121 -

411 1159 785 1236 colloquium
812 1152 990 1234 signa
1019 1159 1435 1234 constiterunt,
1468 1159 1911 1235 tenebaturque
1938 1175 2188 1235 agmen,
2226 1176 2369 1223 nec

411 1236 557 1305 dum
589 1258 751 1320 quae
791 1258 1002 1304 morae
1032 1259 1224 1304 causa
1250 1244 1408 1304 soret
1435 1250 1799 1318 pervenerat
1826 1244 1906 1303 ad
1936 1243 2149 1305 duces.
2197 1252 2369 1320 post·

412 1344 602 1404 quam
625 1327 1044 1403 Hippocraten
1087 1335 1273 1403 atque
1312 1326 1636 1404 Epicyden
1669 1328 1940 1403 pervasit
1967 1345 2205 1403 rumor,
2251 1329 2370 1389 fre·

409 1413 718 1487 mitusque
757 1416 886 1472 toto
916 1410 1155 1486 agmine
1197 1418 1330 1471 erat
1354 1410 1520 1471 haud
1548 1412 1735 1493 dubie
1764 1412 2233 1488 approbantium
2264 1414 2371 1473 ad-

408 1502 656 1556 ventum
687 1510 917 1566 eorum,
950 1496 1258 1570 extemplo
1289 1503 1608 1571 praetores
1640 1495 1834 1557 citatis
1864 1497 2041 1574 equis
2066 1497 2143 1557 ad
2177 1496 2373 1571 prima

347 1604 360 1612 ·
411 1578 590 1655 signa
618 1586 1037 1653 perrexerunt,
1071 1578 1174 1654 qui
1202 1593 1339 1639 mos
1368 1578 1504 1655 inis,
1538 1595 1697 1654 quae
1724 1580 1966 1641 licentia
1996 1580 2368 1642 Cretensium

411 1671 582 1725 esset
606 1663 942 1737 rogitantes
975 1661 1285 1739 colloquia
1314 1663 1571 1742 serendi·
1590 1678 1729 1723 cum
1755 1663 1964 1739 hoste,
2006 1662 2371 1741 iniussuque

409 1752 763 1823 praetor-um
804 1745 1102 1808 miscendi
1133 1761 1245 1809 eos
1280 1746 1503 1821 agmini
1533 1754 1693 1807 suo?
1737 1746 2172 1823 comprehendi
2200 1748 2372 1809 inici-

411 1846 534 1907 que
566 1837 814 1891 catcnas
844 1830 1158 1891 iusserunt
1175 1830 1553 1906 Hippocrati.
1598 1830 1679 1891 ad
1708 1847 1893 1907 quam
1919 1846 2136 1891 vocem
2166 1838 2372 1893 tantus

411 1916 718 1990 extemplo
751 1913 1012 1990 primum
1042 1930 1079 1975 a
1108 1914 1499 1976 Cretensibus
1532 1916 1759 1975 clamor
1788 1921 1885 1975 est
1915 1923 2117 1991 ortuS,
2150 1916 2373 1975 deinde

410 2007 710 2073 exceptus
742 1997 819 2057 ab
848 1998 1012 2073 aliis,
1054 2003 1118 2056 ut
1147 1999 1355 2069 facile,
1401 1998 1455 2058 si
1484 1999 1640 2058 ultra
1669 1999 2015 2071 tenderent,
2048 2005 2374 2075 appareret

411 2081 502 2141 cis
535 2082 865 2141 timendum
896 2096 1058 2141 esse.
1105 2081 1345 2142 solliciti
1374 2082 1713 2158 incertique
1740 2098 1945 2142 rerum
1970 2098 2220 2143 suarum
2242 2082 2365 2141 Me·

410 2181 578 2240 gara,
610 2166 775 2225 unde
803 2166 1062 2240 profecti
1092 2174 1281 2239 erant,
1312 2166 1526 2225 referri
1555 2166 1733 2241 signa
1762 2166 1972 2226 iubent
1997 2168 2371 2243 nuntiosque

411 2250 489 2309 de
532 2255 693 2310 statu
735 2250 1046 2323 praesenti
1089 2248 1440 2326 Syracusas
1482 2248 1736 2311 mittunt.
1802 2249 2077 2310 fraudem
2122 2266 2374 2326 quoque

407 2330 818 2407 Hippocrates
861 2332 1031 2393 addit
1070 2332 1373 2393 inclinatis
1417 2333 1496 2393 ad
1526 2348 1767 2394 omnem
1797 2333 2215 2409 suspicionem
2242 2335 2372 2394 ani-

409 2416 557 2485 mis3
589 2422 650 2477 et
673 2416 1046 2477 Cretensium
1078 2417 1445 2493 quibusdam
1474 2417 1553 2477 ad
1580 2418 1796 2478 itinera
1817 2416 2141 2478 insidenda
2160 2416 2373 2479 missis

411 2502 576 2561 velut
603 2500 972 2577 interceptas
1001 2501 1264 2576 litteraS,
1300 2516 1455 2576 quas
1485 2502 1621 2576 ipse
1650 2506 2099 2577 composuerat,
2127 2501 2374 2562 recitat·

409 2592 765 2660 „praetores
798 2584 1176 2665 Syracusani
1221 2585 1461 2645 consuli
1490 2585 1782 2645 Marcello
1800 2591 1856 2639 =“
1900 2584 2241 2645 secundum
2272 2602 2373 2645 sa-

408 2670 592 2728 lutem
613 2713 628 2742 ,
672 2675 737 2728 ut
765 2669 1034 2743 adsolet,
1079 2668 1374 2743 scriptum
1417 2674 1549 2728 erat
1575 2675 1743 2729 recte
1771 2683 1910 2730 eum
1940 2676 2125 2745 atque
2155 2670 2374 2730 ordine

411 2750 654 2825 fecisse,
689 2751 858 2827 quod
887 2752 947 2812 in
977 2750 1292 2812 Leontinis
1320 2752 1469 2812 nulli
1499 2753 1898 2828 pepercisset.
1959 2752 2073 2813 sed
2102 2752 2371 2815 omnium

409 2836 968 2896 mercennariorum
1009 2835 1260 2895 militum
1301 2836 1559 2896 eandem
1601 2852 1744 2897 esse
1776 2851 2055 2909 causam,
2099 2852 2215 2897 nec
2240 2854 2371 2898 urn—

411 2934 594 2993 quam
627 2916 977 2995 Syracusas
1012 2918 1345 2994 quieturas,
1391 2918 1589 2981 donec
1621 2920 1951 2996 quicquam
1980 2928 2374 2982 externorum

410 3001 778 3062 auxiliorum
819 3008 924 3062 aut
964 3002 1023 3061 in
1053 3002 1207 3063 urbe
1249 3010 1354 3064 aut
1381 3003 1443 3063 in
1474 3003 1747 3065 exercitu
1774 3020 1889 3065 suo
1921 3012 2105 3067 esset.
2164 3005 2374 3079 itaque

410 3085 586 3147 daret
613 3102 883 3162 operam,
911 3092 980 3146 ut
1007 3103 1136 3161 eoS,
1171 3086 1279 3161 qui
1310 3103 1447 3149 cum
1478 3088 1609 3149 suis
1638 3088 2029 3164 praetoribus
2061 3096 2263 3149 castra
2291 3089 2375 3149 ad

407 3168 657 3245 Megara
686 3169 1000 3245 haberent,
1030 3170 1090 3230 in
1121 3186 1295 3233 suam
1324 3178 1691 3248 potestatem
1708 3173 2016 3248 redigeret
2039 3188 2114 3233 ac
2136 3172 2369 3248 suppli-

409 3252 506 3313 cio
538 3268 750 3315 corum
779 3254 1067 3315 liberaret
1094 3256 1338 3315 tandem
1365 3255 1733 3334 Syracusas.
1776 3256 1931 3331 haec
1954 3272 2092 3317 cum
2121 3256 2375 3317 recitata

409 3342 645 3412 essent,
696 3353 833 3397 cum
885 3344 1050 3401 tanto
1103 3340 1371 3401 clamore
1410 3340 1489 3399 ad
1533 3356 1701 3399 arma
1742 3339 2090 3401 discursum
2133 3351 2257 3414 est,
2308 3348 2377 3401 ut

408 3426 725 3493 praetores
747 3420 902 3483 inter
925 3424 1240 3483 tumultum
1264 3424 1473 3501 pavidi
1496 3423 1985 3499 abequitaverint
1998 3423 2376 3503 Syracusas.

408 3508 470 3563 et
497 3518 576 3564 ne
603 3504 750 3580 nuga
779 3505 1027 3581 quidem
1055 3521 1262 3568 eorum
1295 3506 1515 3568 seditio
1546 3522 1909 3584 compressa
1936 3514 2049 3583 est,
2076 3507 2373 3587 impetus-
