2550 3959
568 205 803 269 LIBER
827 206 1017 269 XXV.
1064 206 1231 268 CAP.
1254 213 1344 271 37.
1365 214 1456 271 ae.
1501 212 1575 281 [a.
1601 212 1666 267 e.
1685 212 1817 277 212]
2105 206 2190 273 95

204 376 335 425 rem
376 358 695 439 publicam
736 374 950 421 secum
990 364 1285 420 acuerent
1311 357 1548 419 animos
1562 404 1580 434 ,
1623 364 1685 419 et
1713 374 1792 418 ne
1821 358 2048 423 inultos
2075 359 2187 423 im·

206 450 533 524 peratores
575 458 731 505 suos
769 442 977 503 iacere
1004 442 1311 513 sinerent3
1350 457 1490 503 cum
1518 442 1722 504 subito
1755 444 1986 505 clamor
2012 446 2190 507 tuba·

204 542 471 606 rumque
498 542 697 590 sonus
724 559 813 571 --
843 526 963 587 iam
991 526 1151 587 enim
1182 542 1381 603 prope
1417 527 1642 589 vallum
1668 526 1882 589 hostes
1911 534 2086 589 erant
2104 558 2192 575 --·

206 614 554 676 exauditur.
597 610 745 671 inde
773 625 957 672 verso
993 617 1250 685 repente
1279 610 1339 672 in
1363 610 1516 671 iram
1545 611 1714 673 luctu
1736 612 2087 674 discurrunt
2108 614 2188 674 ad

206 712 407 773 arma,
452 712 527 757 ac
570 696 739 756 velut
776 694 1027 755 accensi
1066 694 1239 755 rabie
1280 694 1632 756 discurrunt
1671 696 1752 756 ad
1794 703 2008 771 portas
2039 698 2188 759 etin

204 781 449 844 hostem
492 779 871 855 negligenter
920 786 1107 855 atque
1150 780 1559 855 incomposite
1599 778 1944 841 venientem
1986 781 2186 843 incur-

206 872 364 929 runt.
410 865 722 939 extemplo
750 863 1093 939 improvisa
1116 878 1219 925 res
1250 879 1550 941 pavorem
1571 863 1783 929 incutit
1802 865 2046 941 PoeniS,
2077 865 2186 927 mi-

204 947 629 1025 rabundique,
671 948 837 1009 unde
875 952 964 1009 tot
1005 946 1221 1010 hostes
1264 947 1472 1009 subito
1517 949 1724 1009 exorti.
1747 964 1945 1026 prope
1981 950 2184 1011 deleto

206 1031 484 1095 exercitu
534 1034 767 1107 forent,
816 1032 985 1092 unde
1033 1037 1202 1092 tanta
1252 1032 1542 1106 audacia,
1593 1038 1764 1093 tanta
1811 1034 2041 1094 fiducia
2088 1035 2186 1096 sui

202 1118 385 1179 victis
416 1132 493 1177 ac
522 1114 769 1192 fugatis,
802 1115 943 1191 quis
973 1115 1312 1191 imperator
1341 1116 1588 1177 duobus
1619 1115 2016 1192 Scipionibus
2047 1134 2186 1180 cae-

204 1203 293 1263 sis
323 1200 693 1275 exstitisset,
726 1200 863 1277 quis
892 1199 1111 1261 castris
1145 1206 1498 1275 praeesset,
1531 1201 1671 1275 quis
1703 1201 1949 1277 signum
1978 1203 2184 1264 dedis·
2291 1212 2298 1219 ·

202 1292 300 1347 set
325 1300 579 1361 pugnae
604 1316 693 1329 —-
718 1284 798 1344 ad
826 1284 983 1345 haec
1010 1291 1101 1345 tot
1130 1292 1251 1345 tam
1279 1284 1651 1361 necopinata
1679 1285 1877 1361 primo
1912 1286 2177 1353 omnium

203 1370 421 1431 incerti
452 1375 899 1447 stupentesque
925 1369 1202 1431 referunt
1230 1369 1484 1445 pedem,
1518 1368 1659 1429 dein
1694 1370 1897 1431 valida
1925 1370 2178 1447 impres-

203 1454 383 1517 sione
416 1453 580 1529 pulsi
610 1460 783 1528 terga
808 1458 1071 1514 vertunt.
1130 1460 1191 1513 et
1221 1459 1327 1514 aut
1355 1453 1711 1528 fugientium
1741 1454 1968 1515 caedes
1999 1455 2184 1515 foeda

202 1538 425 1599 fuisset
465 1543 571 1599 aut
610 1536 969 1598 temerarius
1012 1538 1530 1613 periculosusque
1571 1538 1960 1613 sequentium
1989 1538 2178 1616 impe-

204 1630 333 1697 tuS,
381 1622 446 1681 ni
484 1620 755 1682 Marcius
797 1636 1070 1697 propere
1109 1621 1387 1696 receptui
1433 1619 1712 1683 dedisset
1753 1623 2027 1698 signum,
2073 1624 2180 1684 ob-

200 1707 559 1782 sistensque
601 1706 683 1765 ad
712 1705 909 1781 prima
936 1706 1115 1781 signa
1144 1712 1204 1767 et
1233 1704 1540 1780 quosdam
1567 1705 1706 1779 ipse
1733 1707 2004 1766 retinens
2036 1722 2181 1767 con·

202 1791 447 1851 citatam
487 1789 899 1865 repressisset
938 1790 1153 1851 aciem.
1228 1788 1373 1849 inde
1402 1788 1464 1847 in
1496 1794 1700 1849 castra
1727 1789 1945 1851 avidos
1975 1790 2178 1853 adhuc

202 1873 545 1950 caedisque
588 1880 650 1933 et
678 1874 995 1949 sanguinis
1027 1874 1290 1934 reduxit.
1366 1872 1904 1948 Carthaginienses
1932 1874 2168 1950 trepide

202 1960 401 2033 primo
444 1958 523 2017 ab
566 1958 833 2019 hostium
872 1958 1037 2020 vallo
1080 1958 1196 2019 acti
1240 1964 1574 2033 postquam
1601 1958 1905 2019 neminem
1933 1958 2178 2034 insequi

203 2042 521 2115 viderunt,
566 2051 729 2103 metu
758 2041 1113 2103 substitisse
1140 2042 1286 2116 rati,
1319 2042 1716 2118 contemptim
1742 2058 1960 2103 rursus
1991 2048 2051 2103 et
2079 2058 2174 2103 se-

202 2126 350 2188 dato
382 2126 579 2203 gradu
608 2126 669 2187 in
701 2132 906 2185 castra
936 2126 1179 2187 abeunt.
1389 2201 1394 2204 ⁵

371 2210 492 2271 Par
518 2210 903 2285 neglegentia
929 2210 991 2270 in
1014 2208 1234 2271 castris
1266 2210 1689 2271 custodiendis
1719 2209 1854 2272 suite
1901 2226 2042 2271 nam
2064 2217 2178 2271 etsi

202 2295 597 2370 propinquus
629 2293 824 2355 hostis
854 2300 1001 2368 erat,
1031 2299 1234 2355 tamen
1262 2294 1558 2369 reliquias
1587 2308 1726 2355 eum
1749 2308 1896 2355 esse
1917 2294 2178 2355 duorum

201 2378 583 2439 exercituum
626 2384 767 2437 ante
810 2394 1046 2453 paucos
1091 2378 1227 2439 dies
1270 2377 1606 2439 deletorum
1637 2378 2053 2439 succurrebat.
2099 2377 2179 2439 ob

202 2464 321 2522 hoc
366 2478 507 2522 cum
551 2462 755 2523 omnia
796 2464 1079 2539 neglecta
1105 2461 1275 2536 apud
1307 2460 1522 2521 hostes
1553 2468 1796 2535 essent,
1838 2462 2174 2536 exploratis

200 2547 277 2607 iis
304 2544 578 2607 Marcius
623 2546 702 2607 ad
733 2546 1053 2607 consilium
1097 2544 1298 2621 prima
1325 2544 1538 2619 specie
1565 2544 1950 2605 temerarium
1980 2546 2175 2620 magis

202 2645 389 2706 quam
425 2631 631 2692 audax
665 2630 931 2691 animum
961 2628 1211 2704 adiecit,
1252 2634 1318 2689 ut
1347 2629 1504 2689 ultro
1537 2633 1741 2689 castra
1767 2627 2036 2691 hostium
2067 2644 2176 2704 op·

202 2720 523 2790 pugnaret,
555 2713 792 2775 facilius
822 2729 969 2775 esse
995 2721 1164 2775 ratus
1194 2711 1376 2773 unius
1397 2711 1804 2773 Hasdrubalis
1835 2712 2179 2789 expugnari

202 2804 411 2861 castra
453 2814 639 2874 quam
652 2844 668 2873 ‚
718 2799 773 2859 si
815 2814 885 2859 se
926 2812 1145 2859 rursus
1190 2804 1315 2857 tres
1357 2795 1668 2857 exercitus
1710 2811 1782 2857 ac
1823 2802 1950 2857 tres
1981 2797 2174 2857 duces

199 2882 581 2955 iunxissent,
626 2897 739 2942 sua
781 2882 1061 2953 defendi3
1118 2882 1297 2943 simul
1325 2887 1459 2954 aut,
1503 2879 1557 2939 si
1588 2880 2004 2942 successisset
2033 2896 2175 2943 coe·

202 2967 355 3043 ptiS,
405 2970 795 3041 recepturum
838 2982 909 3027 se
950 2964 1231 3026 adflictas
1273 2979 1407 3039 reS,
1451 2970 1583 3039 aut,
1627 2963 1683 3025 si
1726 2966 1944 3039 pulsus
1987 2972 2172 3039 esset,

200 3057 405 3112 tamen
444 3050 605 3111 ultro
646 3050 965 3111 inferendo
997 3064 1169 3109 arma
1196 3054 1614 3123 contemptum
1641 3048 1739 3109 sui
1768 3050 2172 3125 dempturum.

198 3133 525 3197 XXXVIII.
583 3148 662 3194 ne
702 3140 903 3195 tamen
946 3132 1151 3195 subita
1175 3148 1280 3193 res
1313 3137 1374 3192 et
1401 3139 1738 3195 nocturnus
1769 3139 1966 3193 terror
1994 3132 2172 3193 etiam

200 3233 325 3280 non
352 3234 507 3281 suae
532 3218 812 3281 fortunae
834 3216 1157 3279 consilium
1182 3215 1583 3293 perturbaret,
1614 3214 2044 3291 adloquendos
2065 3216 2172 3275 ad-

200 3301 671 3380 hortandosque
699 3301 816 3363 sibi
846 3301 1065 3362 milites
1092 3307 1264 3362 ratus
1295 3300 1582 3362 contione
1610 3298 1914 3360 advocata
1941 3298 2025 3359 ita
2045 3297 2170 3359 dis-

202 3388 410 3451 seruit.
455 3388 595 3464 „vel
623 3401 763 3447 mea
790 3401 939 3462 erga
960 3386 1366 3461 imperatores
1391 3389 1640 3445 nostros
1659 3381 1839 3443 vivos
1864 3390 2168 3445 mortuos-

201 3484 321 3553 que
342 3470 563 3549 pietas,
592 3472 692 3532 vel
714 3484 1017 3547 praesens
1041 3467 1310 3531 omnium
1331 3474 1626 3542 nostrum,
1657 3466 1894 3542 milites,
1925 3467 2170 3529 fortuna
