2550 3959
389 225 510 291 128
676 224 907 285 Lmen
934 223 1147 283 xxvl.
1194 220 1362 283 cap.
1393 228 1480 283 23.
1514 230 1601 281 24.
1647 220 1721 297 [a.
1751 222 2046 299 ααωι]

388 377 717 441 auctoritas
768 376 928 437 fecit.
1030 374 1239 435 ΧΧΠΙ.
1304 370 1617 433 Praetoria
1656 371 1802 431 inde
1839 370 2084 434 comitia
2122 370 2334 433 habita

390 458 453 523 Ρ.
479 459 744 525 Manlius
768 460 966 523 Vulso
1010 465 1077 518 et
1107 458 1173 515 L.
1202 456 1466 517 Manlius
1493 454 1792 517 Acidinus
1835 462 1897 515 et
1938 453 2001 513 C.
2029 454 2350 516 Laetorius

386 554 451 607 et
474 547 543 607 L.
573 545 813 606 Cincius
842 544 1184 604 Alimentus
1227 540 1415 601 creati
1455 546 1616 601 sunt.
1681 540 1838 601 forte
1877 538 1965 599 ita.
2000 536 2242 612 incidit,
2284 547 2352 601 ut
2371 539 2388 543 “

389 630 647 693 comitiis
662 628 951 705 perfectis
972 625 1362 696 nuntiaretur,
1384 626 1449 683 T.
1469 622 1810 699 Otacilium,
1830 637 2012 699 quem
2023 621 2087 681 T.
2102 621 2349 699 Manlio,

392 714 509 778 nisi
538 711 957 787 interpellatus
988 710 1140 770 ordo
1167 707 1552 769 comitiorum
1581 715 1766 781 esset,
1799 708 2098 781 collegam
2126 706 2351 767 absen-

391 805 511 859 tem
540 797 791 857 daturus
822 795 1017 855 fuisse
1042 791 1368 853 videbatur
1394 791 1682 867 populus,
1719 797 2022 851 mortuum
2049 790 2112 851 in
2143 789 2354 850 Sicilia

390 896 552 943 esse.
612 879 740 941 ludi
766 877 1155 954 Apollinares
1186 882 1246 936 et
1274 876 1481 951 priore
1511 890 1670 937 anno
1703 872 1956 950 fuerant,
1989 880 2050 935 et
2077 889 2152 935 eo
2183 890 2349 933 anno

392 972 461 1027 ut
485 965 703 1025 fierent
728 963 1029 1023 referente
1058 960 1382 1035 Calpurnio
1415 966 1726 1035 praetore,
1771 965 2020 1021 senatus
2057 957 2350 1033 decrevit,

390 1057 457 1111 ut
493 1048 555 1109 in
596 1054 955 1124 perpetuum
989 1050 1376 1107 voverentur.
1455 1044 1674 1105 eodem
1713 1058 1874 1103 anno
1917 1042 2202 1117 prodigia
2241 1042 2352 1101 ali-

393 1139 541 1211 quot
567 1132 703 1193 visa
730 1131 1123 1205 nuntiataque
1151 1134 1309 1189 sunt.
1374 1128 1435 1188 in
1465 1126 1620 1189 aede
1651 1126 2029 1190 Concordiae
2057 1124 2349 1199 Victoria,

393 1232 553 1293 quae
581 1217 643 1277 in
673 1215 931 1277 culmine
970 1222 1127 1287 erat,
1168 1210 1420 1273 fulmine
1445 1210 1566 1273 icta
1606 1212 2000 1285 decussaque
2029 1209 2111 1270 ad
2142 1210 2353 1271 Victo-

392 1303 545 1377 rias,
592 1316 751 1376 quae
780 1300 838 1359 in
871 1298 1155 1361 antefixis
1195 1302 1398 1371 erant,
1440 1294 1640 1357 haesit
1668 1310 1870 1371 neque
1899 1294 2042 1355 inde
2069 1294 2352 1371 procidit.

395 1391 455 1446 et
482 1384 763 1459 Anagnia
804 1392 863 1445 et
887 1381 1181 1458 Fregellis
1226 1380 1561 1443 nuntiatum
1605 1384 1701 1441 est
1739 1395 1974 1439 murum
2015 1386 2354 1454 portasque

397 1470 475 1529 de
504 1468 675 1527 caelo
705 1474 926 1541 tactas,
970 1466 1116 1525 etin
1148 1465 1282 1525 sero
1312 1462 1654 1525 Subertano
1697 1463 2018 1539 sanguinis
2039 1462 2210 1523 rivos
2239 1477 2354 1537 per

396 1553 557 1613 diem
585 1557 773 1612 totum
802 1548 1079 1623 fluxisse,
1125 1557 1187 1609 et
1204 1547 1368 1609 Ereti
1397 1546 1706 1622 lapidibus
1738 1546 2033 1623 pluvisse,
2075 1554 2139 1606 et
2161 1546 2356 1607 Reate

398 1635 619 1697 mulam
641 1633 983 1711 peperisse.
1020 1648 1095 1693 ea
1124 1632 1408 1707 prodigia
1429 1630 1650 1693 hostiis
1672 1630 2012 1691 maioribus
2041 1636 2182 1689 sunt
2209 1646 2354 1705 pro—

400 1726 634 1795 curata,
690 1726 749 1780 et
804 1717 1146 1779 obsecratio
1186 1716 1249 1777 in
1305 1732 1493 1783 unum
1536 1714 1696 1776 diem
1739 1715 1972 1790 populo
2028 1713 2257 1775 indicta
2297 1718 2360 1774 et

399 1802 783 1865 novemdiale
822 1816 1082 1863 sacrum.
1146 1800 1503 1861 sacerdotes
1545 1798 1773 1875 publici
1813 1797 2046 1872 aliquot
2073 1813 2150 1859 eo
2191 1813 2355 1857 anno

400 1885 695 1949 demortui
747 1892 917 1959 sunt,
973 1884 1242 1959 novique
1298 1882 1567 1943 suffectiz
1628 1882 1687 1943 in
1730 1883 1933 1943 locum
1973 1882 2072 1941 Μ’.
2115 1880 2360 1942 Aemilii

397 1970 691 2031 Numidae
732 1968 1061 2031 decemviri
1118 1982 1437 2029 sacrorum
1476 1966 1557 2027 M.
1595 1966 1893 2027 Aemilius
1933 1964 2235 2042 Lepidus,
2294 1964 2358 2025 in

400 2054 599 2115 locum
626 2053 727 2113 Μ’.
756 2052 1075 2128 Pomponii
1103 2050 1412 2112 Mathonis
1452 2050 1758 2125 pontificis
1791 2049 1852 2111 C.
1884 2049 2125 2121 Livius,
2170 2048 2232 2107 in
2269 2048 2360 2107 lo-

400 2154 537 2197 cum
578 2135 687 2212 Sp.
729 2136 967 2197 Carvilii
1004 2135 1251 2195 Maximi
1296 2134 1547 2209 auguris
1590 2132 1673 2193 M.
1716 2133 2031 2195 Servilius.
2105 2132 2171 2192 T.
2217 2130 2357 2191 Ota·

400 2221 574 2283 cilius
616 2220 879 2281 Crassus
926 2219 1199 2296 pontifex
1242 2218 1392 2295 quia
1429 2224 1646 2279 exacto
1689 2232 1849 2279 anno
1889 2223 2166 2277 mortuus
2209 2222 2360 2288 erat,

401 2305 541 2365 ideo
598 2303 927 2365 nominatio
984 2304 1045 2363 in
1087 2304 1288 2364 locum
1339 2302 1472 2363 eius
1515 2316 1640 2362 non
1679 2308 1782 2363 est.
1827 2303 2005 2363 sacta.
2091 2300 2157 2361 C.
2184 2300 2363 2360 Clau-

400 2389 539 2449 dius
580 2386 805 2449 flamen
832 2388 1054 2463 Dialis,
1102 2387 1269 2462 quod
1310 2392 1452 2447 exta
1479 2400 1803 2462 perperam
1833 2386 2117 2459 dederat,
2163 2382 2362 2445 flami·

400 2472 501 2533 nio
532 2472 695 2533 abiit.

568 2556 782 2617 XXIV.
824 2554 940 2617 Per
966 2555 1127 2625 idem
1156 2561 1402 2631 tempus
1427 2552 1510 2613 M.
1539 2552 1824 2613 Valerius
1851 2552 2179 2627 Laevinus,
2208 2558 2361 2613 tem-

401 2638 586 2715 ptatis
624 2640 795 2716 prius
838 2654 951 2714 per
991 2646 1228 2699 secreta
1260 2634 1577 2712 colloquia
1599 2637 1942 2713 principum
1985 2636 2235 2711 animiS,
2281 2636 2368 2697 ad

401 2723 695 2784 indictum
720 2729 859 2783 ante
882 2722 962 2783 ad
990 2721 1054 2781 id
1084 2720 1290 2796 ipsum
1318 2720 1636 2781 eonsilium
1651 2721 2006 2782 Aetolorum
2027 2722 2233 2781 classe
2255 2736 2364 2781 ex-

404 2806 613 2882 pedita
651 2806 833 2867 venit.
900 2805 1003 2864 ubi
1046 2820 1183 2865 cum
1212 2802 1559 2881 Syracusas
1591 2805 1986 2881 Capuamque
2028 2811 2268 2880 captam
2301 2805 2364 2865 in

402 2890 587 2949 fidem
626 2889 687 2949 in
716 2888 887 2949 Italia
915 2886 1246 2964 Siciliaque
1287 2904 1491 2949 rerum
1521 2889 1929 2951 secundarum
1972 2895 2365 2963 ostentasset,

403 2972 855 3048 adiecissetque
894 2970 1016 3031 iam
1052 2972 1197 3033 inde
1236 2986 1277 3031 a
1302 2972 1638 3034 maioribus
1663 2974 1946 3036 traditum
1979 2988 2213 3035 morem
2238 2973 2365 3035 Ro-

404 3054 599 3117 manis
647 3053 889 3116 colendi
930 3055 1139 3118 socios
1182 3070 1261 3115 ex
1294 3055 1516 3131 quibus
1555 3057 1712 3119 alios
1742 3057 1804 3117 in
1835 3056 2140 3120 civitatem
2175 3064 2368 3134 atque

403 3154 669 3213 aequum
698 3154 909 3199 secum
936 3140 1032 3201 ius
1061 3138 1479 3215 accepissent,
1521 3141 1678 3203 alios
1707 3139 1770 3200 in
1799 3156 1877 3203 ea
1904 3143 2152 3203 fortuna
2174 3142 2372 3203 habe-

405 3231 566 3298 rent,
626 3230 692 3285 ut
728 3222 882 3287 socii
922 3238 1067 3284 esse
1110 3240 1296 3299 quam.
1335 3224 1508 3285 cives
1549 3225 1824 3285 mallenta
1883 3225 2140 3287 Aetolos
2181 3241 2257 3287 eo
2303 3226 2370 3285 in

408 3306 638 3369 maiore
666 3309 901 3371 tuturos
928 3307 1195 3383 honere,
1242 3307 1408 3382 quod
1439 3308 1706 3384 gentium
1733 3310 2274 3371 transmarinarum
2303 3310 2370 3371 in

406 3388 728 3453 amicitiam
770 3390 948 3468 primi
991 3390 1336 3453 venissent=
1377 3390 1722 3468 Philippum
1765 3393 1856 3455 eis
1901 3401 1962 3455 et
1987 3394 2372 3455 Macedonas

405 3488 626 3551 graves
670 3477 917 3539 accolas
964 3491 1137 3553 esse,
1182 3490 1442 3553 quorum
1483 3490 1556 3537 se
1592 3476 1718 3537 vim
1764 3492 1837 3537 ac
1867 3476 2115 3554 spiritus
2145 3483 2208 3539 et
2246 3478 2372 3539 iam
