2550 3959
342 194 467 257 aas
696 194 1136 255 LfflERxxx
1184 193 1348 253 cAP
1381 201 1431 257 7.
1455 202 1508 255 a
1555 194 1626 272 [a.
1655 198 1774 253 υο.
1798 195 1923 271 549]

340 355 401 407 et
442 346 647 422 ipsum
686 354 1066 421 reparantem
1111 345 1364 417 bellum,
1411 352 1548 407 cum
1579 360 1738 405 uxor
1765 360 1889 405 non
1917 343 2038 405 iam
2065 352 2132 407 ut
2159 352 2303 407 ante

341 430 682 503 blanditiiS,
724 431 873 491 satis
904 430 1255 505 potentibus
1288 430 1369 489 ad
1397 416 1663 489 animum
1691 430 1983 504 amantiS,
2015 430 2130 492 sed
2157 444 2296 505 pre-

340 516 515 575 cibus
568 520 628 575 et
676 514 1096 575 misericordia
1146 513 1468 585 valuisset,
1526 514 1710 587 plena
1757 474 2140 575 lacrimat-'mn
2187 512 2297 573 ob-

342 605 592 667 testans,
642 614 719 657 ne
752 606 985 672 patrem
1012 614 1192 661 suum
1224 598 1607 673 patriamque
1637 598 1944 672 proderet,
1975 597 2301 672 isdemque

340 682 603 747 flammis
634 681 1085 756 Carthaginem,
1128 682 1353 756 quibus
1397 688 1600 741 castra
1628 680 2146 755 conflagrassent,
2190 682 2298 741 ab·

339 768 498 828 sumi
541 767 783 827 sineret.
856 781 1033 840 spem
1076 782 1328 841 quoque
1369 773 1718 839 opportune
1761 764 2030 828 oblatam
2060 766 2298 825 adfere—

340 850 487 909 bant
539 850 753 923 legatiz
826 856 1110 925 quattuor
1164 850 1327 911 milia
1377 848 1814 910 Celtiberorum
1871 849 2040 909 circa
2084 848 2300 909 urbem

342 934 585 993 nomine
617 932 879 1007 Obbam,
928 932 1004 993 ab
1036 934 1558 1008 conquisitoribus
1585 933 1720 994 suis
1763 934 2068 995 conducta
2105 933 2165 991 in
2195 933 2298 991 Hi·

340 1018 573 1091 spania,
592 1017 875 1091 egregiae
906 1017 1232 1080 iuventutis
1262 1018 1379 1077 sibi
1403 1018 1766 1089 occurrisse,
1781 1016 2301 1078 etHasdrubalem

339 1102 695 1176 propediem
725 1102 939 1161 adfore
970 1118 1106 1161 cum
1127 1118 1311 1163 manu
1337 1102 1814 1176 haudquaquam
1835 1100 2300 1163 contemnenda.

339 1186 517 1258 igitur
560 1203 677 1245 non
727 1186 989 1259 benigne
1026 1186 1213 1247 modo
1244 1187 1338 1259 le
1307 1186 1460 1245 atis
1488 1184 1840 1259 respondit,
1887 1185 2002 1245 sed
2030 1182 2302 1245 ostendit

340 1270 519 1329 etiam
567 1269 1009 1331 multitudinem
1060 1270 1391 1343 agrestium
1431 1269 1858 1340 Numidarum,
1913 1267 2140 1365 quibus
2191 1282 2304 1342 per

339 1354 591 1414 eosdem
636 1354 770 1413 dies
814 1369 984 1413 arma
1024 1368 1350 1427 equosque
1381 1353 1684 1427 dedisset,
1729 1360 1792 1413 et
1817 1367 2060 1412 omnem
2088 1354 2302 1412 iuven·

335 1444 522 1501 tutem
564 1438 843 1497 adfirmat
871 1453 951 1496 ex
977 1452 1171 1511 regno
1200 1436 1557 1497 exciturum.
1601 1437 1790 1497 scire
1817 1436 2134 1510 incendio,
2177 1452 2302 1497 non

338 1522 573 1595 proelio
608 1522 845 1581 cladem
874 1528 1219 1595 acceptam=
1259 1538 1398 1581 eum
1430 1521 1592 1581 bello
1619 1520 1970 1581 inferiorem
1999 1536 2160 1591 esse,
2195 1518 2300 1594 qui

338 1604 523 1663 armis
556 1604 853 1665 vincatur.
914 1604 1068 1665 haec
1098 1605 1314 1679 legatis
1345 1621 1680 1679 responsaz
1723 1611 1786 1663 et
1810 1610 1956 1679 post
1983 1605 2126 1664 dies
2147 1619 2300 1678 pau-

339 1704 451 1749 cos
498 1704 715 1749 rursus
766 1688 1116 1749 Hasdrubal
1168 1696 1229 1748 et
1271 1687 1534 1766 Syphax
1585 1688 1800 1764 copias
1851 1688 2192 1749 iunxerunt.
2245 1686 2301 1747 is

340 1774 538 1833 omnis
570 1773 879 1833 exercitus
911 1773 1021 1833 fuit
1048 1773 1292 1846 triginta
1319 1773 1510 1832 ferme
1537 1773 1702 1831 milia
1727 1779 2118 1835 armatorum.

510 1856 665 1915 vm.
712 1855 1094 1930 Scipionem,
1135 1858 1302 1918 velut
1341 1857 1461 1915 iam
1501 1855 1834 1928 debellato,
1879 1855 2048 1930 quod
2074 1856 2156 1915 ad
2184 1853 2301 1931 Sy-

342 1939 601 2014 phacem
632 1938 1294 2016 Carthaginiensesque
1335 1940 1643 2013 attineret,
1685 1940 1898 2001 Uticae
1937 1954 2302 2014 oppugnan-

342 2024 459 2083 dae
490 2024 798 2096 intentum,
830 2025 1075 2098 iamque
1104 2024 1418 2084 machinas
1448 2024 1878 2083 admoventem
1905 2022 2096 2083 muris
2129 2038 2302 2083 aver

340 2107 407 2166 tit
440 2108 603 2167 sama
627 2107 1019 2180 redintegrati
1054 2108 1233 2177 benig
1272 2107 1662 2195 modicisque
1689 2107 2018 2183 praesidiis
2045 2108 2126 2166 ad
2157 2122 2302 2181 spe·

338 2191 493 2251 ciem
543 2190 727 2251 modo
784 2190 1123 2253 obsidionis
1177 2198 1338 2251 terra
1389 2191 1667 2267 marique
1705 2192 1934 2251 relictis
1983 2190 2124 2266 ipse
2163 2206 2304 2251 cum

336 2275 563 2335 robore
606 2275 910 2335 exercitus
952 2276 1040 2335 ire
1082 2277 1162 2335 ad
1202 2276 1414 2337 hostes
1457 2277 1668 2351 pergit.
1739 2277 1936 2373 primo
1979 2276 2042 2335 in
2068 2276 2306 2336 tumulo

341 2366 628 2433 quattuor
666 2360 830 2419 milia
875 2362 1061 2419 ferme
1106 2360 1374 2421 distante
1415 2362 1492 2419 ab
1526 2360 1742 2419 eastris
1769 2360 1958 2435 reg-iis
1989 2360 2306 2429 comedin

338 2452 591 2518 postero
623 2444 725 2503 die
754 2460 891 2503 cum
920 2444 1193 2518 equitatu
1212 2446 1275 2505 in
1297 2444 1556 2518 Magnos
1579 2474 1664 2487 —-
1685 2444 1768 2504 ita
1791 2451 2013 2505 vocant
2032 2475 2119 2489 —-
2141 2459 2303 2503 cam·

339 2544 493 2601 poS‚
536 2526 851 2589 subiectos
886 2528 941 2587 ei
972 2530 1232 2595 tumulo,
1276 2530 1614 2602 degressus
1644 2528 2040 2589 succedendo
2071 2528 2151 2587 ad
2181 2535 2303 2588 sta·

340 2612 537 2671 tiones
582 2611 849 2671 hostium
890 2612 1386 2686 lacessendoque
1427 2612 1664 2671 levibus
1711 2612 1964 2687 proeliis
2007 2611 2168 2671 diem
2197 2610 2304 2669 ab·

341 2696 621 2769 sumpsit.
660 2701 723 2753 et
750 2711 863 2769 per
893 2695 1227 2769 insequens
1260 2695 1510 2755 biduum
1537 2696 1929 2757 tumultuosis
1954 2695 2097 2755 hinc
2119 2702 2308 2769 atque

338 2778 501 2839 illinc
530 2779 1001 2840 excursionibus
1033 2780 1095 2838 in
1119 2780 1315 2839 vicem
1343 2780 1485 2839 nihil
1509 2779 1674 2841 dictu
1695 2781 1846 2840 satis
1871 2780 2120 2855 dignum
2143 2780 2304 2839 ree&

338 2871 511 2924 runtz
558 2869 775 2937 quarto
819 2863 919 2923 die
957 2864 1019 2922 in
1050 2863 1243 2923 aciem
1279 2864 1581 2938 utrimque
1610 2864 1985 2923 descensum
2013 2870 2124 2923 est.
2180 2864 2304 2923 Ro·

338 2962 555 3007 manus
580 2948 891 3021 principes
916 2953 1062 3020 post
1082 2946 1460 3007 hastatorum
1490 2947 1684 3023 prima
1703 2948 1900 3022 signa,
1923 2948 1982 3007 in
2007 2946 2310 3007 subsidiis

342 3030 583 3091 triarios
628 3030 973 3099 constituit3
1030 3030 1366 3105 equitatum
1395 3032 1668 3093 Italicum
1707 3032 1786 3091 ab
1830 3032 2048 3091 dextro
2093 3046 2308 3104 cornu,

342 3114 419 3175 ab
450 3116 628 3175 laevo
642 3114 935 3174 Numidas
958 3114 1476 3189 Masinissamque
1503 3115 1818 3191 opposuit.
1863 3114 2126 3193 Syphax
2148 3112 2304 3174 Has·—

342 3198 685 3273 drubalque
724 3198 1056 3259 Numidicis
1099 3198 1404 3259 adversus
1444 3200 1716 3259 Italicum
1752 3200 2117 3274 equitatum,
2163 3198 2307 3257 Car-

342 3282 813 3356 thaginiensium
854 3290 1068 3343 contra
1092 3283 1496 3343 Masinissam·
1526 3284 1772 3357 locatiS,
1815 3283 2151 3343 Celtiberos
2180 3297 2307 3341 me—

342 3366 507 3425 diam
564 3366 756 3427 aciem
804 3366 865 3425 in
917 3368 1183 3427 adversa
1239 3367 1418 3441 signa
1473 3368 1782 3441 legionum
1839 3382 2162 3442 accepere.
2223 3366 2310 3425 ita

340 3449 619 3511 instructi
650 3458 1036 3512 concurrunt.
1090 3451 1291 3527 primo
1319 3452 1550 3528 impetu
1579 3451 1758 3511 simul
1788 3458 2048 3527 utraque
2079 3462 2312 3511 cornua
