2550 3959
345 217 469 281 286
677 216 905 280 LIBER
931 216 1141 277 XXIX.
1185 214 1351 274 CAP.
1381 222 1434 277 6.
1465 222 1519 278 7.
1564 222 1638 289 [a.
1670 220 1737 272 U.
1770 238 1798 273 e
1847 220 1974 281 5411

346 370 446 449 plo
478 370 553 430 iis
581 369 1000 445 remissisque,
1032 384 1169 429 curn
1198 368 1476 429 ordinem
1503 368 1780 444 agendae
1801 370 1890 429 rei
1921 372 2300 446 composuis-

344 462 481 515 sent
502 454 821 530 signaque,
854 469 1014 530 quae
1036 453 1250 529 procul
1282 452 1446 513 edita
1475 453 1896 527 observarent,
1927 453 2046 530 ipsi
2077 454 2158 513 ad
2175 455 2309 514 Sci-

346 541 589 615 pionem
638 536 983 615 Syracusas
1036 536 1324 613 profecti,
1380 538 1549 613 apud
1598 552 1780 614 quem
1827 552 1972 612 pars
2023 539 2308 599 exsulum

344 627 499 692 erat,
537 622 871 681 referentes
902 620 983 680 ibi
1012 620 1322 696 promissa
1351 621 1729 697 captivorum
1760 636 1936 696 spem
1965 620 2042 680 ab
2085 620 2309 684 effectu

346 706 509 765 haud
536 704 962 765 abhorrentem
994 704 1231 765 consuli
1261 704 1589 780 fecissent,
1631 704 1854 765 tribuni
1884 704 2134 765 militum
2169 722 2308 767 cum

341 790 417 849 iis
440 788 519 847 Μ.
544 787 797 864 Sergius
828 795 891 850 et
906 788 972 847 P.
994 788 1298 850 Matienus
1329 789 1518 864 missi,
1563 788 1844 864 iussique
1869 789 1948 849 ab
1970 789 2163 863 Regio
2193 791 2303 852 tria

342 872 505 932 milia
544 872 795 931 militum
820 873 1055 934 Locros
1098 874 1356 943 ducere;
1401 880 1462 933 et
1492 874 1558 947 Q.
1585 871 1876 933 Pleminio
1921 876 2306 949 propraetori

343 957 653 1031 scripturn,
683 963 751 1017 ut
776 956 865 1016 rei
894 957 1169 1032 agendae
1198 957 1467 1018 adesset.
1533 956 1790 1033 profecti
1819 957 1897 1017 ab
1927 956 2140 1033 Regi0‚
2171 973 2304 1016 sca-

342 1044 433 1101 las
462 1040 543 1099 ad
573 1039 797 1100 editam
837 1040 1213 1102 altitudinem
1240 1040 1402 1101 arcis
1433 1039 1758 1101 fabricatas
1788 1048 2102 1117 portantes
2119 1085 2136 1114 ,
2180 1058 2305 1101 me-

340 1124 445 1183 dia
473 1125 661 1184 terme
686 1129 867 1185 nocte
896 1140 975 1187 ex
1003 1139 1079 1185 eo
1109 1125 1266 1197 loco,
1311 1124 1477 1187 unde
1505 1130 1890 1198 convenerat,
1930 1124 2169 1200 signum
2198 1126 2294 1185 de¹

344 1208 489 1271 dere
511 1208 925 1283 proditoribus
950 1208 1143 1278 arcis3
1176 1208 1282 1284 qui
1305 1208 1500 1285 parati
1521 1208 1855 1284 intentique
1877 1213 1937 1268 et
1958 1206 2080 1284 ipsi
2103 1212 2308 1269 scalas

343 1294 421 1351 ad
459 1292 525 1351 id
568 1292 791 1368 ipsum„
812 1293 1007 1353 factas
1050 1308 1189 1354 cum
1230 1292 1652 1364 demisissent,
1699 1292 2100 1369 pluribusque
2127 1292 2307 1355 simul

346 1375 495 1435 locis
526 1376 897 1437 scandentes
926 1376 1330 1453 accepissent,
1365 1376 1720 1453 priusquam
1749 1376 1980 1437 clamor
2011 1384 2304 1451 oreretur,

342 1461 398 1519 in
431 1460 649 1534 vigiles
676 1460 1051 1536 Poenorum,
1094 1461 1247 1520 utin
1277 1462 1443 1523 nullo
1474 1461 1577 1521 tali
1607 1465 1772 1522 metu
1799 1459 2070 1536 sopitos,
2116 1460 2306 1537 impe-

342 1550 439 1603 tus
467 1548 563 1603 est
592 1543 810 1605 factus.
872 1559 1129 1619 quorum
1159 1544 1419 1619 gemitus
1465 1544 1661 1621 primo
1691 1544 2075 1605 morientium
2116 1560 2304 1605 exau-

342 1627 533 1699 ditus3
564 1626 707 1687 dein
731 1626 935 1689 subita
955 1628 1368 1689 consternatio
1396 1643 1477 1689 ex
1499 1644 1716 1689 somno
1749 1634 1808 1689 et
1827 1629 2135 1703 tumultus,
2165 1644 2302 1689 cum

346 1726 533 1771 causa
559 1710 970 1787 ignoraretur;
1005 1718 1319 1789 postremo
1349 1713 1574 1773 certior
1595 1727 1699 1773 res
1729 1712 1866 1773 aliis
1897 1711 2304 1773 excitantibus

342 1796 515 1855 alios.
562 1796 807 1870 iamque
835 1796 917 1857 ad
944 1812 1113 1857 arma
1142 1813 1254 1873 pro
1287 1812 1358 1856 se
1388 1797 1652 1872 quisque
1677 1795 1969 1857 vocabatae
1999 1795 2210 1857 hostes
2243 1796 2302 1856 in

342 1894 489 1961 arce
512 1895 655 1940 esse
685 1887 743 1940 et
772 1880 949 1941 caedi
980 1881 1227 1957 vigiles,
1259 1881 1674 1958 oppressique
1701 1880 2170 1941 sorentRomani
2197 1894 2302 1941 ne-

346 1979 650 2038 quaquam
680 1980 929 2025 numero
961 1980 1163 2041 pareS,
1204 1966 1263 2023 ni
1295 1967 1525 2025 clamor
1555 1964 1632 2023 ab
1663 1963 1736 2025 iis
1767 1964 1873 2040 qui
1903 1969 2075 2024 extra
2101 1978 2303 2023 arcem

244 2047 247 2049 ’
343 2054 515 2105 erant
543 2047 817 2107 sublatus
848 2048 1157 2123 incertum,
1197 2050 1364 2108 unde
1390 2047 1735 2123 accidisset,
1775 2047 1981 2109 omnia
2011 2062 2174 2107 vana
2197 2062 2304 2107 au-

344 2136 521 2204 gente
552 2137 853 2193 nocturno
880 2133 1168 2206 tumultu,
1214 2132 1481 2193 fecisset.
1547 2131 1753 2207 itaque
1777 2134 1946 2195 velut
1973 2133 2158 2208 plena
2181 2130 2303 2191 iam

344 2213 605 2275 hostium
634 2228 776 2274 arce
798 2215 987 2275 territi
999 2215 1187 2277 Poeni
1216 2216 1450 2277 omisso
1481 2216 1809 2277 certamine
1836 2217 1897 2277 in
1928 2217 2178 2276 alteram
2207 2232 2301 2275 ar-

342 2312 475 2357 cem
501 2330 587 2341 -—
611 2299 772 2358 duae
798 2307 941 2360 sunt
968 2299 1135 2361 haud
1161 2301 1416 2362 multum
1444 2301 1598 2361 inter
1622 2316 1697 2361 se
1727 2300 2023 2361 distantes
2043 2330 2130 2343 --
2157 2314 2302 2359 con·

344 2381 593 2457 fugiunt.
660 2383 952 2460 oppidani
992 2383 1206 2445 urbem
1243 2383 1552 2445 habebant
1589 2383 1922 2445 victoribus
1967 2383 2302 2460 praemium

341 2466 400 2527 in
440 2466 641 2527 medio
686 2468 968 2543 positam.
1048 2484 1128 2528 cx
1168 2468 1411 2528 arcibus
1455 2466 1694 2529 duabus
1739 2467 1988 2544 proeliis
2033 2466 2304 2543 quotidie

342 2551 579 2611 levibus
622 2551 980 2612 certabatur.
1050 2552 1118 2625 Q.
1148 2551 1490 2613 Pleminius
1502 2553 1812 2628 Romano,
1856 2551 2164 2613 Hamilcar
2189 2550 2296 2611 Pu-

342 2635 479 2695 nico
512 2634 823 2710 praesidio
854 2642 1167 2712 praeerat3
1215 2644 1604 2697 arcessentes
1643 2652 1726 2697 ex
1753 2636 2118 2713 propinquis
2148 2634 2302 2695 locis

340 2717 617 2777 subsidia
644 2720 861 2795 copias
890 2720 1212 2795 augebant.
1255 2720 1393 2796 ipse
1425 2727 1736 2796 postremo
1765 2718 2050 2781 veniebat
2075 2718 2303 2779 Hanni-

339 2802 468 2861 bala
498 2818 615 2863 nec
644 2802 1081 2865 sustinuissent
1092 2803 1369 2879 Romani,
1401 2803 1930 2867 nisiLocrensium
1959 2802 2302 2875 multitudo,

288 2898 292 2902 ’
340 2887 709 2947 exacerbata
736 2887 1028 2963 snperbia
1056 2894 1241 2962 atque
1268 2888 1526 2950 avaritia
1551 2887 1892 2950 Poenorum
1910 2933 1925 2961 ‚
1972 2888 2051 2947 ad
2083 2890 2302 2949 Roma-

339 2984 456 3029 nos
488 2970 861 3031 inclinasset.

272 3116 291 3133 ‚
506 3054 638 3113 VH.
689 3054 961 3130 Scipioni
1004 3062 1070 3116 ut
1108 3056 1448 3122 nuntiatum
1477 3066 1574 3118 est
1601 3057 1660 3117 in
1691 3056 1924 3116 maiore
1953 3054 2305 3115 discrimine

338 3137 551 3199 Locris
591 3154 721 3198 rem
772 3140 926 3198 verti
974 3141 1307 3215 ipsumque
1349 3141 1752 3201 Hannibalem
1799 3139 2168 3209 adventare,
2225 3152 2306 3197 ne

340 3222 711 3298 praesidium
753 3224 933 3283 ctiam
976 3223 1416 3300 periclitaretur
1441 3223 1609 3284 haud
1639 3223 1802 3284 facili
1841 3222 1986 3283 inde
2027 3229 2301 3297 receptu,

338 3312 400 3365 et
439 3308 577 3381 ipse
604 3322 643 3366 a
670 3306 963 3368 Messana
989 3308 1057 3367 L.
1090 3306 1382 3384 Scipione
1423 3308 1607 3369 fratre
1637 3307 1698 3367 in
1743 3306 2053 3385 praesidio
2102 3305 2183 3365 ibi
2211 3322 2306 3365 re-

339 3389 499 3460 licto,
534 3404 670 3449 cum
696 3391 953 3463 primum
978 3399 1155 3453 aestu
1172 3392 1390 3452 fretum
1419 3390 1768 3453 inclinatum
1797 3398 1908 3464 est,
1939 3406 2132 3451 naves
2155 3390 2310 3449 mari

340 3473 615 3536 secundo
658 3474 839 3533 misit,
905 3474 1206 3535 Hannibal
1244 3490 1284 3535 a
1309 3473 1527 3537 Buloto
1571 3475 1732 3536 amni
1772 3508 1860 3523 --
1885 3472 2050 3535 haud
2089 3476 2312 3551 procul
