2550 3959
967 241 1352 294 PRAEFATIO.
2049 258 2131 300 xv

155 401 248 463 „iu
281 412 342 449 ce
380 392 533 447 θεαί(
579 408 761 457 servo,
809 394 902 443 sed
940 393 1154 445 fortasse
1186 398 1239 444 in
1273 410 1330 444 se
1363 395 1525 442 inesse
1558 393 1801 458 scriptum
1839 393 1959 452 fuit3
2014 394 2128 445 cdd.

153 470 348 517 inesse.
409 463 462 517 G.
501 461 586 514 20.
622 461 764 527 vulg.
799 478 972 527 vagum
1011 465 1224 529 servavi,
1261 462 1400 526 quod
1434 476 1662 526 vacuum,
1712 463 1829 513 cdd.
1867 464 2129 527 scriptura,

153 550 265 585 non
303 534 430 583 satis
464 538 585 597 apta
614 530 897 585 videbatur.
946 532 1018 583 ib.
1038 532 1214 585 Alsch.
1241 532 1414 581 nescio
1442 546 1503 579 an
1530 532 1574 579 A
1597 538 1799 581 secutus
1837 530 2131 597 „depr-esst*

155 620 263 657 om.
304 618 416 654 voc.
458 597 686 667 „duce-⁴5⁶⁴
723 599 878 650 dedit.
937 601 1075 663 quod
1106 602 1156 651 in
1174 600 1277 650 BD.
1296 600 1497 650 videtur
1522 613 1808 665 superesse.
1866 598 1922 653 G.
1962 598 2050 651 21.
2088 600 2131 649 D

152 674 369 724 onmium
401 672 630 721 ordinum
664 667 834 729 habet,
871 666 1010 733 quod
1045 670 1261 735 servavi,
1299 684 1463 732 neque
1498 670 1627 718 omni
1645 671 1697 719 vt·
1717 668 1957 729 ordinum,
1996 669 2133 731 quod

156 744 213 791 in
242 742 286 791 B
327 747 432 800 est,
475 746 612 789 recte
647 738 746 788 dici
779 739 1082 803 putaverim.
1142 740 1210 791 ib.
1244 738 1416 788 nescio
1454 752 1518 787 an
1554 744 1743 803 „atque
1777 736 2068 802 confestim“
2104 752 2133 787 e

157 811 310 861 BDE.
349 808 696 874 recipiendum
733 806 904 857 fuerit.
968 809 1038 857 ib.
1076 824 1163 863 vv.
1198 815 1248 858 et
1275 807 1336 869 Q.
1359 806 1605 858 caecilius
1623 807 1861 857 Metellus
1894 807 2004 856 sine
2042 806 2133 856 du·

157 881 246 930 bio
285 877 502 929 ctiamin
531 882 573 926 A
601 878 795 927 omissa
821 882 956 928 sunt.
993 874 1050 927 C.
1071 875 1158 926 22.
1189 876 1342 928 Gron.
1366 887 1569 925 secutus
1597 877 1824 942 recipere
1845 876 1983 927 volui
2000 875 2134 941 „ad-

159 950 320 999 ditum
353 948 404 996 et·
433 942 548 1001 et“‚·
601 944 696 993 sed
726 943 964 1007 suspicor
1007 943 1264 1001 ‚additum
1303 944 1490 993 εείιιηι(ι
1538 946 1785 1009 scriptum
1821 944 2013 1005 fuisse.
2058 944 2129 993 ib.

159 1018 320 1083 „item
350 1022 400 1065 et
437 1012 626 1064 Tubulo
661 1009 851 1075 dedi“,
897 1011 966 1066 cf.
1003 1012 1169 1065 Periz.
1207 1014 1274 1063 ad
1308 1012 1362 1061 h.
1396 1012 1429 1061 1.
1505 1010 1559 1061 G.
1596 1010 1685 1063 23.
1736 1013 1980 1077 „Claudio
2014 1028 2130 1063 con-

159 1084 360 1136 sulibus
391 1100 427 1133 a
449 1084 554 1133 P.“
592 1082 765 1131 nescio
803 1094 867 1129 an
893 1082 1046 1129 etiam
1081 1082 1144 1131 ab
1179 1081 1224 1130 A
1257 1081 1441 1130 absint.
1511 1079 1567 1130 G.
1602 1080 1689 1131 24.
1726 1082 1840 1133 cdd.
1870 1098 2014 1147 „cum
2050 1082 2133 1146 qui

161 1161 222 1204 ut
255 1150 449 1216 venit‘ss
483 1152 537 1200 in
579 1166 679 1215 quo
729 1157 778 1199 et
812 1148 972 1199 forma
1019 1150 1224 1199 insolita
1259 1149 1495 1209 offendit,
1534 1158 1583 1199 et
1617 1166 1723 1201 cum
1759 1144 1937 1217 qui‘ad
1971 1152 2132 1215 impe·

162 1225 309 1272 rium
351 1219 563 1269 relatum
607 1218 864 1272 abundare
905 1218 1132 1283 videtur,
1193 1234 1300 1267 cum
1336 1233 1365 1267 e
1398 1220 1815 1283 praecedentibus
1863 1220 2132 1285 repetitum

166 1289 474 1357 putaverim.
539 1289 604 1341 ib.
641 1287 745 1338 AD.
785 1288 1030 1350 acceptis,
1085 1288 1301 1338 correxit
1331 1284 1508 1336 Alsch.
1584 1287 1639 1338 G.
1677 1286 1762 1341 25.
1802 1288 1978 1338 dubito
2011 1302 2133 1336 num

165 1365 309 1409 recte
347 1356 530 1408 habeat
575 1356 964 1421 „tranquilliore
1011 1363 1146 1407 statu
1181 1354 1377 1407 Italia“
1391 1393 1407 1421 ,
1451 1370 1565 1405 cum
1600 1357 1654 1409 in
1697 1358 1743 1406 A
1788 1358 2133 1421 tranquilliore

167 1433 339 1479 status
369 1426 571 1486 Italiae,
621 1426 674 1475 in
708 1424 918 1489 reliquis
952 1426 1106 1475 etiam
1141 1426 1461 1491 tranquillior
1491 1426 1577 1478 sit.
1634 1427 1703 1477 ib.
1738 1428 1783 1477 Α
1814 1426 2061 1491 scriptura
2084 1428 2134 1473 in

166 1496 436 1547 adeheare
471 1501 694 1545 correcta
727 1495 910 1577 scripsi
943 1495 1032 1559 „in
1067 1496 1177 1545 acie
1205 1498 1407 1560 stare“,
1450 1494 1517 1548 cf.
1539 1496 1697 1546 Lectt.
1721 1496 1868 1547 Livv.
1894 1496 1934 1561 Ι,
1966 1510 2019 1561 p.
2050 1492 2129 1544 18.

165 1565 326 1632 paulo
361 1573 478 1615 ante
515 1563 690 1617 Alsch.
728 1563 970 1615 Licinium:
1005 1565 1170 1625 dedit,
1219 1564 1392 1615 nescio
1424 1563 1559 1615 unde
1604 1573 1880 1631 sumptum.
1952 1564 2007 1615 G.
2044 1561 2132 1617 26.

167 1636 276 1686 tria
315 1635 448 1683 milia
485 1641 582 1686 etc.
627 1648 728 1683 non
777 1633 1011 1683 videntur
1051 1640 1184 1683 certa
1232 1648 1364 1683 esse.
1434 1634 1506 1686 ib.
1554 1649 1654 1684 non
1690 1640 1917 1683 constare
1946 1640 2133 1699 potest,

171 1704 270 1753 ubi
319 1702 538 1767 „tribuni
581 1700 811 1752 'rnilitum‘
859 1716 891 1751 a
934 1702 1082 1752 Livio
1128 1702 1372 1767 scriptum
1429 1703 1521 1767 sit,
1574 1703 1667 1753 sed
1710 1718 1824 1752 cum
1878 1702 2133 1767 chiasmus

173 1772 320 1837 apud
345 1785 458 1821 eum
489 1770 728 1835 frequens
764 1771 846 1833 sit,
887 1770 1027 1837 vulg.
1061 1772 1276 1823 servavi.
1322 1768 1380 1819 O.
1403 1766 1491 1820 28.
1530 1774 1699 1831 „alter
1725 1772 1799 1821 ad
1826 1766 2133 1821 cavendam“

171 1841 318 1891 uncis
351 1839 658 1890 includenda
694 1846 852 1889 erant.
924 1840 991 1889 ib.
1035 1838 1150 1890 cdd.
1204 1844 1495 1903 „ventur-mn
1522 1842 1763 1906 milite⁸“,
1814 1840 1991 1891 addidi
2022 1842 2133 1904 „in-

173 1908 349 1974 sentam,
385 1908 525 1973 qnod
557 1923 618 1957 eo
655 1908 764 1958 loco
801 1907 1000 1958 facilius
1035 1907 1357 1959 omittebatur
1383 1922 1535 1971 quam
1564 1912 1757 1973 parati.
1828 1910 1896 1960 ib.
1936 1924 2049 1959 cum
2082 1909 2134 1958 in

175 1978 293 2031 cdd.
338 1991 570 2029 romanos
603 1977 794 2026 omisso
841 1983 956 2028 erat
1001 1976 1071 2041 (D
1104 1982 1220 2027 erat
1262 1984 1317 2026 ut
1359 1992 1460 2027 non
1507 1977 1684 2045 habet)
1719 1978 1944 2047 legatur,
1989 1978 2136 2044 plura

176 2047 491 2097 intercidisse
531 2045 779 2110 suspicor.
848 2046 916 2097 ib.
956 2044 1127 2099 Alsch.
1166 2045 1381 2096 fortasse
1416 2062 1483 2096 ex
1519 2049 1563 2096 A
1608 2047 1776 2098 subire
1823 2054 1961 2107 recte
1992 2061 2135 2097 rece·

173 2117 270 2181 pit.
305 2116 378 2165 ib.
403 2120 539 2165 recte
575 2113 792 2164 fortasse
827 2112 1010 2182 Sigon:
1050 2130 1234 2181 „quam
1256 2114 1322 2168 L.
1348 2114 1597 2181 Cincin-3⁴⁴,
1630 2131 1749 2166 uam
1785 2117 1837 2166 in
1864 2116 1980 2168 cdd.
2009 2116 2134 2165 scri-

177 2192 328 2250 ptura
371 2198 682 2249 praenomen
719 2181 876 2233 Cincii
911 2183 1110 2233 videtur
1147 2184 1317 2233 latere.
1392 2183 1447 2238 C.
1483 2182 1571 2235 29.
1619 2187 1664 2234 Α
1702 2187 1969 2250 ,proximo
2005 2198 2135 2235 anno

175 2252 442 2313 coneilio‘ss
485 2266 550 2300 an
589 2252 684 2301 fuit
715 2254 980 2316 „proximo
1013 2267 1179 2303 annuo
1206 2252 1485 2303 conc-iliw‘?
1538 2250 1593 2303 Ο.
1631 2250 1716 2304 30.
1758 2252 1958 2305 servavi
1992 2254 2131 2317 fero·

174 2321 394 2373 dor-ibus
429 2320 582 2371 Gron.
618 2322 776 2386 coni„
809 2334 1114 2383 quamquam
1143 2336 1244 2371 non
1274 2321 1428 2386 plane
1454 2321 1782 2389 improbabile
1813 2330 1889 2373 est
1914 2322 2134 2387 ferocio-

175 2392 255 2441 ris
289 2394 426 2439 recte
457 2388 658 2449 habere,
695 2388 762 2441 cf.
799 2388 958 2439 Lectt.
999 2390 1143 2441 Livv.
1177 2391 1240 2455 11,
1275 2406 1327 2455 p.
1365 2388 1419 2444 3.
1478 2392 1547 2445 ib.
1584 2392 1672 2441 ubi
1705 2392 1757 2441 in
1790 2392 1906 2445 cdd.
1944 2400 2021 2441 est
2051 2392 2135 2442 he-

175 2460 320 2511 vaeis
353 2458 540 2509 coactu
573 2457 754 2522 scripsi
815 2456 1145 2523 „heraeiaeque
1193 2456 1372 2512 actis“.
1439 2460 1508 2515 ib.
1559 2460 1673 2511 cdd.
1718 2467 2015 2523 naupactum
2048 2476 2136 2511 nu-

177 2530 294 2579 dim
325 2529 512 2581 v'oeafi:
546 2526 762 2576 fortasse
777 2542 829 2578 n.
849 2529 1047 2577 nuntius
1077 2527 1211 2577 venit
1238 2528 1483 2591 scriptum
1503 2527 1615 2581 fuit.
1652 2528 1803 2593 paulo
1821 2534 1938 2593 post
1953 2528 2131 2583 Alsch.

177 2598 350 2647 nescio
384 2596 519 2645 unde
555 2602 606 2645 ct
635 2610 728 2645 eae
763 2603 812 2645 et
841 2598 1001 2661 pm'mv
1032 2594 1188 2646 dedit.
1239 2596 1309 2646 ib.
1346 2596 1445 2645 BD.
1471 2596 1636 2647 habito
1659 2598 1881 2662 concilio,
1919 2611 1983 2647 an
2012 2598 2133 2647 fnit:

179 2665 284 2719 ..ab
317 2666 401 2714 illo
421 2662 696 2715 concilio‘ff
753 2662 810 2715 G.
844 2663 932 2718 31.
967 2666 1040 2716 A:
1087 2664 1395 2730 „corinthum
1423 2665 1739 2729 fertilitatis“
1774 2666 1949 2717 addidi
1984 2667 2137 2733 „feli-

179 2733 502 2799 desimaeqne
556 2729 765 2799 agr-taff
819 2735 886 2785 cf.
929 2734 1166 2783 Huschke
1215 2734 1399 2785 Tibun.
1449 2736 1488 2801 1,
1527 2736 1574 2799 1,
1609 2732 1671 2795 93
1726 2735 2018 2786 Lachmann
2070 2735 2137 2785 ad

179 2806 334 2867 Prop.
377 2800 494 2866 1,2,
519 2801 612 2866 113
652 2801 823 2853 Alsch-
850 2818 1154 2869 „agr-temque
1187 2805 1457 2854 eximiae“.
1506 2805 1575 2857 ib.
1614 2805 1875 2870 „ludorum
1908 2806 2135 2870 quoque“

181 2872 335 2922 etiam
351 2871 538 2922 VossIo
561 2872 827 2936 probatum
851 2880 974 2925 erat.
1023 2872 1222 2922 mallem
1257 2872 1621 2939 „Philippoque
1656 2873 1933 2926 ludorum&
1970 2873 2025 2924 G.
2045 2871 2133 2926 32.

185 2947 426 3003 „postero
459 2940 578 2990 die“
617 2956 679 2991 ex
716 2947 840 3006 optt.
864 2941 982 2991 cdd.
1005 2942 1309 2992 servandum
1340 2950 1460 2995 crat.
1500 2942 1555 2993 G.
1592 2940 1680 2995 33.
1722 2946 1852 3008 „alii
1891 2939 2137 2993 Τανεεητῦι

183 3010 294 3059 sine
329 3009 484 3059 dubio
511 3010 662 3059 etiam
695 3014 748 3059 in
773 3010 816 3057 A
841 3011 1032 3060 omissa
1061 3018 1194 3061 sunt.
1265 3012 1337 3065 ib.
1375 3014 1484 3079 „ita
1516 3010 1682 3078 φασῶ*
1705 3027 1797 3077 pro
1834 3013 1936 3077 „id
1970 3010 2137 3079 quod“

183 3078 503 3129 scribendum
518 3080 709 3143 putavi.
745 3080 811 3129 ib.
838 3094 932 3145 „eo
949 3080 1059 3143 ipso
1078 3082 1246 3130 anno“
1272 3096 1439 3149 servo,
1459 3082 1555 3131 etsi
1584 3083 1637 3131 in
1660 3084 1705 3131 A
1726 3082 1808 3131 all.
1829 3096 1959 3132 anno
1978 3082 2137 3143 deest,

184 3147 322 3211 quod
353 3148 505 3199 etiam
537 3162 579 3198 c.
597 3144 685 3197 44.
719 3148 990 3199 intercidit.
1031 3147 1070 3199 G
1091 3146 1192 3201 .34.
1225 3164 1359 3213 prae
1392 3166 1448 3202 se
1462 3151 1695 3217 referens
1716 3152 1931 3200 correxit
1947 3148 2139 3213 Alsch.‚

183 3217 228 3265 si
266 3215 470 3279 quidem
503 3231 566 3266 re
597 3232 700 3267 non
733 3224 1056 3283 praeceptum
1088 3227 1164 3269 est
1200 3234 1229 3269 e
1262 3222 1603 3283 sequentibus.
1676 3220 1744 3271 ib.
1783 3220 2142 3283 „damnassent

183 3286 232 3335 ei
261 3283 502 3335 noxium“
536 3300 658 3335 num
691 3286 746 3336 in
780 3286 827 3335 A
863 3288 964 3335 sint
997 3288 1190 3337 dubito.
1264 3287 1319 3338 Ο.
1359 3286 1446 3339 35.
1490 3290 1588 3339 iret
1623 3303 1760 3353 quem
1794 3294 1817 3338 t
1850 3289 2060 3337 manlius
2092 3287 2137 3337 A

181 3354 383 3419 reliqua
423 3354 475 3404 in
503 3369 632 3405 recc.
668 3354 785 3405 cdd.
833 3355 1025 3406 addita.
1095 3358 1163 3407 ib.
1201 3372 1331 3421 quae
1365 3358 1463 3407 sibi
1502 3357 1608 3406 AD.
1642 3372 1671 3406 s
1706 3357 1852 3407 litera
1882 3356 2014 3407 male
2050 3356 2140 3405 ad-

183 3422 333 3474 iecta.
384 3422 454 3480 ib.
483 3424 654 3474 nescio
693 3438 757 3473 an
789 3425 1057 3487 „conmuni
1086 3423 1329 3477 const‘lz‘o“
1362 3426 1426 3475 sit
1456 3425 1793 3479 scribendum.
1833 3425 1887 3476 C.
1918 3422 2004 3478 36.
2045 3439 2140 3485 „eo

179 3494 640 3545 anno—mam
669 3491 878 3544 tecaem“
913 3495 1100 3543 iniuria
1129 3494 1395 3546 sollicitata
1432 3508 1545 3545 esse
1566 3495 1736 3545 docuit
1760 3494 1949 3544 Becker
1967 3495 2137 3558 Antiq.
