2550 3959
526 220 756 280 LIBER
782 219 1023 280 xxvu.
1068 221 1230 281 CAP.
1258 183 1347 284 5⁷.
1375 231 1461 284 38.
1510 229 1581 295 [a.
1614 227 1834 294 cao-1]
2031 225 2155 288 205

177 389 305 434 eas
359 372 481 433 duo
534 373 714 448 sig-na
758 386 1093 448 cupressea
1140 372 1389 433 Iunonis
1439 374 1688 448 reginae
1737 376 2152 450 poltabantur..

184 461 323 520 tum
357 461 593 532 septem
632 461 693 517 et
730 455 942 530 viginti
980 455 1282 530 virgines,
1324 457 1567 532 longam
1614 457 1861 518 indutae
1901 471 2155 538 vestem,

186 553 440 602 carmen
464 539 525 598 in
546 539 838 599 Iunonem
860 539 1132 614 reginam
1151 545 1443 600 canentes
1464 540 1648 617 ibant,
1675 541 1776 602 illa
1799 549 2159 619 tempestate

186 623 453 686 forsitan
481 621 784 683 laudabile
811 622 1066 683 rudibus
1098 622 1377 698 ingeniis,
1421 640 1582 685 nunc
1611 624 1948 686 abhorrens
1979 633 2041 687 et
2067 625 2182 686 in-'

188 706 539 782 conditum,
598 706 653 767 si
692 707 1005 766 referatur.
1077 706 1382 780 virginum
1423 708 1702 768 ordinem
1745 710 2159 784 sequebantur

190 790 529 853 decemviri
559 791 835 850 coronati
864 790 1076 850 laurea
1103 791 1612 867 praetextatique.
1655 807 1694 852 a
1723 801 1901 869 porta
1914 794 2156 868 Iugario

190 876 336 936 vico
365 875 427 934 in
457 874 657 934 rorum
684 888 931 934 venere.
972 873 1033 932 in
1064 873 1199 932 roro
1232 889 1463 949 pompa
1489 876 1772 949 constitit,
1805 883 1865 936 et
1891 893 2004 952 per
2030 893 2153 938 ma—

188 975 315 1020 nus
339 963 504 1019 reste
533 957 677 1018 data
706 957 972 1032 virgines
1004 972 1225 1017 sonum
1251 958 1426 1018 vocis
1455 960 1638 1034 pulsu
1676 960 1904 1034 pedum
1942 961 2153 1022 modu-

192 1043 392 1103 lantes
434 1041 832 1102 incesserunt.
898 1041 1043 1100 inde
1081 1041 1218 1102 vico
1246 1041 1447 1102 Tusco
1477 1042 1870 1118 Velabroque
1901 1060 2013 1119 per
2037 1044 2158 1105 Bo-

190 1125 429 1186 varium
473 1125 668 1186 iorum
710 1124 771 1184 in
816 1123 1039 1185 clivum
1067 1123 1403 1185 Publicium
1441 1131 1622 1200 atque
1663 1127 1878 1186 aedem
1909 1127 2158 1188 Iunonis

190 1209 443 1285 reginae
472 1214 834 1284 perrectum.
878 1206 961 1268 ibi
992 1207 1151 1268 duae
1174 1208 1417 1270 hostiae
1445 1208 1524 1268 ab
1554 1209 1916 1270 decemviris
1946 1211 2156 1271 immo-

192 1293 373 1366 latae,
420 1299 481 1352 et
509 1292 836 1353 simulacra
865 1306 1202 1368 cupressea
1229 1291 1292 1352 in
1321 1292 1537 1352 aedem
1568 1292 1749 1352 illata.

365 1375 689 1436 XXXVIII.
734 1374 879 1436 Deis
907 1375 1020 1436 rite
1048 1376 1306 1451 placatis
1339 1376 1623 1437 dilectum
1654 1377 1941 1436 consules
1971 1375 2155 1436 habe·

192 1461 342 1521 bant
370 1459 573 1520 acrius
600 1459 1031 1535 intentiusque,
1076 1475 1260 1534 quam
1290 1459 1597 1537 prioribus
1627 1459 1803 1520 annis
1833 1460 2162 1536 quisquam

192 1542 557 1604 meminerat
591 1541 893 1602 habitum=
934 1558 1075 1602 nam
1121 1549 1183 1604 et
1207 1544 1371 1604 bello
1400 1549 1598 1604 terror
1637 1543 1985 1620 duplicatus
2015 1544 2162 1604 novi

190 1626 395 1688 hostis
425 1627 489 1687 in
517 1625 751 1687 ltaliam
779 1627 1067 1699 adventu,
1114 1633 1174 1686 et
1201 1627 1403 1688 minus
1432 1627 1762 1688 iuventutis
1792 1633 1950 1701 erat,
1995 1627 2162 1688 unde

193 1709 537 1772 scriberent
576 1710 815 1770 milites.
880 1710 1085 1784 itaque
1127 1711 1385 1772 colonos
1415 1711 1594 1772 etiam
1634 1711 2001 1782 maritimos,
2054 1711 2159 1786 qui

194 1800 655 1860 sacrosanctam
692 1792 1069 1852 vacationem
1098 1791 1456 1854 dicebantur
1480 1793 1728 1866 habere,
1760 1793 1910 1853 dare
1938 1791 2160 1854 milites

194 1877 519 1953 cogebant.
585 1877 809 1952 quibus
851 1875 1276 1936 recusantibus
1319 1876 1569 1937 edixere
1609 1877 1671 1936 in
1713 1877 1873 1936 diem
1916 1883 2159 1951 certam,

193 1968 280 2036 ut,
313 1977 439 2038 quo
469 1960 736 2036 quisque
764 1960 894 2020 iure
925 1959 1306 2021 vacationem
1333 1960 1606 2036 haberet,
1637 1961 1718 2021 ad
1749 1966 2025 2021 senatum
2055 1962 2161 2028 de-

196 2047 399 2106 terret.
468 2057 545 2104 ea
583 2043 683 2104 die
723 2044 804 2104 ad
834 2049 1110 2106 senatum
1139 2043 1202 2104 hi
1231 2045 1448 2121 populi
1485 2051 1810 2120 venerunt,
1859 2044 2160 2106 Ostiensis

196 2127 506 2190 Alsiensis
545 2127 762 2190 Antias
802 2128 1131 2188 Anxurnas
1158 2126 1612 2190 Menturnensis
1643 2127 2058 2190 Sinuessanus
2103 2135 2162 2190 et

193 2214 275 2274 ab
306 2225 533 2288 supero
575 2211 727 2271 mari
756 2209 1069 2272 Senensis.
1135 2227 1272 2272 cum
1316 2212 1666 2273 vacationes
1709 2229 1856 2274 suas
1898 2213 2162 2288 quisque

196 2295 467 2375 populus
494 2294 792 2370 recitaret,
822 2295 1065 2370 nulliuS,
1091 2309 1228 2356 cum
1254 2296 1316 2355 in
1340 2295 1513 2355 Italia
1539 2293 1737 2356 hostis
1767 2304 1952 2370 esset,
1982 2312 2159 2370 prae-

194 2386 293 2441 ter
317 2379 624 2440 Antiatem
656 2377 1124 2455 Ostiensemque
1165 2379 1402 2439 vacatio
1447 2378 1774 2438 observata
1802 2386 1930 2448 est;
1970 2386 2031 2438 et
2059 2394 2159 2438 ea·

194 2479 332 2524 rum
360 2463 736 2524 coloniarum
775 2461 1047 2524 iuniores
1078 2460 1209 2523 iure
1242 2463 1500 2522 iurando
1531 2459 1760 2535 adacti,
1807 2477 1998 2535 supra
2025 2460 2161 2522 dies

193 2545 440 2623 triginta
466 2561 592 2606 non
622 2552 1087 2622 pernoctaturos
1118 2561 1189 2606 se
1218 2551 1391 2605 extra
1411 2545 1654 2604 moenia
1683 2544 1962 2606 coloniae
1991 2558 2161 2619 suae,

196 2629 401 2692 donec
428 2629 625 2691 hostis
653 2629 716 2688 in
745 2628 917 2689 Italia
944 2635 1132 2690 esset.
1197 2645 1336 2689 cum
1366 2641 1580 2689 omnes
1610 2633 1935 2689 censerent
1964 2627 2161 2704 primo

196 2729 453 2791 quoque
478 2718 755 2789 tempore
784 2712 1143 2774 consulibus
1174 2713 1438 2774 eundum
1471 2711 1550 2771 ad
1579 2712 1806 2772 bellum
1825 2743 1912 2757 --
1933 2726 2073 2770 nam
2101 2718 2164 2773 et

192 2797 569 2859 Hasdrubali
597 2796 1038 2858 occurrendum
1066 2811 1211 2857 esse
1241 2795 1639 2857 descendenti
1670 2794 1747 2856 ab
1769 2793 2052 2870 Alpibus
2083 2810 2162 2854 ne

195 2879 408 2943 Gallos
438 2879 784 2956 Cisalpinos
824 2894 982 2940 neve
1009 2879 1306 2940 Etruriam
1347 2885 1609 2940 erectam
1649 2879 1712 2939 in
1741 2894 1918 2954 spem
1958 2893 2162 2940 rerum

193 2980 495 3028 novarum
535 2963 919 3038 sollicitaret,
977 2969 1038 3023 et
1076 2963 1477 3024 Hannibalem
1517 2978 1632 3025 suo
1675 2963 1928 3040 proprio
1981 2977 2160 3023 occu·

198 3048 472 3127 pandum
499 3047 694 3120 bellu,
733 3063 812 3108 ne
843 3061 1154 3122 emergere
1182 3062 1262 3107 ex
1289 3046 1534 3108 Bruttiis
1577 3054 1763 3122 atque
1799 3045 2046 3108 obviam
2073 3047 2164 3106 ire

194 3131 365 3194 fratri
394 3136 615 3208 posset
634 3163 735 3206 —-,
764 3130 976 3192 Livius
1007 3131 1418 3205 cunctabatur,
1453 3147 1667 3207 parum
1689 3131 1890 3192 fidens
1915 3144 2164 3190 suarum

193 3214 649 3294 provinciarum
678 3213 1079 3276 exercitibusa
1110 3214 1411 3290 collegam
1444 3231 1525 3275 ex
1549 3214 1790 3276 duobus
1825 3211 2160 3273 consulari-

192 3299 315 3361 bus
346 3299 609 3376 egregiis
643 3297 1011 3360 exercitibus
1042 3305 1104 3358 et
1130 3298 1306 3359 tertio
1321 3345 1338 3374 ,
1381 3299 1478 3359 cui
1509 3297 1579 3373 Q.
1609 3297 1893 3359 Claudius
1921 3293 2162 3356 Tarenti

195 3389 535 3462 praeesset,
567 3382 924 3445 electionem
952 3381 1208 3442 haberes
1251 3381 1658 3456 intuleratque
1684 3379 2053 3441 mentionem
2083 3381 2162 3440 de

196 3465 527 3530 volonibus
541 3466 909 3528 revocandis
932 3466 1013 3527 ad
1037 3465 1230 3542 signa.
1260 3471 1510 3527 senatus
1534 3463 1785 3527 liberam
1800 3469 2158 3542 potestatem
