2550 3959
608 198 842 261 unsa
862 199 1049 286 xxv.
1094 197 1261 262 cAP.
1285 206 1371 261 24.
1401 210 1488 262 25.
1533 207 1611 277 [ι.
1637 207 1700 261 c.
1729 210 1857 279 ω]
2136 206 2223 272 el

246 355 519 419 hostium
546 358 855 426 metuens,
902 366 1087 428 quam
1114 366 1193 413 nc
1222 368 1348 427 qua
1386 352 1674 415 intestina
1699 356 1870 417 fraus
1898 372 2013 433 per
2040 374 2222 421 occa-

246 440 491 502 sionem
534 441 833 509 oreretur,
876 436 1247 511 clausasque
1289 436 1446 499 inter
1482 440 1800 500 tinnmmm
1827 440 2219 505 Acin-adinae

248 532 437 601 atque
465 521 712 583 Insulae
752 519 1051 581 inveniret
1090 526 1322 595 portas.
1393 520 1816 585 Marcellus‘ut
1843 525 2088 585 moenia
2126 528 2217 588 in-

242 621 509 683 gressus
552 618 633 665 ex
672 602 1093 679 superioribus
1134 604 1290 667 locis
1331 606 1545 667 urbem
1587 607 1856 669 omnium
1897 609 2088 669 fenne
2114 610 2219 671 illa

248 694 615 765 tempestate
653 687 1127 764 pmcherrim'am
1163 689 1506 753 subiectam
1547 692 1745 753 oculis
1775 692 1954 768 vidit,
1996 692 2216 756 illacri-

242 790 458 835 masse
501 772 723 835 dicitur
751 772 971 847 partim
996 772 1227 847 gaudio
1254 779 1462 835 tantae
1495 782 1884 851 perpetratae
1911 776 2000 837 rci
2013 822 2030 851 ,
2073 793 2214 851 par-

246 859 351 919 tim
379 863 627 919 vetusta
653 856 851 931 gloria
878 855 1069 917 urbis.
1126 856 1596 921 Atheniensium
1623 861 1862 921 classes
1893 861 2214 921 demersae

246 950 309 1003 et
336 942 465 1003 duo
486 940 769 1015 ingentes
798 940 1107 1005 exercitus
1132 956 1277 1003 cum
1305 942 1550 1003 duobus
1573 943 1930 1006 clarissimis
1953 944 2214 1006 ducibus

244 1026 431 1105 delen:
481 1023 914 1097 occurrebant,
973 1030 1037 1085 et
1073 1031 1163 1085 tot
1208 1025 1370 1087 bella
1421 1041 1562 1087 cum
1613 1023 2213 1104 Carthaginiensibus

244 1115 413 1173 tanto
457 1123 597 1171 cnm
638 1106 991 1170 discrimine
1020 1114 1228 1184 gesta,
1274 1115 1366 1170 tot
1389 1114 1510 1170 tam
1542 1112 1815 1186 opulenti
1845 1113 2090 1190 tyranni
2115 1128 2212 1173 re-

240 1208 516 1269 gesque,
554 1197 801 1269 praeter
840 1198 1083 1254 ceteros
1110 1192 1296 1254 Hiero
1329 1209 1467 1255 cum
1494 1195 1956 1257 recentissimae
1980 1212 2212 1257 memo·

240 1276 375 1337 riae
410 1292 525 1339 rex
540 1322 555 1349 ,
598 1282 725 1339 tum
754 1282 895 1337 ante
922 1275 1155 1351 omnia,
1200 1292 1360 1353 quae
1387 1278 1582 1339 virtus
1613 1280 1671 1339 ei
1698 1280 2068 1355 forumaque
2097 1296 2215 1341 sua

238 1361 530 1435 dederat,
586 1360 903 1421 beneficiis
953 1361 1016 1421 in
1065 1362 1364 1437 populum
1403 1362 1748 1423 Romanum
1795 1362 2076 1439 insignis.
2139 1379 2217 1425 ea

241 1460 387 1507 cum
402 1444 694 1506 universa
717 1450 1111 1505 occurrerent
1128 1446 1351 1519 animo,
1373 1445 1738 1523 subiretque
1761 1447 2068 1522 cogitatio,
2091 1448 2212 1507 iam

240 1528 351 1591 illa
388 1535 696 1591 momento
737 1528 931 1591 horae
968 1544 1186 1590 arsura
1213 1529 1420 1591 omnia
1445 1536 1506 1591 et
1533 1532 1614 1591 ad
1645 1530 1887 1593 cineres
1917 1532 2207 1605 reditura,

241 1612 609 1689 priusquam
648 1612 831 1688 signa
854 1612 1271 1675 Achradinam
1306 1614 1693 1691 admoveret,
1715 1615 2065 1691 praemittit
2092 1614 2210 1693 Sy-

236 1712 617 1772 racusanoS,
664 1696 771 1772 qui
809 1695 975 1757 intra
1013 1697 1328 1772 praesidia
1349 1698 1662 1772 Romana,
1704 1704 1772 1758 ut
1809 1705 1954 1758 ante
1985 1699 2212 1759 dicuim

238 1788 357 1856 est,
388 1780 643 1855 fuerant,
672 1786 743 1843 ut
768 1780 1063 1855 adloquio
1090 1780 1211 1841 leni
1237 1780 1624 1857 impellerent
1639 1781 1853 1843 hostes
1879 1780 1960 1841 ad
1982 1781 2210 1843 deden-

240 1864 387 1926 dam
414 1865 647 1927 urbem.

410 1948 598 2011 XXV.
639 1948 953 2009 Tenebant
974 1947 1370 2010 Achradinae
1411 1954 1622 2024 portas
1651 1964 1990 2025 murosque
2017 1950 2204 2011 maxi·

240 2048 345 2093 :nc
384 2034 769 2108 transmgac,
813 2031 1035 2109 quibus
1064 2034 1231 2094 nulla
1260 2038 1396 2093 erat
1419 2048 1534 2109 per
1563 2032 1962 2095 condiciones
1993 2034 2212 2095 veniae

238 2132 429 2192 spes=
470 2117 527 2179 ei
566 2132 682 2177 nec
722 2116 899 2177 adire
936 2132 1149 2179 muros
1190 2132 1308 2178 nec
1337 2117 1590 2193 adloqui
1621 2132 1992 2194 quemquam
2017 2118 2209 2193 passi.

239 2202 453 2277 itaque
477 2200 803 2263 Marcellus
818 2244 835 2274 ,
879 2205 1213 2277 postquam
1242 2200 1314 2262 id
1351 2200 1661 2276 inceptum
1689 2201 1922 2263 irritum
1947 2202 2086 2275 ruit,
2131 2201 2210 2261 ad

240 2285 577 2365 Euryalum
620 2283 799 2360 signa
844 2284 1061 2345 refer-ri
1108 2283 1310 2346 iussit.
1381 2286 1650 2345 tinnulus
1699 2290 1798 2346 est
1834 2286 1894 2345 in
1937 2291 2212 2346 extrema

242 2376 422 2447 parte
466 2368 639 2431 urbis
679 2383 901 2428 versus
929 2382 969 2427 a
998 2368 1181 2443 mari,
1220 2368 1486 2444 viaeque
1527 2368 1850 2429 imminens
1891 2370 2106 2429 ferenti
2147 2371 2208 2429 in

238 2468 433 2529 agros
482 2452 1053 2526 mediterraneaque
1100 2451 1372 2523 insulae,
1435 2452 1876 2527 percommode
1925 2452 2079 2512 situs
2129 2454 2210 2513 ad

240 2542 621 2609 commeatus
664 2535 1087 2611 excipiendos.
1158 2540 1447 2611 praeerat
1485 2533 1630 2595 huic
1665 2534 1791 2595 arci
1815 2533 2208 2597 Philodemus

239 2620 473 2697 Argius
494 2620 573 2681 ab
590 2619 875 2698 Epicyde
894 2618 1252 2695 impositum
1295 2618 1377 2679 ad
1401 2632 1584 2694 quern
1607 2619 1838 2679 missus
1861 2634 1900 2679 a
1917 2617 2208 2681 Marcer

237 2704 425 2768 Sosis
450 2721 613 2766 unus
643 2719 723 2765 ex
755 2703 1244 2765 interfectoribus
1272 2702 1520 2779 tyranni
1547 2717 1686 2763 curn
1711 2704 1900 2778 longo
1923 2717 2210 2764 sermone

236 2788 453 2851 habito
504 2789 726 2851 dilatus
778 2803 892 2864 per
936 2787 1358 2849 frustationem
1400 2792 1600 2862 esset,
1650 2786 1880 2849 rettulit
1913 2786 2205 2848 Marcello

236 2882 491 2949 tempus
532 2888 673 2933 eum
712 2872 794 2933 ad
834 2871 1296 2933 deliberandum
1337 2869 1702 2948 sumpsisse.
1759 2886 1910 2932 ‚cum
1950 2870 2005 2931 is
2049 2869 2210 2931 diem

240 2958 328 3019 de
368 2955 473 3017 dic
514 2955 811 3031 differret,
856 2956 999 3016 dum
1034 2956 1444 3031 Hippocrates
1485 2962 1672 3029 atque
1698 2954 1958 3016 Himilco
1999 2955 2209 3017 admo-

238 3048 462 3103 verent
501 3047 703 3101 castra
729 3040 1158 3115 legionesque,
1200 3039 1370 3102 haud
1401 3038 1624 3100 dubius
1641 3084 1656 3112 ‚
1701 3038 1846 3100 siin
1874 3055 2080 3100 arcem
2109 3055 2210 3100 ac-

240 3124 523 3201 cepisset
548 3139 660 3185 eos
674 3170 693 3200 ,
724 3124 930 3185 delere
956 3124 1300 3186 Romanum
1328 3122 1666 3184 exercitum
1692 3122 1993 3184 inclusum
2020 3122 2209 3183 muris

240 3224 472 3285 posse,
522 3207 851 3270 Marcellus
888 3214 959 3269 ut
994 3208 1331 3285 Euryalum
1380 3222 1585 3285 neque
1631 3205 1788 3267 tradi
1827 3220 2030 3283 neque
2071 3207 2210 3283 capi

242 3292 401 3355 vidit
428 3308 639 3370 posse,
668 3293 829 3354 inter
852 3292 1172 3369 Neapolim
1199 3298 1261 3353 et
1287 3291 1560 3371 Tycham
1587 3324 1664 3337 —
1689 3288 1940 3352 nomina
1966 3304 2042 3350 ea
2069 3306 2206 3366 par-

242 3378 397 3440 tium
422 3377 595 3439 urbis
625 3382 687 3438 et
713 3376 907 3439 instar
932 3377 1175 3438 urbium
1204 3380 1351 3439 sunt
1372 3406 1463 3421 —-
1487 3374 1698 3451 posuit
1727 3380 1960 3451 castra,
1989 3373 2212 3436 timens

238 3476 343 3536 ne,
370 3461 429 3523 si
457 3461 803 3538 frequentia
830 3462 1119 3524 intrasset
1144 3462 1314 3535 loca,
1347 3458 1645 3521 contineri
1674 3458 1753 3521 ab
1785 3458 2075 3527 discursu
2101 3460 2218 3520 mi-

330 3562 385 3605 τ.
426 3561 552 3607 uv1
594 3562 750 3607 rans
794 3546 897 3606 111.
1765 3550 1801 3605 6

309 3679 347 3693 'a'

2365 44 2376 53 ο

2488 330 2491 339 «
2475 0 2492 315 -ᾑ-ὧ--εέ
