2550 3959
537 251 772 314 Lmnn
798 250 1013 313 xxiv.
1061 252 1228 313 cAP.
1261 261 1314 314 2.
1346 262 1398 316 s.
1444 260 1517 329 [a.
1548 224 1629 313 c.
1647 259 1775 329 215]
2066 254 2134 316 κθ

181 406 380 468 urbem
408 409 476 466 et
501 401 880 476 maritimam,
925 401 1251 479 plurimum
1281 417 1676 463 accessurum
1704 402 1946 480 opibus,
1989 402 2045 465 si
2076 405 2135 464 in

179 506 281 553 ora
303 486 496 549 maris
522 484 738 548 urbem
765 500 842 547 ac
865 492 1105 562 portum
1134 486 1458 547 moenibus
1478 486 1749 547 validum
1776 488 2133 563 tenuissent,

181 572 516 635 credentes.
580 568 656 631 ea
697 584 844 630 cura
885 568 1178 645 angebat,
1223 570 1395 646 quod
1419 586 1625 647 neque
1654 586 1779 631 non
1813 586 2133 632 accersere

180 659 252 719 ad
277 655 573 717 auxilium
599 653 848 715 Poenos
878 652 1034 714 satis
1061 653 1404 729 audebant,
1443 669 1522 713 ne
1554 654 1703 731 quid
1733 670 1856 715 non
1889 670 2003 731 pro
2032 670 2133 715 so-

180 741 284 803 ciis
309 740 522 816 egisse
547 737 920 812 viderentur,
963 744 1041 811 et,
1085 738 1138 798 si
1167 736 1413 799 Poenus
1440 754 1656 799 rursus
1684 738 1881 815 magis
1911 738 2135 799 arbiter

179 825 342 903 pacis
385 838 574 899 quam
615 821 864 881 adiutor
882 820 1028 881 belli
1068 822 1318 897 ruisset,
1361 838 1441 883 ne
1466 822 1529 881 in
1558 822 1895 883 libertatem
1926 822 2133 883 Croto-

177 911 282 985 nis,
313 907 476 968 sicut
501 912 643 967 ante
661 905 1016 977 Locrorum,
1049 906 1276 966 frustra
1305 912 1697 982 pugnaretur.
1739 906 1948 983 itaque
1978 906 2132 985 opti-

175 1008 328 1055 mum
370 990 575 1052 visum
616 997 713 1051 est
752 989 834 1049 ad
860 988 1262 1051 Hannibalem
1300 990 1451 1051 mitti
1491 990 1729 1067 legatos
1744 1036 1761 1065 ,
1802 991 2133 1069 caverique

175 1078 244 1138 ab
270 1091 369 1151 eo,
395 1080 469 1135 ut
491 1079 780 1151 receptus
809 1072 992 1135 Croto
1019 1073 1393 1135 Bruttiorum
1420 1080 1606 1135 esset.
1663 1075 1963 1136 Hannibal
1996 1092 2132 1136 cum

175 1157 583 1238 praesentium
612 1172 749 1219 eam
777 1157 1286 1219 consultationem
1327 1173 1471 1219 esse
1496 1159 1933 1235 respondisset
1958 1167 2021 1221 et
2048 1162 2130 1219 ad

172 1246 528 1306 Hannonem
554 1256 667 1304 eos
687 1241 1023 1315 reiecisset,
1061 1240 1140 1301 ab
1159 1242 1460 1301 Hannone
1487 1241 1636 1301 nihil
1660 1242 1808 1302 certi
1840 1244 2128 1304 oblatum.

175 1344 280 1390 nec
310 1326 476 1388 enim
496 1326 678 1403 diripi
700 1326 992 1387 volebant
1010 1324 1279 1386 nobilem
1306 1331 1491 1401 atque
1519 1326 1871 1403 opulentam
1898 1326 2131 1403 urbem,

172 1419 226 1473 et
252 1410 617 1490 sperabant,
663 1425 801 1473 cum
826 1408 1096 1471 Bruttius
1126 1418 1527 1487 oppugnaret,
1570 1410 1814 1471 Poenos
1844 1426 1960 1471 nec
1988 1426 2121 1489 pro-

173 1497 312 1556 bare
339 1510 460 1555 nee
487 1495 702 1555 iuvare
730 1509 866 1555 eam
895 1493 1417 1569 oppugnationem
1446 1501 1788 1571 appareret,
1833 1510 1909 1556 eo
1938 1502 2129 1556 matu-

170 1580 291 1641 rius
325 1579 410 1639 ad
441 1593 514 1639 se
543 1578 914 1647 defecturos.
972 1577 1234 1639 crotone
1263 1593 1379 1639 nec
1408 1578 1733 1641 consilium
1760 1594 1946 1641 unum
1975 1579 2133 1640 inter

169 1663 500 1741 populares
521 1676 638 1722 nec
657 1662 944 1724 voluntas
967 1668 1126 1722 erat=
1169 1678 1330 1723 unus
1350 1663 1521 1723 velut
1540 1663 1791 1724 morbus
1820 1664 2134 1725 invaserat

167 1762 382 1809 omnes
410 1744 620 1809 Italiae
647 1746 958 1820 civitates,
1004 1752 1068 1806 ut
1097 1746 1311 1822 plebes
1341 1745 1419 1805 ab
1464 1746 1857 1821 optimatibus
1888 1746 2129 1807 dissen·
2194 1752 2202 1758 “

165 1832 380 1905 tirent,
421 1836 673 1891 senatus
700 1828 998 1891 Romanis
1027 1830 1276 1902 faveret,
1323 1836 1385 1889 et
1410 1829 1590 1905 plebs
1620 1830 1700 1889 ad
1729 1830 1973 1891 Poenos
1999 1846 2129 1891 rem

166 1915 448 1975 traheret.
493 1928 628 1973 eam
657 1912 1114 1975 dissensionem
1140 1912 1202 1973 in
1231 1912 1385 1974 urbe
1408 1914 1669 1991 perfuga
1699 1914 2127 1976 nuntiatBrut·

165 1999 290 2061 tiis=
335 1996 833 2059 Aristomachum
873 2012 1018 2058 esse
1045 1996 1388 2073 principem
1422 1997 1623 2076 plebis
1666 2000 2128 2076 tradendaeque

162 2088 478 2145 auctorem
513 2080 715 2153 urbis3
772 2086 834 2143 et
871 2080 934 2140 in
977 2087 1156 2141 vasta
1195 2080 1347 2141 urbe
1385 2083 1631 2159 lateque
1675 2082 1959 2145 omnibus
2001 2084 2125 2145 dis-

161 2166 335 2227 iectis
377 2163 700 2226 moenibus
739 2180 914 2225 raras
958 2164 1252 2225 stationes
1298 2166 1736 2243 custodiasque
1777 2174 2127 2229 senatorum

163 2266 339 2321 esse3
391 2264 780 2325 quacumque
819 2248 1168 2311 custodiant
1194 2248 1395 2324 plebis
1436 2250 1748 2325 homines,
1795 2266 1871 2311 ea
1919 2258 2128 2328 patere

161 2334 412 2396 aditum.
457 2340 708 2393 auctore
735 2348 810 2393 ae
839 2334 996 2393 duce
1026 2334 1285 2409 perfuga
1304 2332 1519 2395 Bruttii
1548 2349 1779 2396 corona
1808 2337 2129 2397 cinxerunt

159 2418 394 2493 urbem,
423 2416 790 2493 acceptique
817 2416 896 2477 ab
916 2418 1101 2492 plebe
1122 2418 1321 2493 primo
1348 2418 1581 2493 impetu
1610 2434 1851 2480 omnem
1883 2425 2129 2495 praeter

159 2516 366 2563 arcem
399 2516 644 2578 cepere.
707 2514 914 2561 arcem
941 2500 1268 2577 optimates
1298 2499 1587 2563 tenebant
1613 2508 1981 2578 praeparato
2004 2501 2125 2561 iam

159 2592 300 2647 ante
323 2582 409 2645 ad
439 2585 624 2645 talem
651 2600 865 2646 casum
894 2585 1198 2661 perfugio.
1238 2584 1460 2645 eodem
1487 2584 1957 2647 Aristomachus
1987 2600 2121 2663 per-

157 2668 341 2745 rugit,
387 2683 700 2744 tamquam
727 2667 949 2729 Poenis
990 2684 1116 2729 non
1144 2668 1395 2731 Bruttiis
1438 2676 1653 2730 auctor
1678 2670 1850 2732 urbis
1880 2671 2125 2731 traden—

155 2753 275 2814 dae
305 2752 550 2815 fuisset.

325 2836 432 2897 111.
488 2835 654 2897 Urbs
681 2836 861 2898 Croto
897 2852 1135 2896 murum
1162 2834 1225 2896 in
1265 2835 1520 2899 circuitu
1548 2844 1853 2915 patentem
1890 2839 2121 2900 duode—

153 2922 276 2983 cim
297 2920 472 2982 milia
492 2934 789 2995 passuum
810 2918 1022 2981 habuit
1042 2926 1183 2980 ante
1193 2919 1412 2999 Pyrrhi
1434 2922 1494 2983 in
1510 2922 1745 2983 ltaliam
1772 2924 2122 2985 adventum.

149 3011 302 3081 post
343 3004 694 3066 vastitatem
737 3018 814 3064 eo
841 3002 1005 3064 bello
1036 3004 1257 3064 tactam
1286 3005 1393 3067 vix
1420 3022 1571 3083 pars
1600 3005 1851 3068 dimidia
1890 3006 2122 3068 habita-

150 3088 366 3151 batur-2
419 3086 646 3150 flumen
661 3134 678 3165 ,
737 3087 906 3165 quod
944 3088 1148 3150 medio
1193 3088 1427 3165 oppido
1468 3088 1759 3166 fluxerat,
1802 3097 1976 3151 extra
2002 3091 2122 3150 fre-

153 3173 415 3250 quentin
452 3172 630 3234 tectis
671 3172 810 3233 loca
851 3170 1355 3251 praeterfluebat,
1398 3181 1459 3235 et
1486 3191 1596 3235 arx
1627 3183 1757 3235 erat
1784 3176 1997 3250 procul
2028 3173 2121 3238 eis

151 3273 320 3335 quae
359 3255 806 3319 habitabantur.
870 3272 986 3317 sex
1013 3255 1180 3317 milia
1217 3256 1431 3319 aberat
1456 3258 1535 3319 ab
1562 3258 1716 3320 urbe
1748 3256 1936 3318 nobili
1970 3263 2121 3317 tem-

149 3342 345 3418 plum,
377 3340 522 3419 ipsa
537 3340 692 3403 urbe
712 3338 996 3415 nobilius,
1025 3338 1311 3403 Laciniae
1322 3342 1592 3412 Iunonis,
1624 3349 1901 3403 sanctum
1931 3340 2123 3403 omni-

147 3423 269 3487 bus
313 3426 486 3487 circa
525 3424 795 3501 populis.
864 3424 1042 3486 lucus
1083 3422 1167 3485 ibi
1207 3424 1511 3503 frequenti
1549 3423 1707 3485 silva
1742 3432 1806 3487 et
1842 3426 2120 3501 proceris

147 3508 378 3571 abietis
415 3508 744 3571 arboribus
785 3514 1038 3585 saeptus
1081 3507 1241 3569 laeta
1280 3509 1341 3570 in
1381 3508 1585 3569 medio
1626 3524 1865 3627 pascua
1890 3508 2116 3571 habuit.

1647 3603 1675 3655 1
