2550 3959
372 204 499 269 276
644 202 875 263 LieER
901 200 1169 260 xxvin.
1214 198 1382 261 cAP.
1410 207 1500 260 45.
1529 206 1618 261 4⁶.
1661 204 1828 271 [au-11·
1859 220 1908 256 c·
1932 204 2056 271 ⁵4⁷]

375 360 739 419 frumentum
754 400 772 429 ,
813 352 1079 413 Arretini
1106 352 1222 413 tria
1248 350 1415 411 milia
1441 355 1784 425 scutorum,
1823 351 2034 425 galeas
2061 351 2336 427 totidem,

374 442 501 519 pila
526 454 717 517 gaesa
758 437 1216 513 hastas'longas
1232 481 1247 508 ,
1291 435 1520 496 milium
1562 434 2006 513 quinquaginta
2035 450 2336 497 summam

373 524 507 603 pari
549 524 850 599 cuiusque
877 520 1122 598 generis
1150 534 1406 582 numero
1448 516 1802 596 expleturos
1819 564 1834 591 ,
1883 532 2138 580 secures
2167 526 2334 579 rutra

374 610 565 670 falces
594 606 873 668 alveolos
892 605 1111 681 mola,
1142 611 1436 681 quantum
1464 603 1526 663 in
1558 602 1962 679 quadraginta
1982 602 2202 678 longas
2229 620 2338 663 na·

371 710 485 753 ves
517 707 677 769 opus
708 696 893 765 esset,
936 687 1117 750 tritici
1147 694 1390 749 eentum
1418 695 1480 749 et
1506 687 1719 764 viginti
1747 686 1913 748 milia
1938 686 2229 762 modium,
2276 694 2338 748 et

373 778 435 837 in
463 776 751 837 viaticum
792 772 1229 835 decurionibus
1256 772 1716 848 remigibusque
1743 770 2108 843 collaturos;
2155 770 2336 833 Peru-

373 860 491 921 sini
520 857 747 920 Clusini
774 856 1090 920 Rusellani
1116 855 1353 919 abietes
1392 857 1456 917 in
1485 855 1876 917 fabricandas
1903 870 2100 917 naves
2129 861 2188 915 et
2213 857 2338 916 fru-

371 944 555 1005 menti
599 954 887 1017 magnum
925 957 1261 1003 numerum.
1344 940 1546 1001 abiete
1595 956 1676 1001 ex
1715 939 1978 1017 publicis
2020 939 2194 1001 silvis
2243 945 2340 999 est

369 1044 542 1091 usus.
584 1025 869 1088 Umbriae
898 1025 1112 1102 populi
1142 1032 1204 1088 et
1231 1032 1476 1102 praeter
1501 1024 1621 1085 hos
1649 1024 1896 1085 Nursini
1923 1029 1985 1084 et
2010 1022 2248 1084 Reatini
2276 1029 2339 1084 et

371 1110 731 1173 Amiternini
756 1108 1147 1186 Sabinusque
1177 1110 1378 1172 omnis
1407 1124 1557 1185 ager
1582 1108 1803 1169 milites
1834 1106 2108 1185 polliciti.
2149 1106 2337 1168 Marsi

370 1195 601 1272 Peligni
629 1192 1083 1270 Marrucinique
1121 1194 1293 1256 multi
1334 1192 1664 1255 voluntarii
1692 1193 1942 1253 nomina
1969 1192 2030 1251 in
2073 1192 2338 1252 classem

372 1280 696 1341 dederunt.
738 1278 1047 1339 Camertes
1076 1292 1215 1339 cum
1245 1293 1449 1354 aequo
1473 1278 1726 1350 foedere
1755 1291 1893 1337 cum
1912 1276 2208 1338 Romanis
2239 1290 2337 1335 es·

374 1371 529 1439 sent,
559 1362 872 1425 cohortem
900 1368 1192 1423 armatam
1220 1366 1655 1423 sexcentorum
1681 1360 1996 1422 hominum
2023 1358 2336 1421 miserunt.

370 1448 615 1523 triginta
640 1446 886 1507 navium
908 1445 1171 1520 carinae,
1200 1446 1414 1521 viginti
1445 1446 1919 1522 quinqueremes
1943 1444 2156 1505 decem
2187 1460 2336 1519 qua-

372 1530 685 1603 drireme8‚
718 1544 858 1590 cum
887 1537 1100 1591 essent
1118 1528 1381 1607 positae,
1411 1530 1550 1606 ipse
1575 1529 1661 1590 ita
1684 1528 1902 1590 institit
1927 1528 2118 1604 operi,
2147 1534 2217 1589 ut
2236 1527 2338 1588 die

374 1613 844 1693 quadragesimo
871 1612 1079 1688 quinto
1105 1630 1291 1689 quam
1315 1630 1394 1675 ex
1413 1614 1589 1675 silvis
1615 1613 1889 1675 detracta
1907 1612 2161 1672 materia
2184 1619 2338 1687 erat,

370 1714 564 1759 naves
618 1698 952 1759 instructae
1008 1704 1402 1775 armataeque
1453 1698 1516 1759 in
1573 1712 1798 1773 aquam
1848 1694 2150 1757 deductae
2197 1695 2338 1757 sint.

368 1782 577 1847 XLVI.
644 1781 958 1859 proiectus
998 1780 1061 1841 in
1103 1780 1374 1843 Siciliam
1413 1787 1508 1843 est
1547 1780 1793 1857 trIginta
1833 1779 2096 1841 navibus
2136 1779 2338 1855 longis

369 1866 855 1929 voluntariorum
895 1872 1133 1942 septem
1171 1867 1364 1927 ferme
1403 1865 1650 1927 milibus
1689 1864 1753 1925 in
1780 1880 1975 1928 naves
2009 1863 2338 1940 impositis.

370 1959 432 2012 et
468 1950 532 2009 P.
573 1950 842 2011 Licinius
881 1948 943 2008 in
982 1948 1255 2012 Bruttios
1301 1949 1384 2009 ad
1425 1950 1584 2010 duos
1628 1949 1937 2010 exercitus
1978 1948 2338 2009 consulares

372 2035 557 2094 venit.
624 2049 704 2093 ex
731 2032 809 2094 iis
838 2047 979 2094 eum
1008 2032 1126 2093 sibi
1155 2032 1436 2110 sumpsit,
1485 2046 1668 2109 quem
1695 2032 1764 2093 L.
1793 2031 2089 2093 Veturius
2119 2033 2342 2091 consul

367 2117 695 2179 babuci-aiz
750 2116 995 2176 Metello
1012 2161 1027 2189 ,
1082 2123 1149 2178 ut
1189 2116 1413 2195 quibus
1452 2116 1828 2193 praefuisset
1867 2116 2194 2191 lea-ionibus
2207 2161 2222 2189 ,
2263 2119 2344 2177 iis

364 2208 683 2281 praeesset,
716 2198 957 2261 facilius
986 2216 1128 2262 cum
1156 2200 1434 2276 adsuetis
1461 2198 1720 2277 irnperio
1743 2214 1874 2260 rem
1900 2208 2218 2275 gesturum
2241 2214 2342 2259 ra-

368 2295 487 2362 tus,
518 2284 814 2362 permisit.
883 2292 945 2345 et
973 2290 1294 2361 praetores
1323 2284 1553 2345 diversi
1579 2284 1644 2344 in
1674 2282 2028 2361 provincias
2059 2283 2341 2360 profecti.

369 2377 430 2432 et
459 2368 605 2447 quia
632 2368 895 2446 pecunia
922 2366 1002 2429 ad
1032 2368 1257 2430 beilum
1287 2368 1516 2444 deerat,
1545 2367 1677 2443 agri
1707 2367 1999 2444 Campani
2026 2366 2344 2444 regionem

371 2472 409 2515 a
439 2456 612 2517 rossa
636 2454 871 2515 Graeca
899 2454 981 2515 ad
1008 2466 1177 2513 mare
1196 2468 1444 2513 versam
1466 2452 1740 2513 vendere
1769 2457 2132 2528 quaestores
2163 2450 2341 2526 iussi,

367 2538 594 2617 indicio
633 2552 885 2617 quoque
915 2536 1239 2613 permisso,
1287 2536 1390 2613 qui
1419 2550 1569 2611 ager
1596 2535 1752 2597 civis
1781 2536 2074 2613 Campani
2101 2534 2345 2611 fuisset,

366 2624 454 2683 uti
491 2621 545 2681 is
601 2620 882 2697 publicus
924 2620 1138 2697 populi
1174 2619 1438 2681 Romani
1489 2624 1675 2680 esset.
1755 2616 1945 2679 indici
1998 2620 2345 2696 praemium

370 2704 779 2780 constitutum,
820 2710 1086 2781 quantae
1116 2704 1420 2780 pecuniae
1446 2718 1598 2779 ager
1625 2701 1929 2765 indicatus
1959 2710 2145 2781 esset,
2188 2720 2344 2781 pars

371 2790 629 2850 decima.
697 2795 759 2849 et
786 2788 893 2849 Cn.
924 2787 1185 2849 Servilio
1214 2786 1484 2865 praetori
1509 2786 1645 2848 urb.
1673 2786 1983 2862 negotium
2009 2787 2237 2863 dattun,
2279 2794 2348 2847 ut

370 2874 661 2950 Campani
704 2872 905 2947 cives,
958 2870 1068 2933 ubi
1109 2871 1336 2949 cuique
1389 2886 1470 2931 ex
1511 2876 1764 2934 senatus
1804 2871 2088 2934 consulto
2129 2871 2345 2932 liceret

367 2954 673 3031 habitare,
727 2953 811 3015 ibi
850 2954 1219 3030 habitarent,
1264 2953 1900 3030 animadverteretque
1937 2955 2000 3015 in
2043 2970 2156 3017 eos
2171 3001 2187 3030 ,
2234 2956 2343 3030 qui

368 3038 513 3100 alibi
538 3038 899 3100 habitarent.

393 3175 397 3183 .
538 3122 773 3183 Eadem
800 3130 1035 3183 aestate
1054 3122 1237 3198 Mago
1265 3123 1626 3184 Hamilcaris
1655 3121 1820 3184 iilius
1850 3136 1932 3183 ex
1957 3122 2194 3183 minore
2219 3122 2344 3182 Ba-

368 3207 607 3268 liarium
646 3206 865 3279 insula,
904 3206 1010 3267 ubi
1052 3205 1419 3283 hibernarat,
1464 3208 1772 3268 iuventute
1799 3206 1959 3267 lecta
1983 3206 2046 3267 in
2075 3208 2346 3267 classem

368 3290 684 3367 imposita,
742 3291 804 3351 in
846 3288 1077 3353 Italiam
1118 3292 1361 3366 triginta
1412 3291 1604 3352 ferme
1644 3291 1924 3353 rostratis
1976 3288 2240 3353 navibus
2283 3296 2348 3352 et

368 3374 572 3435 multis
614 3374 909 3437 onerariis
938 3374 1264 3436 duodecim
1295 3375 1461 3436 milia
1486 3374 1764 3452 peditum
1793 3375 1918 3437 duo
1945 3374 2139 3435 ferme
2163 3373 2350 3451 equi-

368 3464 495 3520 tum
514 3457 764 3532 traiecit,
798 3458 1198 3535 Genuamque
1223 3460 1405 3521 nullis
1429 3460 1756 3536 praesidiis
1778 3458 2137 3520 maritimam
2167 3474 2347 3520 oram
