2550 3959
557 226 787 289 LIBER
813 227 1026 288 xxlv.
1071 226 1236 287 CAP.
1266 234 1355 290 44.
1383 235 1470 290 45.
1515 230 1586 307 [a.
1615 233 1681 287 c.
1711 234 1839 303 πω]
2088 228 2170 296 45

203 383 322 445 tori
352 379 597 443 urbano
626 380 911 441 mandata
937 379 1254 440 Luceriam
1296 378 1674 456 provinciam
1700 381 1953 445 haberet
1982 384 2168 461 legio·

205 479 452 542 aesque
474 464 651 538 duaS,
684 462 904 539 quibus
927 462 997 539 Q.
1017 462 1261 539 FabiuS,
1292 464 1395 541 qui
1418 471 1543 526 tum
1573 466 1789 527 consul
1818 473 1963 541 erat,
1994 484 2168 543 prae·

207 559 301 610 tor
343 548 718 626 praefuerat.
779 546 847 606 P.
889 544 1253 625 Sempronio
1296 548 1615 625 provincia
1652 548 2016 626 Ariminum,
2064 551 2169 613 Cn.

207 633 429 694 Fulvio
460 630 762 692 Suessula
791 646 927 692 cum
954 628 1115 691 binis
1143 631 1287 692 item
1317 631 1661 708 legionibus
1702 639 2063 711 evenerunt,
2109 643 2173 696 ut

203 715 460 777 Fulvius
492 714 759 775 urbanas
788 715 1064 791 legiones
1089 714 1354 793 duceret,
1381 714 1714 779 Tuditanus
1740 732 1777 777 a
1794 715 2169 796 M'.Pompo-

205 800 309 861 nio
338 799 670 875 acciperet.
727 804 1060 874 prorogata
1081 795 1338 875 imperia
1360 800 1857 877 provinciaeque,
1885 800 1968 863 M.
1992 801 2167 863 Clau·

205 886 310 945 dio
335 881 551 943 Sicilia
570 881 796 943 finibus
817 881 909 943 eis
931 881 1156 957 quibus
1178 898 1433 959 regnum
1444 882 1727 945 Hieronis
1751 884 1985 961 fuisset,
2013 885 2159 947 Len-

205 968 336 1028 tulo
359 966 751 1043 propraetori
781 965 1097 1042 provincia
1121 973 1315 1041 vetuS,
1342 966 1405 1025 Τ.
1434 965 1686 1029 Otacilio
1710 968 1960 1043 classis;
1993 985 2166 1031 exer·

205 1053 364 1112 citus
392 1049 544 1110 nulli
575 1047 764 1110 additi
793 1050 959 1111 novi.
1022 1048 1104 1109 M.
1119 1049 1369 1111 Valerio
1400 1050 1654 1111 Graecia
1680 1050 2166 1129 Macedoniaque

207 1150 348 1195 eum
377 1132 624 1209 legione
649 1140 712 1193 et
734 1134 935 1193 classe
960 1148 1141 1208 quam
1164 1132 1447 1205 haberet;
1479 1132 1546 1209 Ω.
1560 1134 1763 1196 Mucio
1796 1151 1933 1196 cum
1960 1145 2167 1198 vetere

205 1216 484 1278 exercitu
505 1250 591 1261 —
613 1217 772 1278 duae
801 1222 1000 1277 autern
1023 1215 1300 1293 legiones
1332 1224 1503 1278 erant
1520 1248 1605 1261 -
1634 1216 1946 1289 Sardinia;
1978 1219 2163 1282 C.Te-

205 1300 406 1362 rentio
447 1300 608 1376 legio
648 1317 803 1376 una,
848 1300 946 1361 cui
986 1300 1108 1360 iam
1147 1306 1457 1378 praeerat,
1502 1317 1575 1362 ac
1613 1300 1917 1363 Picenum.
1981 1302 2164 1363 scribi

205 1392 529 1462 praeterea
569 1384 732 1445 duae
771 1382 1043 1445 urbanae
1082 1384 1358 1459 legiones
1406 1386 1615 1447 iussae
1654 1392 1714 1447 et
1752 1384 1963 1463 viginti
2004 1383 2167 1446 milia

205 1469 542 1532 sociorum.
599 1467 698 1528 his
739 1467 1032 1544 ducibus,
1075 1466 1171 1529 his
1203 1467 1400 1545 copiis
1441 1470 1743 1531 adversus
1772 1471 1959 1531 multa
1987 1469 2165 1533 simul

205 1559 314 1613 aut
353 1557 522 1613 mota
561 1557 667 1613 aut
712 1558 1004 1629 suspecta
1041 1551 1202 1613 bella
1243 1552 1627 1615 muniverunt
1667 1554 2009 1616 Romanum
2059 1553 2165 1615 im-

205 1636 466 1713 perium.

381 1719 681 1780 Consules
712 1717 954 1781 duabus
983 1719 1234 1780 urbanis
1265 1718 1609 1795 legionibus
1642 1720 1884 1797 scriptis
1913 1722 2163 1797 supple·

207 1808 540 1878 mentoque
579 1803 641 1863 in
686 1802 837 1863 alias
879 1802 1066 1878 lectu,
1127 1802 1485 1879 priusquam
1524 1803 1604 1863 ab
1643 1802 1795 1863 urbe
1834 1810 2165 1879 moverent,

207 1887 494 1965 prodigia
522 1891 922 1962 procurarunt
950 1902 1111 1962 quae
1138 1885 1412 1947 nuntiata
1440 1892 1629 1947 erant.
1684 1903 1892 1947 murus
1921 1902 1995 1948 ac
2025 1902 2165 1963 por·

207 1980 306 2033 tae
349 1970 586 2031 Atellae
627 1976 688 2031 et
725 1968 970 2031 Ariciae
1023 1970 1206 2030 etiam
1247 1968 1415 2031 lovis
1462 1969 1637 2031 aedis
1678 1970 1757 2032 de
1798 1970 1970 2032 caelo
2006 1976 2167 2033 taeta

207 2057 468 2116 fuerant.
531 2059 594 2116 et
621 2054 742 2114 alia
771 2052 1034 2117 ludibria
1061 2052 1379 2117 oculorum
1408 2054 1765 2131 auriumque
1794 2054 2025 2141 credita
2052 2071 2165 2131 pro

203 2139 407 2201 ver-ise
461 2136 706 2198 navium
748 2139 1065 2214 longarum
1106 2138 1353 2213 species
1395 2138 1455 2199 in
1495 2135 1746 2200 flumine
1784 2138 2163 2209 Tarracinae,

209 2238 374 2301 quae
400 2221 602 2283 nullae
630 2228 820 2297 erant,
847 2220 1056 2292 visae3
1087 2227 1146 2281 et
1175 2221 1234 2281 in
1256 2222 1423 2282 Iovis
1444 2221 1691 2283 Vicilini
1720 2222 1968 2298 temp10,
2001 2222 2163 2297 quod

201 2307 268 2367 in
292 2306 644 2382 Compsano
672 2321 820 2381 agro
849 2311 962 2381 est,
993 2320 1162 2365 arma
1189 2304 1644 2385 concrepuisse,
1674 2312 1737 2366 et
1762 2302 1989 2366 flumen
2000 2304 2166 2365 Ami·

208 2390 368 2453 terni
397 2396 706 2450 cruentum
737 2388 1014 2449 fluxisse.
1075 2388 1173 2450 his
1204 2388 1546 2465 procuratis
1580 2404 1659 2449 ex
1691 2389 1938 2450 decreto
1970 2388 2165 2465 ponti-

203 2476 395 2536 ficum
422 2473 678 2549 profecti
709 2473 1015 2549 consuleS,
1059 2471 1459 2549 Sempronius
1488 2472 1549 2531 in
1572 2470 1873 2546 LucanoS,
1916 2470 1977 2531 in
1998 2472 2164 2546 Apu-

205 2560 355 2618 liam
382 2556 625 2617 Fabius.
692 2562 866 2633 pater
905 2556 1031 2617 filio
1078 2557 1317 2633 legatus
1357 2556 1440 2615 ad
1468 2554 1825 2616 Suessulam
1864 2552 1925 2614 ln
1967 2562 2165 2615 castra

208 2641 398 2702 venit.
460 2656 598 2701 cum
642 2640 882 2702 obviarn
923 2639 1086 2701 filius
1127 2639 1624 2717 progrederetur,
1665 2638 2032 2714 lictoresque
2060 2654 2164 2698 ve-

205 2724 503 2787 recundia
531 2724 863 2785 maiestatis
893 2723 1025 2785 eius
1055 2723 1216 2785 taciti
1247 2723 1571 2800 anteirent,
1610 2729 1854 2799 praeter
1881 2722 2162 2797 undecim

207 2812 420 2871 fasces
462 2822 624 2883 equo
669 2814 1033 2884 praevectus
1064 2823 1289 2882 senex,
1331 2812 1399 2868 ut
1426 2806 1642 2868 consul
1683 2806 2164 2867 animadvertere

206 2891 559 2970 proximum
589 2892 862 2953 lictorem
891 2890 1096 2966 iussit,
1141 2897 1204 2952 et
1230 2896 1298 2952 ut
1325 2890 1397 2967 is,
1442 2890 1846 2953 descenderet
1874 2907 1952 2952 ex
1982 2906 2162 2969 equ0,

205 2975 576 3049 inclamavit,
607 2982 733 3037 tum
756 2975 1000 3037 demum
1021 2974 1315 3036 desiliens
1338 2974 1685 3052 „experiri“
1716 2975 1912 3053 inquit
1939 2974 2162 3051 „volui,

205 3060 314 3136 fili,
363 3058 538 3122 satin'
569 3059 764 3120 scires
794 3060 1110 3121 consulem
1137 3066 1198 3121 te
1228 3062 1431 3119 esse“.

381 3142 561 3203 XLV.
635 3143 704 3202 ln
749 3157 825 3205 ea
875 3150 1079 3205 castra
1116 3142 1339 3205 Dasius
1384 3143 1645 3205 Altinius
1683 3142 1955 3221 Arpinus
2010 3142 2164 3201 clam

206 3233 394 3290 nocte
423 3242 560 3291 cum
589 3226 780 3288 tribus
810 3226 1009 3288 servis
1037 3227 1222 3302 venit,
1253 3226 1631 3303 promittens,
1662 3226 1716 3287 si
1746 3226 1862 3288 sibi
1892 3223 2162 3301 praemio

207 3314 398 3385 foret,
444 3325 514 3372 se
544 3310 750 3387 Arpos
779 3310 1156 3388 proditurum
1187 3326 1349 3373 csse.
1415 3326 1549 3371 eam
1580 3326 1707 3371 rem
1736 3309 1815 3371 ad
1846 3307 2167 3371 consilium

205 3410 352 3457 cum
390 3394 728 3455 rettulisset
751 3393 1004 3471 Fabius,
1057 3393 1192 3455 aliis
1235 3408 1350 3470 pro
1391 3394 1707 3469 transfuga
1745 3392 2165 3454 verberandus

203 3477 654 3554 necandusque
684 3477 880 3540 videri
910 3477 1190 3556 ancipitis
1220 3476 1401 3539 animi
1431 3476 1769 3538 communis
1792 3475 2016 3548 hostis,
2062 3472 2165 3552 qni
