2550 3959
53 3332 57 3385 ἰ

463 262 697 324 LIBER
717 262 929 323 xxiv.
977 262 1144 323 cAP.
1172 270 1260 326 27.
1284 270 1371 325 28.
1396 272 1484 326 29.
1527 271 1599 338 [a.
1624 270 1840 341 0214]
2038 264 2121 329 29
2193 291 2216 316 .-

163 416 412 493 dempto
455 414 678 474 timore
703 412 1114 489 Hippocrates
1145 421 1206 473 et
1229 414 1545 491 Epicydes
1578 431 1742 476 nunc
1770 418 1939 493 apud
1965 434 2119 480 mer-

161 498 488 561 cennarios
537 496 758 557 milites
807 512 972 557 nunc
1013 498 1183 573 apud
1222 500 1574 575 transfugas
1619 500 1801 575 prodi
1841 503 2123 567 Romano

162 584 516 663 Syracusas
535 580 1025 642 criminabantur.
1058 588 1127 642 ut
1145 597 1298 643 vero
1312 582 1555 659 Appius
1578 599 1774 645 naves
1797 586 1877 645 ad
1901 586 2124 650 ostium

163 675 408 745 portuS‚
453 682 580 741 quo
623 664 779 725 aliae
805 666 998 741 partis
1027 664 1379 727 hominibus
1410 666 1650 729 animus
1678 669 2032 745 accederet,
2063 672 2122 731 in

162 753 426 813 statione
447 748 678 810 habere
701 749 922 825 coepit,
945 750 1164 824 ingens
1187 749 1249 809 in
1273 749 1547 825 speciem
1572 752 1925 814 criminibus
1945 755 2125 816 vanis

161 841 518 897 accesserat
557 833 748 903 fides;
787 849 862 894 ac
900 833 1100 909 primo
1141 834 1323 894 etiam
1363 836 1733 897 tumultuose
1772 838 2128 900 decurrerat

159 918 482 980 multitudo
511 916 594 977 ad
622 916 1064 992 prohibendos,
1093 917 1148 978 si
1175 917 1238 977 in
1267 926 1491 979 terram
1519 921 1973 995 egrederentur.

322 1000 597 1063 XXVIII.
640 1002 707 1061 In
729 1001 845 1061 hac
864 1002 1210 1063 turbatione
1233 1017 1437 1062 rerum
1459 1003 1521 1063 in
1545 1006 1891 1066 contionem
1913 1008 2124 1068 vocari

163 1087 410 1163 placuit.
457 1085 564 1147 ubi
593 1100 733 1145 eum
761 1085 862 1146 alii
892 1086 1014 1145 alio
1043 1085 1391 1159 tenderent,
1434 1102 1549 1147 nec
1577 1091 1797 1164 procui
1825 1090 2125 1152 seditione

161 1188 258 1233 res
287 1176 484 1244 esset,
525 1168 935 1244 Apollonides
965 1169 1313 1246 principum
1342 1186 1501 1231 unus
1532 1172 1870 1234 orationem
1900 1176 2124 1237 saluta-

159 1271 287 1315 rem
315 1263 387 1316 ut
413 1253 474 1313 in
505 1253 610 1314 tali
638 1261 916 1330 tempore
943 1253 1182 1315 habuit=
1238 1268 1355 1314 nec
1386 1270 1563 1329 spem
1592 1256 1809 1316 salutis
1838 1272 1954 1317 nec
1982 1274 2123 1335 per·

162 1339 384 1400 niciem
434 1338 791 1414 propiorem
830 1354 1122 1413 umquam
1163 1338 1388 1399 civitati
1430 1339 1538 1398 uili
1577 1339 1791 1401 ruisse.
1866 1340 1921 1400 si
1962 1342 2123 1402 enim

161 1440 282 1485 uno
313 1424 522 1483 animo
553 1436 768 1481 omnes
796 1423 896 1481 vel
923 1422 1001 1481 ad
1023 1422 1339 1483 Romanos
1366 1423 1467 1482 vel
1490 1422 1568 1483 ad
1594 1423 2126 1501 Carthaginienses

162 1507 484 1579 inclinent,
527 1505 755 1567 nullius
796 1505 1055 1567 civitatis
1098 1514 1322 1567 statum
1365 1508 1825 1569 fortunatiorem
1866 1525 1940 1569 ac
1982 1509 2125 1570 bea-

160 1593 380 1654 tiorem
407 1590 574 1650 forez
619 1589 673 1649 si
701 1589 803 1650 alii
833 1590 955 1650 alio
985 1589 1227 1651 trahant
1251 1606 1375 1666 reS,
1406 1608 1531 1653 non
1560 1592 1719 1653 inter
1738 1591 1983 1654 Poenos
2000 1594 2125 1654 Ro·

161 1689 508 1749 manesque
536 1673 760 1734 bellum
788 1674 1060 1735 atrocius
1089 1675 1222 1735 fore
1253 1690 1437 1751 quam
1466 1676 1623 1736 inter
1651 1677 1827 1754 ipsos
1858 1675 2121 1755 Syracu·

163 1774 374 1836 sanoS,
421 1774 560 1818 cum
586 1758 744 1818 intra
771 1757 1028 1819 eosdem
1057 1774 1268 1820 muros
1301 1774 1449 1833 pars
1476 1766 1739 1836 utraque
1770 1775 1920 1820 suos
1950 1776 2125 1819 exer—

165 1846 340 1918 citus,
373 1857 493 1903 sua
519 1858 706 1918 arma,
738 1858 890 1904 suos
917 1842 1198 1903 habitura
1227 1843 1309 1903 sit
1335 1842 1549 1902 duces.
1615 1843 1839 1919 itaque,
1870 1850 1936 1904 ut
1963 1844 2123 1903 idem

163 1944 381 1990 omnes
425 1926 719 2001 sentiant,
765 1943 1004 1988 summa
1027 1926 1092 1987 vi
1119 1927 1429 2001 agendum
1458 1941 1622 1987 esse.
1692 1936 1831 1988 utra
1858 1928 2125 1989 societas

162 2014 237 2074 sit
277 2011 518 2083 utilior,
565 2026 701 2069 eam
741 2012 926 2086 longe
953 2010 1248 2071 minorem
1279 2027 1353 2071 ac
1382 2010 1633 2072 levioris
1662 2013 1951 2073 momenti
1981 2028 2125 2072 con-

161 2095 558 2157 sultationem
600 2108 778 2165 esse;
823 2095 937 2154 sed
975 2101 1178 2154 tamen
1204 2092 1492 2155 Hieronis
1536 2096 1743 2171 potius
1776 2114 1960 2171 quam
1984 2096 2127 2156 Hie-

160 2179 412 2259 ronymi
453 2178 874 2239 auctoritatem
917 2177 1299 2254 sequendam
1340 2179 1401 2237 in
1446 2180 1634 2239 sociis
1676 2180 1954 2255 legendis
1970 2227 1985 2255 ,
2026 2182 2127 2238 vel

163 2262 614 2341 quinquaginta
655 2262 831 2322 annis
863 2262 1118 2322 feliciter
1146 2270 1466 2338 expertam
1495 2262 1817 2323 amicitiam
1849 2279 2010 2323 nunc
2035 2262 2128 2321 in-

161 2348 468 2425 cognitae,
498 2345 808 2421 quondam
840 2344 1068 2406 infideli
1097 2346 1583 2422 praeferendam.
1629 2363 1773 2408 esse
1797 2347 1973 2409 etiam
1996 2362 2126 2407 mo-

159 2432 347 2494 menti
389 2429 627 2505 aliquid
669 2430 749 2489 ad
794 2429 1146 2505 consilium,
1190 2429 1362 2505 quod
1403 2430 2004 2507 Carthaginiensibus
2045 2431 2129 2491 ita

162 2534 284 2592 pax
328 2514 543 2590 negari
590 2523 834 2590 posset,
885 2523 952 2575 ut
991 2530 1116 2574 non
1155 2513 1370 2588 utique
1410 2512 1471 2573 in
1513 2515 1865 2589 praesentia
1904 2514 2129 2574 bellum

163 2618 300 2661 cum
346 2598 440 2659 eis
481 2608 757 2673 geraturz
815 2614 953 2658 cum
978 2597 1273 2658 Romanis
1304 2599 1613 2673 extemplo
1644 2606 1751 2658 aut
1778 2614 1997 2674 pacem
2026 2607 2132 2658 aut

159 2682 389 2745 bellum
427 2682 800 2743 habendum.
869 2697 992 2758 quo
1041 2682 1242 2743 minus
1288 2680 1637 2756 cupiditatis
1679 2697 1755 2742 ac
1782 2682 1964 2743 studii
1992 2683 2129 2742 visa

163 2776 254 2830 cst
290 2765 492 2830 oratio
535 2766 796 2839 habere,
839 2782 916 2827 eo
947 2768 1086 2841 plus
1116 2764 1495 2827 auctoritatis
1524 2764 1753 2826 habuit.
1828 2766 2129 2826 adiectum

164 2858 254 2914 est
281 2851 680 2928 praetoribus
711 2866 784 2911 ac
815 2850 1067 2910 deiectis
1099 2858 1453 2911 senatorum
1482 2849 1739 2911 militare
1770 2850 1950 2910 etiam
1980 2864 2128 2910 con-

165 2935 400 2996 siliuma
443 2934 600 2995 iussi
641 2942 705 2995 et
745 2934 938 2996 duces
983 2933 1264 2995 ordinum
1309 2934 1733 3010 praefectique
1762 2934 2129 2994 auxiliorum

163 3020 346 3081 simul
377 3018 723 3079 consulere.
769 3034 910 3079 cum
940 3032 1132 3093 saepe
1162 3024 1301 3079 acta
1326 3033 1431 3077 res
1463 3024 1635 3079 esset
1663 3017 1901 3093 magnis
1934 3025 2126 3077 certa-

163 3103 449 3175 minibus,
482 3109 816 3181 postremo‚
849 3101 996 3179 quia
1021 3101 1166 3162 belli
1197 3117 1336 3163 cum
1364 3102 1660 3163 Romanis
1690 3100 1945 3177 gerendi
1972 3102 2125 3159 ratio

50 3248 52 3265 ξ
163 3189 331 3249 nulla
352 3187 711 3263 apparebat,
741 3201 960 3262 pacem
981 3186 1113 3245 fieri
1136 3186 1365 3263 placuit
1385 3186 1662 3263 mittique
1684 3200 1823 3246 cum
1846 3183 1938 3243 eis
1960 3182 2124 3257 lega·

52 3310 54 3313 >
165 3279 256 3333 tos
286 3271 374 3332 ad
402 3287 532 3333 rem
561 3270 1062 3331 confirmandam.

325 3355 542 3417 XXIX.
597 3355 744 3416 Dies
786 3353 951 3415 haud
991 3354 1074 3414 ita
1112 3353 1283 3413 multi
1323 3352 1834 3425 intercesserunt,
1880 3366 2018 3412 cum
2046 3366 2159 3411 ex-

164 3437 474 3502 Leontinis
504 3437 688 3515 legati
712 3437 1092 3515 praesidium
1115 3436 1342 3499 finibus
1366 3436 1497 3498 suis
1523 3443 1770 3498 orantes
1788 3440 2123 3503 venerunt;

168 3539 321 3597 quae
350 3522 580 3599 legatio
610 3530 1075 3599 peropportuna
1101 3520 1238 3581 visa
1266 3520 1347 3581 ad
1374 3519 1819 3582 multitudinem
1846 3518 2121 3579 incondi-
2168 3582 2177 3591 ,
