2550 3959
372 209 496 273 298
682 210 907 271 Limen
928 211 1138 271 xxix.
1184 210 1353 270 CAP.
1381 218 1464 273 ιτ.
1493 218 1575 272 18.
1624 216 1694 284 [a.
1723 216 1788 269 υ.
1813 233 1861 267 c.
1887 218 2012 282 548]

371 364 602 441 passim
643 362 960 423 mulierum
1000 375 1483 440 puerorumque,
1527 360 1632 437 qui
1660 361 1980 445 rapiuntur
2009 370 2194 439 atque
2225 380 2322 425 as—

371 454 706 523 portantur,
737 446 1079 523 ploratibus
1102 453 1342 507 sonant.
1381 446 1632 506 miretur
1657 446 1762 521 qui
1784 446 1957 521 sciat,
1991 464 2114 521 quo
2137 448 2326 509 modo

368 538 471 593 aut
500 548 615 593 nos
646 531 725 591 ad
757 530 1111 605 patiendum
1142 530 1551 601 sufficiamuS,
1596 536 1699 591 aut
1725 529 1895 602 illos,
1942 532 2046 605 qui
2079 531 2326 608 faciunt,

367 616 640 676 nondum
670 620 969 675 tantarum
997 613 1351 674 iniuriarum
1381 614 1629 673 satietas
1659 614 1909 689 ceperit.
1973 630 2176 690 neque
2207 630 2324 690 ego

367 700 627 775 exsequi
663 714 954 773 possum,
1006 713 1120 759 nee
1158 697 1338 759 vobis
1381 713 1610 772 operae
1651 705 1746 758 est
1788 696 2029 771 audire,
2097 698 2326 774 singuli

369 800 529 859 quae
570 782 744 859 passi
782 797 1027 842 sumus=
1068 782 1469 842 communiter
1511 781 1714 841 omnia
1741 783 2091 857 amplectar.
2161 798 2324 858 nego

366 868 613 927 domum
634 866 817 926 ullam
836 865 1069 941 Locris,
1100 881 1261 941 nego
1288 880 1655 941 quemquam
1677 864 1984 926 hominem
2004 872 2324 941 expertem

364 1034 483 1094 tiae
524 1048 892 1110 superesse,
938 1035 1106 1109 quod
1134 1033 1195 1115 in
1222 1035 1381 1108 ullo,
1425 1032 1532 1108 qui
1558 1031 1686 1108 pati
1715 1032 2009 1110 potuerit,
2051 1040 2321 1107 praeter-

363 1118 619 1177 missum
648 1117 746 1176 sit.
812 1118 917 1177 vix
945 1118 1101 1177 ratio
1130 1116 1267 1177 iniri
1295 1125 1531 1193 potest,
1575 1122 1710 1176 uter
1737 1132 1925 1177 casus
1953 1116 2215 1178 civitatis
2243 1117 2325 1178 sit

364 1201 813 1274 detestabilior,
857 1216 993 1261 cum
1035 1201 1249 1262 hostes
1293 1201 1454 1263 bello
1498 1200 1712 1263 urbem
1755 1208 2010 1275 cepere,
2063 1217 2141 1261 an
2183 1216 2323 1261 cum

361 1284 683 1344 exitiabilis
706 1290 1005 1363 tyrannus
1029 1286 1091 1345 vi
1116 1291 1302 1360 atque
1325 1284 1510 1345 armis
1532 1284 1866 1359 oppressit.
1911 1284 2136 1359 omnia,
2161 1301 2323 1361 quae

362 1376 577 1443 captae
617 1368 804 1429 urbes
834 1367 1172 1445 patiuntur,
1214 1368 1388 1444 passi
1418 1384 1632 1429 sumus
1663 1373 1724 1427 et
1751 1384 1888 1429 cum
1919 1368 2184 1429 maxime
2212 1386 2318 1445 pa-

358 1452 557 1526 timur,
589 1457 797 1527 patres
828 1453 1195 1528 conscriptiz
1242 1454 1475 1527 omnia,
1507 1467 1667 1529 quae
1698 1451 2105 1513 crudelissimi
2135 1459 2322 1527 atque

361 1536 861 1610 importunissimi
900 1536 1143 1614 tyranni
1180 1538 1419 1597 scelera
1446 1536 1508 1595 in
1539 1551 1882 1611 oppressos
1912 1535 2082 1596 cives
2112 1537 2320 1611 edunt,

357 1618 683 1679 Pleminius
735 1618 796 1678 in
838 1636 953 1680 nos
996 1620 1356 1695 liberosque
1398 1626 1648 1681 nostros
1691 1626 1754 1679 et
1781 1620 2078 1696 coniuges
2108 1620 2320 1682 edidit.

356 1702 567 1764 XVIII.
614 1718 799 1763 unum
840 1710 968 1778 est,
1012 1703 1090 1763 de
1133 1720 1255 1780 quo
1287 1704 1638 1765 nominatim
1669 1710 1728 1765 et
1753 1720 1870 1765 nos
1902 1704 2076 1779 queri
2105 1704 2320 1780 religio

356 1786 545 1846 infixa
573 1786 788 1847 animis
821 1794 1017 1861 cogat,
1050 1794 1112 1849 et
1137 1804 1253 1848 vos
1288 1789 1502 1849 audire
1531 1794 1594 1849 et
1621 1789 1946 1847 exsolvere
1967 1802 2102 1847 rem
2119 1788 2317 1863 publi-

357 1885 490 1930 cam
518 1876 801 1937 ¹vestram
839 1872 1165 1947 religione,
1216 1872 1272 1931 si
1317 1874 1400 1932 ita
1441 1872 1616 1932 vobis
1637 1871 1990 1955 ‘videbitum
2039 1872 2318 1949 velimus,

356 1961 561 2029 patres
595 1954 948 2029 conscripti.
1011 1954 1279 2016 vidimus
1310 1958 1488 2029 enim,
1522 1971 1660 2015 eum
1689 1962 1920 2030 quanta
1947 1953 2320 2017 caerimonia

357 2053 477 2096 non
506 2044 751 2098 vestros
784 2040 983 2097 solum
1016 2038 1233 2098 colatis
1264 2039 1438 2112 deoS,
1483 2040 1596 2099 sed
1627 2038 1805 2099 etiam
1833 2044 2126 2099 externos
2155 2040 2316 2099 aeci·

358 2118 555 2194 piatis.
610 2121 818 2181 fanum
848 2128 945 2181 est
974 2122 1141 2195 apud
1172 2137 1288 2182 nos
1317 2120 1744 2197 Proserpinae,
1776 2122 1855 2181 de
1885 2122 2060 2183 cuius
2093 2124 2316 2183 saneti·

355 2209 473 2263 tate
497 2204 705 2278 templi
730 2205 915 2265 credo
942 2205 1208 2279 aliquam
1231 2206 1454 2266 famam
1477 2206 1556 2265 ad
1579 2222 1697 2265 vos
1719 2206 2082 2280 pervenisse
2096 2205 2316 2284 Pyrrhi

350 2288 541 2362 be110,
589 2283 721 2363 qui,
755 2304 891 2348 eum
922 2304 1001 2348 ex
1034 2287 1241 2349 Sicilia
1267 2289 1514 2349 rediens
1546 2288 1780 2349 Locros
1813 2291 2015 2351 classe
2045 2296 2314 2363 praeter·

353 2370 705 2445 veheretur,
748 2370 909 2432 inter
936 2372 1055 2432 alia
1083 2373 1298 2447 foeda,
1333 2390 1494 2447 quae
1523 2379 1778 2447 propter
1805 2373 1990 2433 fidem
2023 2388 2170 2447 erga
2196 2390 2314 2435 vos

349 2452 409 2514 in
451 2454 753 2515 civitatem
794 2462 1067 2516 nostram
1108 2456 1382 2516 facinora
1422 2456 1640 2530 edidit,
1691 2455 2016 2517 thesauros
2061 2473 2312 2533 quoque

272 2595 287 2609 ,
352 2536 753 2613 Proserpinae
805 2540 1065 2601 intactos
1118 2540 1197 2599 ad
1238 2555 1372 2599 eam
1427 2542 1586 2600 diem
1629 2538 1948 2615 spoliavit;
2003 2544 2190 2615 atque
2229 2540 2314 2601 ita

350 2622 611 2697 pecunia
650 2624 709 2681 in
741 2638 932 2683 naves
963 2623 1251 2697 imposita
1280 2624 1416 2699 ipse
1444 2629 1608 2684 terra
1636 2630 1733 2684 est
1757 2624 2094 2700 profectus.
2163 2624 2315 2699 quid

347 2720 494 2779 ergo
524 2706 746 2780 evenit,
776 2712 986 2781 patres
1014 2707 1390 2782 conscripti?
1432 2706 1651 2768 elassis
1675 2714 1932 2783 postero
1957 2708 2059 2768 die
2081 2707 2306 2769 foedis·

348 2788 503 2848 sima
528 2796 895 2865 tempestate
922 2791 1217 2865 lacerata,
1262 2807 1606 2865 omnesque
1633 2806 1845 2866 naveS,
1879 2806 2040 2867 quae
2067 2806 2308 2852 sacram

348 2872 669 2946 pecuniam
708 2873 1082 2947 habuerunt,
1124 2873 1184 2933 in
1226 2876 1403 2935 litora
1444 2881 1657 2935 nostra
1697 2874 1928 2936 eiectae
1958 2881 2120 2935 sunt.
2185 2891 2311 2951 qua

344 2962 511 3015 tanta
553 2955 729 3017 clade
756 2957 1018 3018 edoctus
1050 2958 1296 3017 tandem
1327 2959 1481 3019 deos
1509 2974 1654 3019 esse
1683 2958 2167 3033 superbissimus
2195 2974 2310 3019 rex

345 3038 667 3112 pecuniam
710 3055 951 3100 omnem
994 3039 1402 3117 conquisitam
1440 3042 1502 3102 in
1543 3042 1872 3104 thesauros
1898 3040 2310 3118 Proserpinae

344 3121 557 3181 referri
604 3122 801 3184 iussit.
869 3140 985 3186 nec
1034 3129 1235 3186 tamen
1285 3126 1369 3185 illi
1418 3142 1708 3202 umquam
1759 3132 1982 3201 postea
2021 3124 2308 3203 prosperi

348 3206 678 3282 quicquam
722 3208 979 3279 evenit3.
1021 3210 1367 3286 pulsusque
1412 3211 1584 3271 Italia
1623 3210 1878 3285 ignobili
1915 3218 2106 3285 atque
2131 3210 2306 3271 inho-

344 3297 517 3349 nesta
548 3297 743 3351 morte
772 3298 999 3354 temere
1028 3300 1208 3355 noete
1236 3293 1557 3369 ingressus
1579 3294 1788 3370 Argos
1813 3294 2116 3356 occubuit.
2153 3294 2310 3354 haec

345 3388 480 3432 cum
522 3374 800 3435 audisset
841 3377 1078 3451 legatus
1119 3384 1328 3437 vester
1366 3376 1716 3451 tribunique
1749 3377 2002 3438 militum
2046 3384 2109 3437 et
2143 3376 2308 3437 mille

344 3454 491 3530 alia,
535 3470 695 3531 quae
734 3474 857 3517 non
900 3460 1221 3533 augendae
1267 3460 1582 3535 religionis
1625 3476 1813 3521 causa
1844 3461 1958 3521 sed
1987 3460 2306 3535 praesenti
