2550 3959
595 206 828 271 LIBER
855 208 1070 271 XXIV.
1115 210 1281 271 CAP.
1306 220 1361 275 8.
1407 219 1481 289 [a.
1502 220 1568 273 0.
1596 222 1724 292 21⁶]
2098 224 2139 285 9

181 362 478 423 rideretur
519 361 825 423 adversus
867 361 1144 423 similiter
1185 371 1623 439 provocantem
1672 382 1843 429 arma
1881 368 2143 446 capienti

179 446 420 508 Gallum
445 445 526 505 ad
551 452 878 505 certamen.
923 461 1106 522 quem
1132 448 1212 507 ad
1239 449 1489 509 modum
1513 451 1752 527 pedites
1780 454 2145 533 equitesque

180 538 468 608 optamus
496 535 564 589 ut
594 528 942 604 validiores,
975 530 1029 590 si
1057 530 1276 607 minus,
1306 540 1373 593 ut
1390 549 1575 609 pares
1594 533 1757 596 hosti
1785 526 2143 610 habeamus,

178 615 264 675 ita
303 612 450 673 duci
491 612 758 674 hostium
784 628 1012 711 ‘parem
1051 615 1479 691 imperatorem
1522 634 1907 694 quaeramus.
1988 636 2145 697 cum,

183 697 286 771 qui
323 705 424 759 est
464 712 740 758 summus
781 697 844 758 in
887 698 1128 759 civitate
1157 700 1316 774 dux,
1360 716 1497 761 eum
1540 702 1897 778 legerimuS,
1942 711 2140 765 tamen

181 786 436 857 repente
475 779 672 841 lectus
687 825 702 855 ‚
761 782 824 841 in
867 796 1090 843 annum
1131 791 1374 845 creatus
1414 786 1721 849 adversus
1759 793 2027 849 veterem
2068 803 2143 848 ac

185 871 544 945 perpetuum
574 864 1005 940 imperatorem
1034 867 1505 943 comparabitur,
1551 871 1733 931 nullis
1763 879 1965 947 neque
1992 878 2141 933 tem·

183 948 348 1029 poris
380 963 497 1007 nec
537 948 686 1009 iuris
726 949 1026 1011 inclusum
1068 952 1397 1027 angustiis,
1444 970 1566 1027 quo
1598 954 1798 1016 minus
1828 956 1910 1017 ita
1940 956 2141 1017 omnia

177 1039 351 1109 gerat
377 1032 900 1108 administretque,
929 1040 996 1095 ut
1023 1041 1300 1111 tempora
1329 1037 1723 1112 postulabunt
1752 1038 1921 1100 belliz
1960 1039 2141 1100 nobis

179 1124 382 1179 autem
407 1115 470 1176 in
499 1124 798 1193 apparatu
826 1117 966 1193 ipso
995 1134 1069 1179 ac
1099 1126 1329 1180 tantum
1357 1120 1783 1183 inchoantibus
1812 1139 1915 1185 res
1944 1140 2141 1185 annus

180 1199 626 1274 circumagitur.
681 1201 987 1277 quoniam,
1021 1203 1236 1279 quales
1264 1204 1435 1265 viros
1466 1220 1677 1265 creare
1708 1223 1821 1267 vos
1850 1208 2140 1268 consules

181 1288 426 1361 deceat,
473 1286 621 1346 satis
651 1293 748 1347 est
774 1286 1034 1362 dictum,
1076 1294 1266 1348 restat
1297 1296 1358 1347 ut
1384 1304 1582 1364 pauca
1612 1290 1691 1349 de
1722 1290 1843 1363 eie,
1890 1291 1950 1359 in
1980 1306 2141 1365 quos

183 1370 649 1448 praerogativae
689 1371 868 1432 favor
907 1371 1247 1447 inclinavit,
1294 1374 1512 1434 dicam.
1588 1373 1669 1437 M.
1696 1374 1995 1435 Aemilius
2020 1374 2140 1434 Re-

181 1454 362 1531 gillus
384 1451 612 1514 flamen
639 1461 736 1517 est
757 1454 1099 1531 Quirinalis,
1133 1472 1313 1532 quem
1342 1472 1545 1533 neque
1570 1458 1807 1519 mittere
1838 1457 1915 1518 ab
1945 1458 2142 1519 sacris

181 1553 382 1615 neque
409 1538 674 1599 retinere
702 1555 1070 1615 possumuS,
1112 1548 1331 1601 utnon
1362 1542 1545 1601 deum
1588 1550 1692 1603 aut
1716 1541 1861 1602 belli
1890 1542 2139 1603 descra-

183 1639 315 1683 mus
355 1637 584 1682 curam.
651 1621 938 1683 Otacilius
965 1625 1200 1685 sororis
1231 1640 1407 1685 meae
1434 1625 1621 1685 filiam
1658 1642 1916 1688 uxorem
1956 1633 2143 1702 atque

181 1722 256 1767 ex
280 1722 360 1767 ea
380 1704 610 1767 liberos
632 1706 842 1766 habete
876 1716 1144 1768 ceterum
1160 1725 1291 1768 non
1313 1725 1388 1769 ea
1408 1718 1613 1769 vestra
1641 1710 1704 1769 in
1726 1725 1824 1770 me
1846 1711 2137 1771 maiores-

185 1806 302 1867 que
333 1804 510 1850 meos
541 1790 754 1851 merita
783 1797 952 1864 sunt,
996 1798 1065 1851 ut
1090 1808 1214 1852 non
1255 1792 1559 1867 potiorem
1587 1792 1839 1869 privatis
1870 1792 2141 1853 necessi-

183 1872 494 1935 tudinibus
515 1889 646 1933 rem
669 1873 972 1949 publicam
994 1874 1271 1935 habeam.
1318 1874 1572 1950 quilibet
1593 1883 1911 1937 nautarum
1935 1884 2141 1938 vecto-

180 1972 441 2033 rumque
474 1958 798 2032 tranquillo
827 1959 978 2018 mari
1007 1959 1349 2034 gubernare
1378 1965 1611 2035 potest=
1660 1959 1760 2019 ubi
1791 1976 1982 2021 saeva
2010 1967 2141 2020 orta

180 2047 516 2119 tempestas
557 2049 680 2116 est,
721 2057 796 2102 ac
827 2042 1064 2103 turbato
1095 2043 1246 2102 mari
1286 2042 1520 2119 rapitur
1547 2051 1731 2105 vento
1764 2046 1971 2119 naviS‚
2016 2052 2141 2105 tum

177 2121 312 2185 viro
343 2131 408 2184 et
433 2124 838 2199 gubernatore
879 2142 1038 2202 opus
1069 2134 1181 2187 est.
1249 2143 1373 2187 non
1402 2127 1725 2202 tranquillo
1757 2128 2139 2203 navigamuS,

179 2208 296 2266 sed
323 2207 448 2269 iam
490 2208 726 2284 aliquot
762 2210 1052 2286 procellis
1080 2210 1384 2271 submersi
1424 2226 1621 2287 paene
1648 2228 1891 2273 sumus·
1936 2212 2143 2287 itaque

178 2292 322 2373 quis
369 2292 448 2352 ad
489 2291 906 2367 gubernacula
946 2294 1189 2369 sedeat,
1236 2311 1475 2354 summa
1502 2310 1651 2355 cura
1691 2295 2139 2372 providendum

179 2396 252 2441 ac
282 2383 783 2463 praecavendum
810 2382 992 2443 vobis
1022 2388 1134 2443 est.
1197 2382 1258 2441 in
1289 2382 1523 2441 minore
1550 2389 1613 2442 te
1640 2381 1895 2457 experti,
1923 2381 1989 2440 Τ.
2003 2378 2136 2439 Ota

181 2464 310 2542 cili,
360 2484 430 2529 re
469 2483 715 2529 sumus·
761 2467 928 2527 haud
969 2481 1148 2533 sane
1195 2482 1305 2525 cur
1342 2466 1425 2525 ad
1451 2465 1685 2525 maiora
1712 2463 1819 2524 tibi
1859 2454 2147 2529 fidamus‘

181 2552 533 2614 documenti
576 2550 904 2626 quicquam
932 2548 1176 2611 dedisti.
1242 2549 1505 2609 classem
1547 2547 1668 2609 hoc
1708 2562 1903 2618 anne,
1951 2547 2142 2606 cuitu

183 2636 521 2712 praefuisti,
551 2635 730 2695 trIum
757 2650 957 2695 rerum
987 2649 1176 2693 causa
1205 2631 1574 2709 paravimuS,
1606 2638 1673 2691 ut
1696 2631 1943 2693 Africae
1974 2646 2140 2690 oram

185 2720 600 2795 popularetur,
631 2726 696 2780 ut
717 2724 844 2779 tuta
868 2718 1045 2778 nobis
1073 2718 1282 2778 Italiae
1312 2718 1487 2777 litora
1514 2722 1739 2791 essent,
1771 2722 1911 2775 ante
1942 2714 2143 2775 omnia

183 2820 258 2863 ne
279 2803 774 2879 supplementum
806 2817 943 2863 cum
967 2801 1273 2877 stipendio
1306 2808 1768 2876 commeatuque
1796 2799 1872 2859 ab
1899 2798 2143 2859 Cartha-

182 2888 324 2962 gine
353 2886 676 2947 Hannibali
719 2891 1253 2961 transportaretur.
1334 2892 1535 2945 create
1564 2884 1880 2945 consulem
1907 2882 1973 2942 T.
2006 2882 2135 2943 Ota·

184 2971 386 3031 cilium
405 3018 420 3043 ,
464 2986 588 3031 non
620 2970 758 3031 dico
788 2970 843 3031 si
871 2969 1076 3031 omnia
1104 2968 1287 3041 haec,
1332 2969 1443 3029 sed
1475 2969 1529 3029 si
1558 2967 1787 3043 aliquid
1817 2983 2029 3029 eorum
2055 2966 2142 3025 rei

183 3054 472 3129 publicae
502 3053 818 3130 praestitit.
885 3053 980 3114 sin
1011 3058 1213 3113 autem
1241 3058 1303 3111 te
1333 3055 1597 3112 classem
1626 3052 1934 3112 obtinente
1965 3050 2143 3111 etiam

186 3139 354 3199 velut
397 3144 618 3214 pacato
659 3137 812 3197 mari
856 3136 1162 3213 quaelibet
1189 3136 1515 3197 Hannibali
1545 3142 1671 3196 tuta
1698 3142 1883 3211 atque
1910 3135 2147 3207 integra

183 3223 257 3282 ab
293 3224 482 3283 domo
515 3228 830 3293 venerunt,
875 3221 929 3281 si
962 3220 1290 3281 oraltaliae
1318 3220 1596 3280 Infestior
1621 3220 1743 3279 hoc
1771 3232 1933 3277 anno
1964 3232 2147 3291 quam

179 3306 433 3367 Africae
463 3305 588 3377 suit,
637 3305 786 3381 quid
815 3304 1022 3365 dinere
1049 3309 1248 3379 polee,
1292 3311 1483 3365 curte
1513 3301 1898 3379 potissimum
1928 3299 2148 3359 ducem

181 3388 510 3450 Hannibali
552 3389 716 3449 hosti
760 3395 1118 3465 opponant?
1178 3388 1232 3449 si
1275 3387 1495 3449 consul
1536 3401 1746 3461 esseS,
1789 3384 2153 3445 dictatorem

183 3473 514 3535 dicendum
544 3473 828 3550 exemplo
851 3473 1148 3533 maiorum
1177 3478 1456 3533 nostrum
1484 3483 1897 3531 censeremus.
1943 3481 2059 3528 nee
2086 3472 2149 3527 tu
