2550 3959
384 242 507 310 144
683 244 913 308 mena·
938 246 1152 307 xxvl.
1196 246 1360 307 cAP.
1389 256 1477 311 38.
1505 254 1594 311 39.
1637 244 1711 326 [a.
1736 252 1810 309 υ.
1833 271 1880 308 0.
1903 251 2030 329 ω]

376 402 527 481 'quia
564 408 783 464 testem
822 400 1053 461 habere
1090 415 1217 461 non
1246 405 1491 477 posset,
1537 396 1787 463 liberius
1817 396 2074 481 fingenti
2111 401 2218 463 sit=
2266 418 2354 464 na

379 485 523 547 inde
554 484 791 547 dimissi
822 493 982 547 sunt.
1029 500 1142 546 nec
1154 484 1411 546 Blattius
1441 487 1580 545 ante
1607 480 1836 546 abstitit
1855 490 2057 567 tamen
2081 490 2201 546 tam
2233 501 2351 548 au-

381 570 520 631 daci
551 570 816 646 incepto,
862 584 1043 644 quam
1073 568 1235 629 idem
1264 564 1660 629 obtundendo
1692 563 2122 645 docendoque,
2156 585 2350 647 quam

380 670 457 715 ea
482 670 587 715 res
627 653 781 730 ipsis
812 653 1167 731 patriaeque
1196 652 1480 713 salutaris
1509 656 1728 729 essetf
1752 652 2024 729 pervicit,
2069 658 2137 715 ut
2165 668 2352 730 prae·

381 738 607 800 sidium
646 736 942 797 Punicum
988 768 1075 782 —-
1119 735 1431 813 quingenti
1473 739 1670 797 autem
1711 736 2006 798 Numidae
2047 743 2218 799 erant
2258 770 2356 783 —-

379 820 756 897 Salapiaque
778 816 1438 882 traderetur-Marcello.
1470 835 1584 881 nec
1608 820 1742 881 sine
1765 820 1956 881 caede
1978 817 2164 881 multa
2184 819 2352 882 tradi

384 905 596 989 potuit.
636 903 817 981 longe
833 904 1145 968 fortissimi
1170 904 1444 982 equitum
1466 910 1590 967 toto
1604 903 1834 987 Punico
1860 905 2130 965 exercitu
2152 911 2352 967 erant.

380 990 593 1067 itaque
624 1006 993 1065 quamquam
1034 989 1372 1065 improvisa
1398 1004 1499 1052 res
1529 988 1670 1062 fuit,
1715 1002 1831 1049 nec
1857 1004 2011 1050 usus
2044 1004 2354 1065 equorum

382 1074 445 1134 in
466 1073 617 1135 urbe
642 1082 785 1148 erat,
817 1082 1017 1134 tamen
1040 1074 1223 1135 armis
1246 1072 1402 1134 inter
1425 1075 1740 1137 tumultum
1763 1070 1960 1149 capus
1984 1080 2046 1136 et
2078 1072 2353 1150 eruptio-

384 1172 523 1219 nem
552 1163 1017 1234 temptaverunt,
1064 1164 1123 1217 et
1154 1173 1292 1217 cum
1321 1158 1589 1219 evadere
1615 1158 1956 1234 nequirent,
1999 1163 2353 1234 pugnantes

384 1242 467 1301 ad
497 1242 769 1302 ultimum
800 1242 1228 1317 occubuerunt,
1265 1256 1380 1302 nec
1407 1241 1548 1317 plus
1579 1241 2020 1319 quinquaginta
2048 1256 2128 1302 ex
2154 1236 2253 1303 his
2287 1242 2353 1302 in

385 1332 748 1403 potestatem
796 1326 1063 1388 hostium
1123 1324 1250 1386 vivi
1310 1330 1624 1387 venerunt.
1707 1327 1975 1403 plusque
2035 1324 2352 1402 aliquanto

386 1410 591 1470 damni
628 1410 784 1470 haec
824 1408 923 1470 ala
965 1409 1233 1485 equitum
1274 1410 1504 1471 amissa
1531 1402 1854 1471 Hannibali
1886 1426 2076 1487 quam·
2098 1405 2357 1487 Salapia

388 1491 524 1564 fuit3
578 1508 693 1555 nec
734 1490 959 1553 deinde
997 1508 1286 1575 umquam
1312 1492 1585 1569 PoenuS,
1635 1509 1758 1569 quo
1801 1494 1984 1569 longe
2022 1490 2352 1571 plurimum

386 1578 677 1650 valuerat,
724 1578 994 1653 equitatu
1022 1576 1306 1653 superior
1335 1578 1460 1638 fuit.

554 1658 818 1720 XXXIX.
862 1659 977 1721 Per
1006 1660 1168 1722 idem
1196 1668 1436 1739 tempus
1469 1676 1606 1723 cum
1637 1657 1698 1723 in
1729 1676 1870 1725 arce
1891 1662 2218 1739 Tarentina
2243 1662 2354 1723 vix

387 1744 598 1820 inopia
619 1740 951 1806 tolerabilis
982 1750 1165 1821 esset,
1196 1762 1376 1822 spem
1407 1762 1648 1807 omnem
1672 1746 2040 1823 praesidium
2065 1742 2238 1824 quod
2266 1744 2351 1806 ibi

388 1836 519 1889 erat
546 1828 887 1891 Romanum
918 1830 1388 1905 praefectusque
1419 1829 1710 1907 praesidii
1739 1838 1925 1907 atque
1953 1830 2114 1891 arcis
2141 1827 2224 1891 M.
2254 1830 2358 1891 Li·

386 1913 525 1974 vius
568 1912 629 1973 in
673 1913 1109 1975 commeatibus
1152 1913 1229 1974 ab
1260 1902 1469 1975 Sicilia
1507 1914 1716 1977 missis
1758 1914 2096 1991 habebant,
2141 1914 2246 1991 qui
2292 1922 2356 1977 ut

387 2004 517 2058 tuto
548 1996 1159 2071 praeterveherentur
1187 2013 1358 2059 oram
1387 1998 1622 2073 Italiae,
1670 1998 1890 2059 classis
1921 1998 2133 2076 viginti
2162 2000 2360 2059 ferme

390 2080 635 2140 navium
684 2080 861 2155 Regii
914 2079 1129 2143 stabat.
1217 2089 1510 2165 praeerat·
1549 2083 1734 2143 classi
1787 2082 2359 2159 commeatibusque

390 2164 461 2223 D.
496 2163 829 2241 QuinctiuS‚
876 2164 1140 2228 obscuro
1169 2180 1395 2241 genere
1426 2173 1614 2243 ortus,
1654 2175 1922 2229 ceterum
1950 2168 2152 2229 multis
2185 2164 2345 2227 forti-

389 2247 506 2309 bus
538 2248 713 2310 sactis
753 2248 991 2309 militari
1022 2250 1235 2326 gloria‘
1256 2251 1529 2313 illustris.
1597 2252 1792 2327 primo
1838 2251 2112 2328 quinque
2140 2266 2356 2326 naveS,

391 2346 651 2409 quarum
702 2332 1005 2394 maximae
1048 2334 1205 2395 duae
1245 2336 1521 2395 triremes
1575 2350 1614 2395 a
1651 2336 1942 2396 Marcello
1998 2336 2054 2397 ei
2096 2334 2360 2397 traditae

391 2420 579 2489 erant,
625 2416 862 2490 habuit;
911 2424 1129 2493 postea
1155 2434 1284 2480 rem
1323 2418 1580 2496 impigre
1608 2434 1799 2497 saepe
1827 2420 2061 2495 gerenti
2089 2426 2214 2491 tres
2243 2419 2359 2479 ad-

391 2500 556 2561 ditae
603 2501 1111 2578 quinqueremes;
1156 2510 1470 2579 postremo
1515 2504 1651 2579 ipse
1692 2520 1730 2564 a
1757 2505 1946 2566 sociis
1976 2504 2361 2579 Reginisque

391 2592 452 2644 et
490 2601 528 2643 a
556 2584 733 2645 Velia
772 2592 833 2645 et
874 2602 911 2645 a
938 2584 1157 2647 Paesto
1190 2582 1429 2647 debitas
1460 2604 1538 2649 ex
1569 2588 1822 2649 foedere
1861 2588 2165 2665 exigendo
2197 2588 2357 2649 clas·

392 2683 525 2728 sem
566 2668 777 2743 viginti
820 2669 1095 2745 navium,
1140 2670 1300 2731 sicut
1340 2678 1480 2732 ante
1509 2671 1738 2733 dictum
1767 2678 1889 2746 cst,
1937 2671 2139 2733 efficit.
2211 2671 2361 2732 huic

394 2752 469 2811 ab
506 2752 705 2829 Regio
748 2752 1063 2829 profectae
1106 2754 1292 2814 classi
1332 2754 1726 2817 Democrates
1771 2772 1906 2817 cum
1946 2756 2079 2833 pari
2120 2755 2356 2835 [classi]

394 2834 639 2896 navium
666 2836 1119 2897 Tarentinarum
1160 2854 1410 2899 numero
1457 2840 1803 2917 quindecim
1842 2836 2007 2901 milla
2043 2839 2232 2900 ferme
2276 2839 2356 2899 ab

396 2918 545 2999 urbe
584 2921 665 2979 ad
696 2918 1121 2996 Sapriportum
1152 2922 1372 2984 obvius
1405 2923 1530 2985 fuit.
1592 2924 1746 2985 velis
1779 2932 1900 2985 tum
1931 2925 2084 2985 forte
2127 2924 2355 3001 impro-

390 3000 575 3063 vidus
607 3002 791 3064 futuri
822 3004 1167 3066 certaminis
1189 3006 1504 3069 Romanus
1529 3008 1838 3069 veniebat:
1885 3010 1998 3070 sed
2023 3008 2186 3070 circa
2205 3002 2354 3069 Cro-

395 3092 597 3145 tonem
616 3086 1026 3164 Sybarimque
1045 3092 1443 3167 suppleverat
1464 3092 1716 3168 remigio
1729 3091 1944 3169 'nave5,
1968 3093 2356 3153 instructam·

394 3186 514 3245 quc
546 3176 606 3231 et
634 3180 921 3233 armatam
953 3175 1197 3250 egregie
1227 3190 1340 3251 pro
1370 3176 1782 3250 magnitudine
1812 3180 2058 3237 navium
2087 3177 2360 3237 classem

392 3252 674 3315 habebat.
720 3264 779 3317 et
806 3264 931 3317 tum
962 3258 1116 3319 forte
1144 3258 1259 3320 sub
1290 3258 1453 3319 idem
1478 3268 1719 3337 tempus
1751 3267 1810 3321 et
1834 3262 1996 3321 venti
2026 3262 2120 3336 vis
2154 3262 2357 3333 omnis

394 3337 614 3397 cecidit
655 3347 714 3399 et
755 3340 967 3401 hostes
999 3342 1057 3401 in
1103 3348 1442 3417 conspectu
1471 3344 1669 3417 suere,
1715 3350 1782 3405 ut
1811 3345 1889 3406 ad
1921 3344 2358 3422 componenda

394 3428 762 3517 armamenta
804 3424 1382 3502 expediendumque
1413 3428 1699 3505 remigem
1731 3441 1803 3490 ac
1834 3429 2078 3503 militem
2119 3428 2201 3489 ad
2242 3430 2357 3490 im-

394 3518 630 3567 minens
674 3514 976 3568 certamen
1020 3509 1167 3569 satis
1207 3509 1501 3587 temporis
1543 3518 1728 3575 esset.
1793 3528 1931 3574 raro
1975 3516 2126 3575 alias
2169 3514 2359 3575 tantis
