2550 3959
624 265 855 327 LIBER
882 266 1069 326 XXV.
1113 266 1277 327 cAP.
1310 274 1395 329 16.
1439 274 1512 342 [a.
1544 275 1608 329 C.
1637 276 1764 344 212]
2093 274 2174 339 71

1851 354 1896 376 ,λ

220 437 357 482 cum
386 419 623 481 monitu
652 418 1018 479 sacrificium
1044 419 1482 481 instauraretur
1512 428 1694 497 atque
1723 422 2006 486 intentius
2036 431 2178 485 exta

222 509 707 578 reservarentur,
748 504 963 563 iterum
994 520 1066 563 ac
1099 503 1338 563 tertium
1367 505 1610 564 tradunt
1638 506 1932 581 adlapsos
1961 507 2174 568 libato·
2229 572 2233 575 p

223 603 342 664 que
370 586 643 647 iocinere
684 586 944 648 intactos
975 602 1209 661 angues
1250 586 1478 647 abisse.
1537 604 1675 649 cum
1703 588 2064 665 haruspices
2096 592 2172 653 ad

218 672 647 747 imperatorem
688 670 753 730 id
794 669 1095 747 pertinere
1124 670 1470 747 prodigium
1513 674 2070 749 praemonuissent,
2117 682 2177 735 et

222 755 297 815 ab
345 754 602 815 occultis
642 755 982 814 cavendum
1022 754 1370 815 hominibus
1401 756 1851 833 consultisque,
1895 759 2059 819 nulla
2088 765 2174 818 ta·

219 854 357 898 men
387 837 776 914 providentia
815 838 1002 897 fatum
1042 838 1362 899 imminens
1391 856 1640 901 movere
1670 842 1880 916 potuit.
1950 842 2176 903 Flavus

218 923 505 983 Lucanus
528 921 635 982 suit
656 927 846 996 caput·
863 922 1051 998 partis
1082 922 1214 983 eius
1228 922 1613 985 Lucanorum
1639 957 1726 969 —-
1754 941 1891 985 cum
1922 943 2064 1002 pars
2095 926 2175 987 ad

217 1004 621 1065 Hannibalem
662 1005 992 1067 defecisset
1028 1038 1117 1051 —-
1158 1022 1316 1081 quae
1347 1022 1484 1067 cum
1511 1009 1806 1069 Romanis
1847 1010 2074 1082 stabat,
2117 1016 2179 1071 et

217 1092 336 1149 iam
360 1105 525 1150 anno
550 1090 611 1149 in
633 1089 987 1165 magistratu
1010 1096 1154 1164 erat,
1188 1089 1263 1151 ab
1288 1090 1486 1151 isdem
1507 1090 1627 1151 illis
1650 1099 1888 1154 creatus
1911 1099 2176 1169 praetor.

216 1175 270 1234 is
311 1180 545 1233 mutata
582 1180 833 1248 repente
872 1174 1182 1234 voluntate
1211 1174 1413 1235 locum
1442 1174 1674 1250 gratiae
1714 1178 1882 1252 apud
1907 1178 2177 1238 Poenum

216 1272 527 1334 quaerens
570 1273 773 1332 neque
800 1258 1059 1317 transire
1100 1258 1237 1333 ipse
1269 1274 1470 1333 neque
1498 1258 1738 1319 trahere
1778 1261 1857 1320 ad
1889 1261 2178 1321 desectio-

217 1356 357 1401 nem
396 1340 683 1401 Lucanos
726 1340 875 1401 satis
917 1340 1157 1417 habuit,
1213 1342 1331 1402 nisi
1372 1342 1758 1419 imperatoris
1801 1350 1860 1403 et
1900 1343 2176 1404 eiusdem

215 1424 482 1501 hospitis
526 1425 749 1500 proditi
793 1424 993 1500 capite
1035 1441 1108 1485 ac
1138 1426 1435 1501 sanguine
1465 1427 1684 1487 foedus
1716 1443 1854 1488 cum
1895 1427 2176 1488 hostibus

214 1508 549 1569 sanxisset.
615 1510 696 1568 ad
715 1508 1057 1585 Magonem,
1102 1510 1205 1584 qui
1234 1510 1298 1570 in
1319 1510 1565 1571 Bruttiis
1598 1520 1893 1587 praeerat,
1933 1512 2089 1572 clam
2117 1510 2176 1570 in

214 1592 593 1667 colloquium
617 1592 809 1661 venit3
854 1594 1101 1668 fideque
1129 1592 1205 1653 ab
1236 1610 1312 1654 eo
1343 1602 1612 1671 accepta,
1653 1595 1707 1655 si
1736 1597 2072 1656 Romanum
2103 1595 2178 1655 iis

213 1677 648 1752 imperatorem
688 1676 1066 1750 tradidisset,
1111 1676 1341 1737 liberos
1373 1694 1508 1737 cum
1538 1678 1668 1739 suis
1699 1679 1938 1753 legibus
1968 1685 2170 1738 ventu·

217 1776 322 1820 ros
354 1760 417 1838 in
449 1758 771 1820 amicitiam
797 1760 1097 1833 LucanOS‚
1130 1760 1379 1821 deducit
1404 1762 1674 1822 Poenum
1705 1764 1765 1819 in
1796 1763 2013 1837 locum,
2054 1778 2176 1837 quo

213 1860 355 1904 cum
384 1843 601 1919 paucis
634 1844 972 1903 Gracchum
1014 1844 1412 1904 adducturum
1458 1844 1570 1903 ait:
1613 1844 1794 1920 Mago
1827 1846 1909 1905 uti
1941 1845 2178 1921 pedites

212 1928 585 2003 equitesque
614 1934 875 1989 armaret
904 1933 963 1987 ct
992 1934 1239 2004 caperet
1266 1944 1374 1987 eas
1405 1928 1698 2002 latebras,
1747 1928 1847 1988 ubi
1875 1930 2177 2004 ingentem

214 2026 537 2073 numerum
561 2012 887 2072 occuleret.
929 2012 1068 2071 loco
1094 2012 1243 2072 satis
1269 2012 1548 2087 inspecto
1573 2018 1756 2087 atque
1779 2014 2048 2088 undique
2073 2028 2178 2073 ex-

213 2095 457 2171 plorato
503 2094 637 2155 dies
679 2094 1023 2170 composita
1051 2096 1359 2169 gerendae
1386 2096 1476 2156 rei
1505 2102 1616 2157 est.
1691 2097 1916 2157 Flavus
1947 2098 2028 2156 ad
2057 2098 2177 2157 Ro-

214 2196 464 2239 manum
494 2178 924 2254 imperatorem
946 2180 1130 2238 venit.
1174 2196 1302 2238 rem
1325 2196 1395 2239 se
1419 2180 1501 2241 ait
1522 2196 1800 2255 magnam
1831 2180 2176 2253 inchoasse,
2255 2180 2268 2195 ⁶

214 2264 303 2323 ad
342 2278 528 2337 quam
573 2262 1003 2338 perficiendum
1049 2262 1244 2339 ipsius
1284 2263 1540 2324 Gracchi
1583 2278 1774 2339 opera
1814 2280 1972 2340 opus
2015 2279 2177 2323 esse.

216 2347 491 2407 omnium
534 2349 899 2422 populorum
938 2346 1354 2421 praetoribuS,
1403 2348 1505 2421 qui
1548 2348 1628 2407 ad
1657 2348 1928 2408 Poenum
1970 2347 2030 2407 in
2073 2347 2176 2407 illo

214 2430 537 2490 communi.
556 2430 762 2491 Italiae
791 2436 959 2491 motu
989 2430 1360 2501 descissent,
1400 2431 1791 2506 persuasisse
1819 2439 1887 2491 ut
1913 2431 2215 2491 redirent·

213 2514 281 2573 in
322 2513 648 2574 amicitiam
688 2515 1129 2586 Romanorum,
1178 2514 1425 2589 quando
1468 2529 1570 2573 res
1611 2530 1857 2589 quoque
1885 2515 2179 2589 Romana,

215 2613 383 2673 quae
414 2612 611 2673 prope
642 2597 885 2658 exitium
919 2598 1092 2657 clade
1122 2598 1425 2659 Cannensi
1457 2596 1760 2669 venisset,
1802 2598 1862 2657 in
1893 2597 2026 2657 dies
2056 2612 2180 2657 me-

216 2682 337 2741 lior
386 2687 572 2757 atque
622 2681 855 2742 auctior
888 2682 1092 2755 fieret,
1149 2680 1506 2741 Hannibalis
1559 2682 1654 2741 vis
1707 2687 2060 2744 senesceret
2106 2697 2180 2741 ac

212 2780 417 2841 prope
464 2766 544 2825 ad
572 2764 823 2825 nihilum
854 2765 1146 2825 venisset.
1216 2764 1656 2825 veteridelicto
1685 2764 1852 2825 haud
1891 2764 2176 2841 implaca-

213 2847 376 2908 biles
406 2849 539 2909 sore
566 2848 907 2909 Romanos:
951 2850 1179 2909 nullam
1206 2866 1496 2925 umquam
1525 2855 1766 2924 gentem
1795 2848 1990 2924 magis
2032 2864 2194 2927 exo·-

218 2931 481 2991 rabilcm
510 2935 1071 3009 promptioremque
1099 2932 1316 2993 veniae
1347 2932 1588 2993 dandae
1619 2932 1828 2993 fuisse.
1898 2934 2179 3008 quotiens

212 3014 538 3076 rebellioni
570 3016 748 3075 etiam
770 3016 1066 3076 maiorum
1089 3032 1339 3077 suorum
1365 3016 1664 3091 ignotum!
1708 3016 1864 3076 haec
1894 3018 1971 3077 ab
2002 3033 2072 3077 se
2102 3017 2176 3077 iis

213 3097 403 3159 dicta.
448 3106 717 3160 ceterum
746 3100 821 3159 ab
855 3100 991 3175 ipso
1026 3098 1300 3160 Graccho
1334 3101 1547 3159 eadem
1577 3099 1730 3161 haec
1759 3100 1973 3161 audire
2001 3100 2180 3159 malle

211 3196 333 3241 eos
376 3183 847 3258 praesentisque
888 3182 1237 3259 contingere
1282 3184 1592 3253 dextram;
1659 3183 1722 3243 id
1763 3184 1984 3260 pignus
2034 3181 2179 3241 fidei

211 3280 435 3325 secum
467 3266 643 3331 serre.
686 3267 889 3328 locum
918 3282 988 3327 se
1019 3266 1290 3327 consiliis
1320 3267 1554 3328 dixisse
1582 3283 1620 3325 a
1649 3271 1986 3343 conspectu
2013 3281 2180 3325 arno·-

208 3355 345 3409 tum
375 3348 541 3411 haud
567 3353 785 3427 procul
814 3349 1030 3412 castris
1043 3352 1356 3411 Romanis.
1398 3350 1479 3409 ibi
1509 3348 1724 3426 paucis
1751 3348 1953 3410 verbis
1983 3354 2178 3409 trans-

210 3432 301 3509 igi
333 3448 465 3493 rem
493 3449 703 3510 posse,
744 3441 810 3495 ut
838 3449 1019 3495 omne
1046 3449 1265 3495 nomen
1297 3434 1606 3495 Lucanum
1635 3434 1694 3493 in
1726 3432 1850 3494 fide
1878 3449 1950 3495 ac
1981 3432 2175 3494 socie-

204 3522 341 3577 tate
382 3517 657 3579 Romana
704 3518 799 3579 sit.
872 3516 1182 3579 Gracchus
1232 3517 1505 3577 fraudem
1559 3523 1617 3577 et
1667 3515 1933 3578 sermoni
1983 3522 2044 3577 et
2090 3514 2180 3576 rei
