2550 3959
594 238 825 298 LmER
858 237 1127 297 xxviii.
1178 238 1345 296 CAP.
1377 247 1541 300 9.1o.
1589 243 1906 312 [aeson
2100 237 2218 302 231
2304 213 2321 224 ”

256 391 508 466 tuisset,
548 396 615 450 ut
656 390 737 448 M.
766 389 1002 450 Livium
1046 389 1360 464 quadrigis
1408 391 1617 450 urbem
1662 391 1970 452 ineuntem
2001 393 2220 456 milites

258 482 682 552 sequerentur,
718 473 780 532 C.
814 473 1101 533 Claudius
1132 489 1294 548 equo
1326 475 1461 534 sine
1494 475 1782 536 militibus
1813 476 2219 538 inveheretur.

256 561 343 620 ita
373 558 761 621 consociatus
793 557 1132 632 triumphus
1164 573 1304 616 cum
1332 559 1594 633 utrique,
1627 565 1752 618 tum
1780 559 1974 634 magis
2006 561 2062 620 ei
2095 563 2219 637 qui,

259 649 555 718 quantum
587 641 799 700 merito
830 639 1123 714 anteibat,
1172 647 1403 702 tantum
1431 641 1668 703 honore
1698 645 1973 718 collegae
2003 659 2215 705 cesse-

257 734 368 800 rat,
398 725 654 800 gloriam
684 725 872 784 auxit.
914 724 1081 784 illum
1115 723 1380 799 equitem
1409 725 1655 786 aiebant
1681 742 1796 786 sex
1819 727 2054 786 dierum
2075 745 2219 804 spa-

258 811 342 872 tio
401 808 845 870 transcurrisse
899 807 1338 882 longitudinem
1389 809 1626 884 Italiae,
1683 817 1746 870 et
1801 826 1875 871 eo
1934 813 2033 870 die
2083 829 2221 872 cum

256 891 640 953 Hasdrubale
685 892 747 950 in
780 891 971 954 Gallia
1010 891 1203 965 signis
1250 891 1484 952 collatis
1529 909 1870 968 pugnasse,
1916 912 2039 970 quo
2084 911 2220 955 eum

258 985 463 1037 castra
502 978 805 1036 adversus
852 990 995 1036 sese
1034 974 1095 1034 in
1134 975 1362 1050 Apulia
1402 976 1606 1050 posita
1647 977 1874 1037 habere
1917 980 2221 1039 Hannibal

258 1060 644 1120 credidisset.
708 1059 792 1121 ita
818 1075 1007 1119 unum
1038 1061 1352 1120 consulem
1379 1075 1495 1134 pro
1525 1057 1785 1135 utraque
1815 1069 1987 1136 parte
2015 1064 2220 1122 Italiae

255 1147 561 1204 adversus
605 1143 764 1204 duos
810 1144 1033 1216 duceS,
1079 1144 1238 1204 duos
1282 1143 1680 1218 imperatores
1727 1144 1867 1204 hinc
1897 1147 2220 1206 consilium

257 1244 457 1302 suum,
481 1227 623 1288 hinc
648 1230 875 1302 corpus
902 1227 1298 1302 opposuisse.
1333 1242 1552 1287 nornen
1569 1227 1824 1288 Neronis
1850 1230 1999 1290 satis
2026 1230 2220 1290 fuisse

256 1313 339 1371 ad
396 1311 831 1372 continendum
883 1312 945 1370 in
999 1313 1215 1372 castris
1273 1311 1701 1371 Hannibalem=
1773 1313 2220 1375 Hasdrubalem

256 1411 407 1455 vero
452 1413 575 1470 qua
616 1397 737 1456 alia
775 1411 843 1457 re
888 1411 1071 1471 quam
1114 1397 1384 1458 adventu
1412 1397 1546 1456 eius
1579 1395 1864 1458 obrutum
1895 1391 2081 1472 atque
2111 1411 2216 1455 ex-

257 1480 543 1541 stinctum
594 1487 781 1540 esse?
845 1480 1055 1555 itaque
1106 1481 1220 1540 iret
1260 1482 1411 1540 alter
1453 1481 1672 1540 consul
1714 1480 1992 1540 sublimis
2036 1496 2220 1542 curru

256 1563 619 1638 multiiugis,
662 1564 716 1624 si
758 1565 968 1632 vellet,
1009 1563 1217 1636 equis:
1262 1580 1388 1624 uno
1429 1579 1592 1640 equo
1622 1580 1736 1640 per
1767 1564 1977 1624 urbem
2009 1579 2216 1624 verum

258 1647 627 1723 triumphum
668 1647 839 1722 vehi,
889 1647 1346 1722 Neronemque,
1400 1647 1578 1706 etiam
1622 1648 1675 1708 si
1718 1649 1912 1722 pedes
1954 1648 2214 1722 incedat,

258 1733 353 1792 vel
386 1737 561 1806 parta
590 1747 663 1792 eo
696 1731 856 1791 bello
890 1731 985 1789 vel
1016 1737 1227 1804 spreta
1255 1745 1330 1790 eo
1361 1730 1668 1804 triumpho
1697 1730 1893 1804 gloria
1920 1746 2216 1792 memora-

256 1815 441 1874 bilem
482 1817 636 1876 fore..
700 1815 762 1874 hi
794 1829 1111 1875 sermones
1154 1813 1566 1889 spectantium
1596 1814 1898 1874 Neronem
1928 1829 2127 1890 usque
2156 1815 2211 1877 in

257 1899 617 1973 Capitolium
649 1897 960 1976 prosecuti
990 1903 1149 1958 sunt.
1206 1897 1508 1972 pecuniae
1536 1897 1598 1956 in
1627 1897 1926 1958 aerarium
1954 1899 2211 1961 tulerunt

256 1983 605 2044 sestertium
640 1982 901 2056 triciens,
938 1981 1249 2056 octoginta
1276 1982 1440 2041 milia
1470 1981 1650 2041 aeris.
1693 1980 1980 2042 militibus
2009 1981 2090 2041 M.
2121 1982 2217 2042 Li-

260 2067 395 2126 vius
446 2065 913 2141 quinquagenos
966 2082 1155 2126 senos
1212 2081 1391 2126 asses
1445 2065 1680 2136 divisit;
1751 2068 2102 2126 tantundem
2155 2067 2216 2126 C.

259 2149 548 2210 Claudius
588 2151 947 2226 absentibus
977 2149 1265 2210 militibus
1299 2150 1431 2210 suis
1461 2155 1558 2210 est
1586 2149 1925 2224 pollicitu8‚
1971 2166 2111 2211 cum
2139 2151 2217 2210 ad

256 2233 591 2294 exercitum
622 2235 903 2295 redisset.
970 2240 1239 2294 notatum
1270 2248 1346 2292 eo
1377 2232 1477 2292 die
1505 2233 1683 2308 plura
1712 2234 1978 2294 carmina
2006 2235 2212 2294 milita--

256 2319 425 2377 ribus
467 2318 621 2378 iocis
652 2319 712 2377 in
743 2317 805 2378 C.
840 2317 1157 2379 Claudium
1189 2331 1373 2392 quam
1405 2317 1722 2376 consulem
1751 2333 1933 2376 suum
1965 2317 2216 2386 iactata3

258 2401 495 2475 equites
534 2401 601 2459 L.
632 2403 951 2462 Veturium
994 2407 1054 2461 et
1094 2401 1161 2474 Q.
1195 2399 1524 2459 Caecilium
1566 2400 1802 2473 legatos
1844 2401 2084 2474 magnis
2126 2407 2216 2461 tu-

256 2485 407 2544 lisse
438 2485 742 2560 laudibus,
787 2485 1189 2560 hortatosque
1220 2498 1366 2543 esse
1396 2482 1658 2557 plebem,
1690 2489 1755 2543 ut
1783 2499 1894 2542 eos
1925 2485 2216 2543 consules

255 2569 317 2628 in
348 2568 694 2643 proximum
725 2587 951 2630 annum
981 2573 1292 2638 crearent3
1339 2565 1646 2626 adiecisse
1675 2565 1942 2642 equitum
1969 2581 2215 2641 praero-

254 2652 497 2728 gativae
538 2655 959 2714 auctoritatem
1002 2653 1326 2727 consuleS,
1369 2655 1623 2727 postero
1667 2650 1766 2710 die
1807 2649 1866 2708 in
1913 2649 2214 2722 contione,

258 2753 443 2810 quam
484 2737 635 2798 forti·
662 2737 955 2813 fidelique
996 2738 1257 2798 duorum
1297 2734 1632 2811 praecipue
1659 2735 1998 2808 legatorum
2027 2749 2220 2809 opera

256 2819 352 2880 usi
385 2828 613 2894 essent,
644 2827 1213 2881 commemorantes.

426 2904 497 2962 X.
543 2905 689 2964 Cum
732 2905 1111 2965 comitiorum
1156 2911 1396 2979 tempus
1439 2908 1758 2978 appeteret
1798 2909 1858 2961 et
1886 2915 1999 2976 per
2029 2900 2216 2960 dicta-

255 2993 452 3046 torem
492 2989 737 3048 comitia
774 2989 986 3050 haberi
1028 2988 1394 3064 placuisset,
1441 2988 1502 3047 C.
1549 2985 1837 3046 Claudius
1881 2986 2096 3046 consul
2135 2983 2217 3043 M.

252 3068 491 3130 Livium
520 3073 819 3147 collegam
848 3071 1207 3132 dictatorem
1230 3072 1397 3142 dixit,
1422 3071 1630 3131 Livius
1654 3069 1718 3143 Q.
1744 3069 2068 3129 Caecilium
2092 3084 2216 3126 ma-

254 3152 511 3226 gistrum
545 3156 835 3230 equitum.
900 3171 938 3214 a
963 3153 1044 3216 M.
1074 3155 1247 3215 Livio
1281 3155 1582 3215 dictatore
1613 3153 1798 3212 creati
1831 3153 2120 3212 consules
2153 3151 2215 3210 L.

254 3237 547 3300 Veturius
578 3239 644 3312 Q.
679 3239 995 3316 Caecilius,
1025 3239 1079 3299 is
1109 3239 1246 3314 ipse
1276 3240 1383 3315 qui
1413 3244 1538 3298 tum
1568 3245 1699 3297 erat
1727 3240 2017 3310 magister
2046 3233 2206 3310 cqui-

256 3326 401 3380 tum.
468 3321 611 3382 inde
652 3331 1007 3398 praetorum
1046 3321 1292 3384 comitia
1319 3321 1526 3382 habita
1541 3345 1568 3404 3,⁴
1604 3321 1790 3380 creati
1820 3320 1882 3379 C.
1921 3317 2216 3380 Servilius

256 3403 335 3462 Μ.
371 3403 669 3466 Caecilius
710 3407 992 3468 Metellus
1031 3407 1161 3467 Tib.
1196 3406 1484 3466 Claudius
1527 3403 1776 3464 Asellus
1821 3403 1887 3476 Q.
1918 3403 2218 3462 Mamilius

254 3485 579 3565 TurrinuS,
623 3492 731 3567 qui
772 3498 897 3552 tum
938 3491 1154 3552 aedilis
1184 3489 1385 3566 plebis
1422 3494 1569 3549 erat.
1641 3486 1899 3548 comitiis
1929 3487 2218 3562 perfectis
