2550 3959
574 232 805 295 Limia
832 232 1045 293 xxvi.
1090 231 1490 295 CAP.ao.21.
1535 232 1610 311 [a.
1641 239 1705 291 c.
1735 236 1866 315 211}
2062 232 2186 298 125

394 386 673 449 Aestatis
704 383 835 445 eius
862 390 1154 457 caucino,
1186 400 1310 461 qua
1339 390 1520 462 capta
1547 391 1642 447 est
1654 384 1862 461 Capua
1891 392 1952 448 et
1972 385 2184 464 Scipio

222 470 288 533 in
330 469 694 547 Hispaniam
732 468 925 545 venit,
965 467 1197 529 Punica
1236 467 1462 529 classis
1499 482 1580 528 ex
1619 468 1828 529 Sicilia
1863 469 2184 533 Tarentum

224 555 427 617 accita
452 554 536 614 ad
564 552 869 613 arcendos
896 558 1270 613 commeatus
1301 552 1592 629 praesidii
1619 552 1896 626 Romani,
1927 556 2097 630 quod
2123 555 2184 615 in

226 654 372 700 arce
397 638 725 699 Tarentina
750 643 907 711 erat,
952 638 1254 697 clauserat
1282 637 1528 712 quidem
1553 652 1768 697 onmes
1796 636 1878 698 ad
1916 652 2120 699 arcem
2149 656 2184 700 a

230 722 383 783 mari
414 722 639 797 aditus,
672 720 785 781 sed
813 720 1158 783 adsidendo
1182 720 1410 781 diutius
1439 720 1722 783 artiorem
1752 736 2056 784 annonam
2082 738 2182 783 so·

228 808 341 867 ciis
375 822 563 882 quam
589 805 753 866 hosti
782 804 1062 866 iaciebat.
1119 820 1243 865 non
1272 805 1434 865 enim
1460 812 1690 868 tantum
1719 804 1977 867 subvehi
2007 807 2183 884 oppi-

226 890 409 952 danis
454 905 572 967 per
612 895 832 965 pacata
858 888 1037 949 litora
1074 896 1450 966 apertosque
1477 896 1694 965 portus
1734 890 2046 967 praesidio
2077 908 2183 953 na·

224 976 397 1037 vium
437 973 803 1035 Punicarum
840 978 1111 1053 poterat,
1156 980 1451 1048 quantum
1475 974 1758 1036 frumenti
1787 974 2019 1035 classis
2048 974 2188 1051 ipsa

226 1058 408 1119 turba
435 1057 639 1118 navali
665 1057 853 1117 mixta
894 1072 974 1117 ex
1012 1058 1177 1117 omni
1204 1072 1430 1133 genere
1457 1056 1768 1119 hominum
1807 1054 2183 1132 absumebat,

226 1149 293 1205 nt
331 1143 496 1203 arcis
524 1142 899 1218 praesidium
926 1140 1107 1201 etiam
1134 1141 1269 1203 sine
1308 1142 1572 1214 invecto,
1617 1143 1761 1219 quia
1787 1142 1968 1219 pauci
1997 1151 2185 1219 erant,

228 1242 309 1287 ex
338 1234 482 1287 ante
506 1231 873 1302 praeparato
904 1226 1229 1286 sustentari
1256 1233 1489 1302 posset,
1517 1226 1854 1295 Tarentinis
1876 1226 2186 1303 classique

228 1326 307 1371 ne
329 1310 639 1371 invectum
654 1310 903 1385 quidem
924 1309 1251 1370 sufficeret.
1277 1310 1525 1370 tandem
1547 1310 1776 1372 maiore
1792 1309 1986 1389 gratia
2001 1326 2185 1387 quam

230 1400 486 1455 venerat
531 1394 750 1454 classis
782 1394 1047 1455 diniissa
1086 1401 1199 1455 est.
1262 1408 1508 1454 annona
1535 1394 1701 1455 haud
1739 1394 1991 1455 multum
2017 1395 2185 1455 laxa—

226 1486 421 1555 verat,
456 1478 600 1553 quia
624 1483 857 1538 remoto
882 1477 1183 1539 maritimo
1207 1477 1520 1555 praesidio
1541 1478 1802 1539 subvehi
1825 1480 2184 1541 frumentum

228 1578 355 1623 non
381 1568 639 1639 poterat.

400 1646 558 1707 XXI.
613 1646 905 1707 Eiusdem
934 1646 1184 1707 aestatis
1213 1646 1380 1705 exitu
1405 1644 1488 1705 M.
1517 1645 1844 1707 Marcellus
1871 1662 1952 1706 cx
1979 1646 2186 1707 Sicilia

228 1730 549 1809 provincia
575 1744 714 1792 cum
743 1732 823 1791 ad
850 1730 1065 1791 urbem
1096 1730 1384 1805 venisset,
1415 1729 1530 1790 ac.
1547 1728 1872 1805 Calpurnio
1903 1737 2184 1805 praetore

226 1823 482 1878 senatus
511 1814 676 1875 eiad
706 1814 921 1875 aedem
933 1814 1227 1875 Bellonae
1249 1814 1428 1874 datus
1456 1818 1569 1873 est.
1611 1813 1698 1873 ibi
1727 1814 1972 1874 cum-de
2001 1813 2184 1873 rebus

228 1900 309 1960 ab
338 1914 410 1960 se
438 1898 631 1974 gestis
659 1898 1071 1973 disseruisset,
1118 1903 1372 1976 questus
1398 1896 1614 1957 leniter
1638 1912 1762 1957 non
1791 1912 1964 1957 suam
1992 1898 2186 1971 magis

228 1998 417 2060 quam
444 1982 695 2043 militum
722 1983 951 2056 vicem,
996 1983 1163 2059 quod
1191 1982 1513 2058 provincia
1541 1982 1819 2043 confecta
1855 1980 2188 2041 exercitum

231 2069 562 2143 deportare
588 2082 714 2128 non
754 2067 1054 2143 licuisset,
1098 2066 1432 2143 postulavit
1460 2073 1524 2128 ut
1559 2064 1948 2142 triumphanti
1976 2064 2185 2125 urbem

232 2152 389 2211 inire
415 2151 644 2212 liceret.
688 2151 753 2211 id
780 2166 905 2212 non
931 2150 1293 2227 impetravit.
1353 2168 1490 2212 cum
1517 2151 1722 2212 multis
1748 2150 1958 2211 verbis
1986 2158 2184 2211 actum

226 2242 419 2308 esset,
453 2241 653 2295 utrum
680 2236 878 2297 minus
909 2236 1282 2310 conveniret,
1328 2235 1501 2296 cuius
1529 2234 1778 2295 nomine
1804 2234 2076 2295 absentis
2107 2232 2187 2292 eb

231 2335 335 2379 res
373 2334 674 2396 prospere
718 2320 903 2381 ductu
944 2320 1079 2381 eius
1104 2326 1316 2395 gestas
1347 2318 1714 2395 supplicatio
1745 2318 1990 2379 decreta
2031 2318 2184 2379 foret

227 2410 293 2464 et
332 2404 429 2463 dis
468 2404 907 2464 immortalibus
947 2404 1191 2467 habitus
1229 2403 1461 2476 honoe,
1516 2403 1572 2462 ei
1612 2402 1920 2478 praesen-ti
1961 2416 2188 2476 negare

225 2486 613 2563 triumphum,
644 2503 723 2548 an
752 2502 935 2563 quem
955 2484 1201 2548 tradere
1228 2487 1563 2547 exercitum
1593 2485 1942 2545 successori
1969 2484 2184 2544 iussis-

228 2578 400 2646 sent,
445 2572 615 2647 qued
642 2570 761 2632 nisi
792 2578 1073 2632 manente
1102 2573 1163 2631 in
1190 2570 1511 2649 provincia
1540 2570 1702 2631 bello
1739 2584 1862 2632 non
1893 2569 2184 2629 decerne-

223 2661 409 2729 retur,
432 2670 574 2716 eum
586 2655 767 2731 quasi
788 2654 1093 2716 debellato
1116 2654 1506 2731 triumphare,
1531 2668 1672 2713 cum
1686 2653 1992 2714 exercitus
2012 2652 2186 2713 testis

224 2737 425 2799 meriti
452 2745 641 2815 atque
668 2739 945 2799 immeriti
966 2740 1255 2817 triumphi
1283 2740 1546 2814 abesset,
1577 2738 1845 2799 medium
1870 2737 2090 2809 visum,
2121 2742 2188 2797 ut

226 2838 428 2883 ovans
456 2822 671 2883 urbem
696 2823 891 2883 iniret.
957 2823 1181 2883 tribuni
1210 2823 1411 2901 plebis
1441 2838 1520 2882 ex
1549 2822 1907 2883 auctoritate
1937 2826 2186 2883 senatus

220 2906 311 2966 ad
334 2908 632 2983 populum
653 2905 935 2982 tulerunt,
964 2912 1034 2968 ut
1044 2906 1125 2967 Μ.
1144 2907 1452 2980 Marcello,
1485 2923 1610 2983 quo
1635 2906 1736 2967 die
1755 2905 1968 2967 urbem
1992 2920 2186 2967 ovans

221 2989 419 3066 iniret,
450 2990 769 3066 imperium
793 2997 977 3051 esset.
1022 2991 1220 3066 pridie
1244 3006 1426 3066 quam
1446 2991 1660 3053 urbem
1681 2990 1874 3066 iniret,
1901 2990 1960 3051 in
1983 2998 2189 3051 monte

220 3072 469 3134 Albano
498 3073 920 3150 trimnphavit3
952 3074 1099 3135 inde
1128 3090 1326 3137 ovans
1352 3076 1601 3136 multam
1622 3090 1777 3151 prae
1803 3088 1876 3135 se
1894 3074 2187 3151 praedam

219 3156 285 3216 in
329 3157 542 3218 urbem
582 3157 808 3219 intulit=
852 3172 991 3219 cum
1034 3158 1364 3220 simulacro
1395 3165 1710 3235 captarum
1739 3158 2187 3235 Syracusarum

216 3242 571 3316 catapultae
590 3240 997 3317 ballistaeque
1018 3248 1077 3303 et
1098 3243 1218 3303 alia
1242 3242 1446 3304 omnia
1467 3244 1866 3303 instrumenta
1881 3240 2025 3301 belli
2044 3240 2183 3313 lata,

216 3329 287 3385 et
323 3324 499 3400 pacis
541 3324 863 3386 diuturnae
898 3325 1230 3401 regiaeque
1272 3326 1621 3402 opulentIae
1663 3330 2015 3386 ornamenta
2029 3370 2046 3401 ‚
2091 3340 2182 3384 ar·

215 3406 389 3485 genti
432 3408 722 3484 aerisque
764 3410 1082 3471 fabrefacti
1123 3410 1219 3469 vis
1234 3455 1251 3485 ,
1308 3411 1429 3469 alia
1468 3410 1752 3484 supellex
1791 3408 2186 3485 pretiosaque

217 3491 415 3553 vestis
444 3498 506 3553 et
528 3492 717 3555 multa
744 3492 973 3554 nobilia
995 3492 1192 3570 signa,
1222 3492 1449 3569 quibus
1475 3493 1633 3553 inter
1653 3491 1882 3568 primas
1895 3492 2184 3553 Graeciae
