2550 3959
648 43 703 102 ο

386 217 509 283 178
678 219 909 280 LlBER
936 219 1177 281 xxvn.
1224 219 1614 282 CAP.14.15.
1661 225 1736 294 [a.
1760 223 1830 279 u.
1854 242 1902 278 ε.
1925 225 2051 292 543]

381 370 583 432 conici
612 369 811 432 iussit.
854 370 1115 430 haesere
1144 371 1348 432 omnia
1375 370 1498 430 tela
1523 369 1688 430 haud
1722 368 1954 430 difficili
1987 385 2066 430 ex
2093 371 2352 446 propin-

385 471 509 532 quo
553 456 615 515 in
644 462 811 516 tanta
840 469 1103 531 corpora
1142 456 1267 516 ictu
1308 461 1368 514 et
1406 461 1529 516 tam
1559 454 1833 514 conferta
1861 453 2059 514 turba.
2141 451 2258 514 sed
2287 462 2354 514 ut

382 555 506 600 non
538 555 753 600 omnes
784 538 1081 598 vulnerati
1110 547 1267 614 sunt,
1298 539 1381 600 ita
1406 539 1470 598 in
1501 554 1761 614 quorum
1789 537 1979 613 tergis
2006 537 2198 598 infixa
2225 543 2350 600 ste·

383 631 510 686 tere
539 624 681 699 pila,
724 628 793 683 ut
820 629 915 682 est
942 638 1139 696 genus
1168 639 1421 698 anceps,
1461 623 1525 682 in
1555 622 1760 698 fugam
1789 621 1958 682 versi
1986 621 2168 682 etiam
2196 622 2354 686 inte-

382 722 528 782 gros
558 711 855 767 avertere.
918 713 1045 766 tum
1072 707 1194 768 iam
1222 723 1346 769 non
1377 723 1536 766 unus
1565 705 1943 781 manipuluS,
1988 705 2101 769 sed
2132 721 2246 782 pro
2279 721 2355 766 se

386 790 649 864 quisque
674 788 883 862 mileS,
932 791 1037 865 qui
1064 790 1251 852 modo
1293 790 1559 866 adsequi
1589 804 1807 864 agmen
1838 789 2197 864 fugientium
2226 789 2346 850 elc-

386 874 750 948 phantorum
781 880 1035 949 poterat,
1067 873 1196 949 pila
1223 874 1528 936 conicere.
1573 889 1647 934 co
1677 874 1874 948 magis
1901 889 2081 936 ruere
2107 872 2172 934 in
2195 889 2352 934 suos

386 959 631 1029 beluae,
676 962 970 1034 tantoque
998 958 1294 1018 maiorem
1321 966 1592 1034 stragem
1621 958 1807 1023 edere
1842 973 2025 1032 quam
2053 958 2211 1020 inter
2235 956 2352 1017 ho-

384 1049 513 1102 stes
567 1040 916 1115 ediderant,
977 1050 1207 1117 quanto
1250 1042 1454 1102 acrius
1497 1057 1694 1119 pavor
1735 1047 2185 1102 consternatam
2226 1041 2355 1116 agit

386 1141 568 1200 quam
597 1124 919 1187 insidentis
947 1126 1221 1201 magistri
1247 1126 1506 1202 imperio
1534 1125 1784 1202 regitur.
1841 1125 1903 1185 in
1933 1124 2352 1200 perturbatam

384 1218 739 1270 transcursu
764 1209 1081 1270 beluarum
1108 1211 1306 1272 aciem
1325 1210 1504 1286 signa
1529 1209 2066 1276 inferuntRomani
2089 1209 2352 1286 pediteS,

384 1301 445 1354 et
472 1293 638 1357 haud
664 1309 887 1369 magno
919 1295 1244 1358 certamine
1268 1295 1605 1371 dissipatos
1635 1292 2144 1368 trepidantesque
2171 1309 2351 1358 aver-

384 1383 531 1438 tunt.
595 1384 719 1438 tuni
751 1378 812 1438 in
842 1379 1143 1454 fugientes
1174 1379 1506 1454 equitatum
1533 1376 1794 1443 immittit
1823 1377 2153 1443 Marcellus
2171 1421 2188 1450 ,
2233 1391 2352 1436 nec

385 1468 525 1523 ante
565 1461 707 1522 finis
748 1463 1051 1537 sequendi
1092 1470 1188 1523 est
1239 1463 1434 1524 factus
1479 1474 1663 1537 quam
1704 1463 1768 1523 in
1809 1467 2012 1525 castra
2050 1467 2350 1536 paventes

386 1545 686 1622 compulsi
718 1553 877 1608 sunt.
933 1563 1074 1608 nam
1097 1562 1289 1623 super
1313 1547 1452 1622 alia,
1484 1561 1644 1624 quae
1671 1552 1969 1607 terrorem
1993 1544 2348 1622 trepidatio-

386 1644 651 1704 nemque
674 1630 960 1702 facerent
990 1631 1296 1708 elephanti
1321 1645 1571 1710 quoque
1601 1630 1722 1691 duo
1753 1629 1816 1690 in
1843 1629 1986 1705 ipsa
2008 1635 2188 1706 porta
2216 1644 2354 1690 cor·

384 1721 658 1784 ruerant,
718 1714 1039 1790 coactique
1090 1722 1263 1776 erant
1301 1715 1522 1777 milites
1563 1729 1676 1786 per
1721 1715 1960 1777 fossam
1997 1714 2356 1784 vallumque

386 1812 563 1856 ruere
592 1796 655 1856 in
684 1803 907 1856 castra.
968 1797 1053 1856 ibi
1079 1797 1348 1862 maxima
1371 1795 1640 1858 hostium
1669 1793 1898 1857 caedes
1928 1793 2106 1854 facta.
2161 1807 2355 1856 caesa

386 1881 466 1942 ad
496 1888 637 1942 octo
666 1880 831 1940 milia
860 1880 1189 1954 hominum,
1222 1880 1494 1956 quinque
1521 1877 1846 1954 elephanti.
1911 1893 2028 1938 nec
2055 1877 2354 1939 Romanis

387 1967 703 2025 incruenta
728 1964 989 2025 victoria
1018 1965 1159 2026 suits
1188 1965 1354 2026 mille
1381 1964 1574 2026 ferme
1603 1969 1664 2022 et
1693 1961 2062 2039 septingenti
2091 1962 2173 2022 de
2201 1961 2356 2022 dua-

383 2049 504 2107 bus
547 2047 921 2122 legionibus,
966 2057 1027 2108 et
1067 2048 1381 2108 sociorum
1410 2063 1602 2124 supra
1625 2045 1790 2106 mille
1828 2049 2084 2110 trecenti
2126 2045 2353 2117 occisi3

384 2132 682 2193 vulnerati
722 2133 1002 2208 permulti
1044 2132 1269 2193 civium
1307 2133 1764 2204 sociorumque.
1827 2129 2132 2192 Hannibal
2171 2136 2357 2190 nocte

385 2214 669 2290 proxima
698 2221 903 2276 castra
929 2216 1148 2277 movit:
1190 2216 1534 2292 cupientem
1565 2213 2178 2289 insequiMarcellum
2209 2231 2356 2290 pro-

385 2299 580 2359 hibuit
607 2299 929 2360 multitudo
958 2300 1330 2363 sauciorum.
1416 2299 1548 2360 XV.
1593 2299 2036 2375 speculatoreS,
2073 2298 2180 2372 qui
2209 2314 2357 2374 pro·

388 2390 792 2457 sequerentur
819 2399 1055 2460 agmen,
1084 2385 1259 2446 missi
1290 2391 1542 2461 postero
1573 2382 1676 2444 die
1701 2383 2064 2445 rettulerunt
2081 2381 2356 2446 Bruttios

384 2467 785 2528 Hannibalem
815 2475 1044 2544 petere.

553 2551 760 2612 Isdem
790 2552 981 2612 ferme
1011 2551 1229 2612 diebus
1264 2557 1326 2612 et
1354 2550 1436 2612 ad
1465 2549 1532 2624 Q.
1562 2549 1841 2614 Fulvium
1871 2551 2190 2615 consulem
2215 2550 2357 2622 Hir-

387 2635 514 2712 pini
541 2640 604 2694 et
627 2635 861 2697 Lucani
890 2641 951 2696 et
968 2635 1326 2696 Vulcientes
1353 2634 1592 2696 traditis
1621 2635 1951 2711 praesidiis
1971 2635 2356 2711 Hannibalis,

388 2718 636 2796 quaein
665 2717 923 2780 urbibus
952 2717 1280 2791 habebant,
1311 2718 1678 2784 dediderunt
1705 2734 1866 2794 sese,
1897 2721 2358 2796 clementerque

386 2820 423 2864 a
453 2803 709 2864 consule
738 2817 876 2865 cum
904 2802 1232 2870 verborum
1257 2808 1491 2864 tantum
1533 2803 1936 2878 castigatione.
1962 2803 2041 2866 ob
2083 2818 2357 2866 errorem

384 2887 777 2964 praeteritum
818 2885 1057 2960 accepti
1096 2893 1257 2948 sunt.
1323 2894 1385 2946 et
1408 2885 1660 2950 Bruttiis
1691 2887 1908 2950 similis
1939 2903 2092 2966 spes
2134 2889 2359 2950 veniae

384 2972 550 3032 facta
576 2976 691 3043 est,
736 2985 877 3032 cum
904 2969 983 3031 ab
1009 2969 1085 3030 iis
1114 2969 1336 3035 Vibius
1367 2977 1427 3032 et
1451 2969 1708 3034 Paccius
1738 2973 1986 3048 fratreS,
2030 2973 2214 3050 longe
2243 2987 2356 3034 no—

383 3052 667 3115 bilissimi
706 3052 903 3128 gentis
944 3053 1109 3130 eius,
1168 3055 1457 3129 eandem,
1516 3072 1676 3131 quae
1717 3056 1862 3118 data
1895 3056 2164 3120 Lucanis
2206 3063 2360 3130 erat,

388 3137 815 3200 condicionem
834 3137 1163 3199 deditionis
1190 3145 1468 3214 petentes
1490 3140 1826 3203 venissent.
1873 3141 1942 3216 Ω.
1958 3139 2188 3202 Fabius
2209 3156 2358 3204 con-

387 3224 483 3284 sul
514 3222 813 3300 oppidum
845 3221 907 3282 in
937 3221 1265 3286 Salentinis
1293 3222 1673 3285 Manduriam
1701 3225 1764 3284 vi
1793 3220 1975 3300 cepit.
2017 3223 2100 3285 ibi
2129 3224 2214 3290 ad
2241 3223 2362 3286 tria

385 3307 553 3368 milia
572 3307 883 3368 hominum
912 3313 1095 3383 capta
1122 3313 1185 3368 et
1206 3314 1448 3376 ceterae
1473 3309 1743 3387 praedae
1769 3309 2170 3384 aliquantum.
2211 3308 2361 3370 inde

385 3390 709 3456 Tarentum
730 3392 1048 3471 profectus
1080 3391 1141 3450 in
1170 3391 1327 3470 ipsis
1351 3392 1632 3454 faucibus
1655 3399 1870 3469 portus
1893 3393 2104 3470 posuit
2130 3399 2360 3454 castra.

384 3489 581 3536 naves
595 3522 611 3551 ,
654 3491 815 3554 quas
841 3473 1053 3538 Livius
1080 3476 1349 3538 tutandis
1381 3477 1820 3542 commeatibus
1845 3477 2172 3553 habuerat,
2215 3493 2357 3554 par-
