<?xml version="1.0" encoding="UTF-8"?>
<!DOCTYPE html PUBLIC "-//W3C//DTD XHTML 1.0 Transitional//EN"
    "http://www.w3.org/TR/xhtml1/DTD/xhtml1-transitional.dtd">
<html xmlns="http://www.w3.org/1999/xhtml" xml:lang="en" lang="en">
 <head>
  <title>
</title>
<meta http-equiv="Content-Type" content="text/html;charset=utf-8" />
  <meta name='ocr-system' content='tesseract 3.04.00' />
  <meta name='ocr-capabilities' content='ocr_page ocr_carea ocr_par ocr_line ocrx_word'/>
</head>
<body>
  <div class='ocr_page' id='page_1' title='image "./aburbeconditali13livygoog_0113.png"; bbox 0 0 2550 3959; ppageno 0'>
   <div class='ocr_carea' id='block_1_1' title="bbox 398 249 2043 336">
    <p class='ocr_par' dir='ltr' id='par_1_1' title="bbox 398 249 2043 336">
     <span class='ocr_line' id='line_1_1' title="bbox 398 249 2043 336; baseline -0.001 -9"><span class='ocrx_word' id='word_1_1' title='bbox 398 260 483 327; x_wconf 78' lang='lat'><strong>86</strong></span> <span class='ocrx_word' id='word_1_2' title='bbox 717 260 949 323; x_wconf 70' lang='lat' dir='ltr'><strong>unua</strong></span> <span class='ocrx_word' id='word_1_3' title='bbox 976 262 1163 323; x_wconf 77' lang='lat' dir='ltr'><strong>xxv,</strong></span> <span class='ocrx_word' id='word_1_4' title='bbox 1212 260 1376 321; x_wconf 76' lang='lat' dir='ltr'><strong>cAP.</strong></span> <span class='ocrx_word' id='word_1_5' title='bbox 1408 268 1496 323; x_wconf 79' lang='lat'><strong>28.</strong></span> <span class='ocrx_word' id='word_1_6' title='bbox 1520 269 1607 325; x_wconf 81' lang='lat'><strong>29.</strong></span> <span class='ocrx_word' id='word_1_7' title='bbox 1645 268 1721 336; x_wconf 61' lang='lat' dir='ltr'><strong>[a.</strong></span> <span class='ocrx_word' id='word_1_8' title='bbox 1746 268 1818 320; x_wconf 84' lang='grc' dir='ltr'><strong>υ.</strong></span> <span class='ocrx_word' id='word_1_9' title='bbox 1842 284 1890 320; x_wconf 68' lang='lat'><strong>0.</strong></span> <span class='ocrx_word' id='word_1_10' title='bbox 1915 249 2043 336; x_wconf 70' lang='lat'><strong>⁵40}</strong></span> 
     </span>
    </p>
   </div>
   <div class='ocr_carea' id='block_1_2' title="bbox 392 412 2365 3507">
    <p class='ocr_par' dir='ltr' id='par_1_2' title="bbox 398 412 2359 658">
     <span class='ocr_line' id='line_1_2' title="bbox 401 412 2357 491; baseline -0.001 -12"><span class='ocrx_word' id='word_1_11' title='bbox 401 415 765 479; x_wconf 88' lang='lat' dir='ltr'><strong>conciliandi</strong></span> <span class='ocrx_word' id='word_1_12' title='bbox 820 429 892 476; x_wconf 92' lang='lat' dir='ltr'><strong>se</strong></span> <span class='ocrx_word' id='word_1_13' title='bbox 942 412 1237 474; x_wconf 86' lang='lat' dir='ltr'><strong>Romanis</strong></span> <span class='ocrx_word' id='word_1_14' title='bbox 1296 412 1884 488; x_wconf 73' lang='lat' dir='ltr'><strong>praetermisissentz</strong></span> <span class='ocrx_word' id='word_1_15' title='bbox 1952 430 2086 475; x_wconf 87' lang='lat' dir='ltr'><strong>eam</strong></span> <span class='ocrx_word' id='word_1_16' title='bbox 2142 422 2357 491; x_wconf 77' lang='lat' dir='ltr'><strong>autem,</strong></span> 
     </span>
     <span class='ocr_line' id='line_1_3' title="bbox 403 495 2359 577; baseline 0 -16"><span class='ocrx_word' id='word_1_17' title='bbox 403 499 601 577; x_wconf 85' lang='lat' dir='ltr'><strong>qualis</strong></span> <span class='ocrx_word' id='word_1_18' title='bbox 631 499 733 559; x_wconf 92' lang='lat' dir='ltr'><strong>illo</strong></span> <span class='ocrx_word' id='word_1_19' title='bbox 759 502 1065 559; x_wconf 90' lang='lat' dir='ltr'><strong>momento</strong></span> <span class='ocrx_word' id='word_1_20' title='bbox 1088 495 1280 557; x_wconf 87' lang='lat' dir='ltr'><strong>horae</strong></span> <span class='ocrx_word' id='word_1_21' title='bbox 1301 496 1396 570; x_wconf 87' lang='lat' dir='ltr'><strong>sit,</strong></span> <span class='ocrx_word' id='word_1_22' title='bbox 1427 496 1654 556; x_wconf 86' lang='lat' dir='ltr'><strong>nullam</strong></span> <span class='ocrx_word' id='word_1_23' title='bbox 1677 496 1902 571; x_wconf 83' lang='lat' dir='ltr'><strong>deinde</strong></span> <span class='ocrx_word' id='word_1_24' title='bbox 1925 496 2076 571; x_wconf 81' lang='lat' dir='ltr'><strong>fore,</strong></span> <span class='ocrx_word' id='word_1_25' title='bbox 2107 498 2161 559; x_wconf 88' lang='lat' dir='ltr'><strong>si</strong></span> <span class='ocrx_word' id='word_1_26' title='bbox 2185 499 2359 561; x_wconf 88' lang='lat' dir='ltr'><strong>simul</strong></span> 
     </span>
     <span class='ocr_line' id='line_1_4' title="bbox 398 578 2111 658; baseline -0.003 -13"><span class='ocrx_word' id='word_1_27' title='bbox 398 583 466 624; x_wconf 81' lang='lat'><strong>¹⁸¹*</strong></span> <span class='ocrx_word' id='word_1_28' title='bbox 496 584 784 645; x_wconf 87' lang='lat' dir='ltr'><strong>liberatas</strong></span> <span class='ocrx_word' id='word_1_29' title='bbox 814 582 891 642; x_wconf 89' lang='lat' dir='ltr'><strong>ab</strong></span> <span class='ocrx_word' id='word_1_30' title='bbox 919 578 1357 655; x_wconf 76' lang='lat' dir='ltr'><strong>impotentibus</strong></span> <span class='ocrx_word' id='word_1_31' title='bbox 1385 578 1666 658; x_wconf 88' lang='lat' dir='ltr'><strong>tyrannis</strong></span> <span class='ocrx_word' id='word_1_32' title='bbox 1697 581 2111 657; x_wconf 79' lang='lat' dir='ltr'><strong>apparuisset.</strong></span> 
     </span>
    </p>

    <p class='ocr_par' dir='ltr' id='par_1_3' title="bbox 392 662 2365 3507">
     <span class='ocr_line' id='line_1_5' title="bbox 567 662 2359 743; baseline -0.001 -16"><span class='ocrx_word' id='word_1_33' title='bbox 567 666 777 727; x_wconf 87' lang='lat' dir='ltr'>XXIX.</span> <span class='ocrx_word' id='word_1_34' title='bbox 823 662 1101 727; x_wconf 86' lang='lat' dir='ltr'><strong>Omnium</strong></span> <span class='ocrx_word' id='word_1_35' title='bbox 1130 664 1361 739; x_wconf 75' lang='lat' dir='ltr'>ingenti</span> <span class='ocrx_word' id='word_1_36' title='bbox 1387 663 1662 725; x_wconf 90' lang='lat' dir='ltr'><strong>adsensu</strong></span> <span class='ocrx_word' id='word_1_37' title='bbox 1690 662 1901 725; x_wconf 85' lang='lat' dir='ltr'><strong>audita</strong></span> <span class='ocrx_word' id='word_1_38' title='bbox 1927 679 2006 725; x_wconf 85' lang='lat' dir='ltr'><strong>ea</strong></span> <span class='ocrx_word' id='word_1_39' title='bbox 2031 665 2226 728; x_wconf 88' lang='lat' dir='ltr'><strong>oratio</strong></span> <span class='ocrx_word' id='word_1_40' title='bbox 2249 675 2359 743; x_wconf 87' lang='lat' dir='ltr'><strong>est.</strong></span> 
     </span>
     <span class='ocr_line' id='line_1_6' title="bbox 400 747 2361 829; baseline -0.001 -16"><span class='ocrx_word' id='word_1_41' title='bbox 400 757 717 829; x_wconf 89' lang='lat' dir='ltr'><strong>praetores</strong></span> <span class='ocrx_word' id='word_1_42' title='bbox 758 756 959 809; x_wconf 81' lang='lat' dir='ltr'><strong>tamen</strong></span> <span class='ocrx_word' id='word_1_43' title='bbox 1003 747 1173 823; x_wconf 87' lang='lat' dir='ltr'><strong>prius</strong></span> <span class='ocrx_word' id='word_1_44' title='bbox 1204 747 1401 807; x_wconf 84' lang='lat' dir='ltr'><strong>creari</strong></span> <span class='ocrx_word' id='word_1_45' title='bbox 1430 762 1613 823; x_wconf 90' lang='lat' dir='ltr'><strong>quam</strong></span> <span class='ocrx_word' id='word_1_46' title='bbox 1640 749 1878 823; x_wconf 88' lang='lat' dir='ltr'><strong>legatos</strong></span> <span class='ocrx_word' id='word_1_47' title='bbox 1907 748 2205 810; x_wconf 86' lang='lat' dir='ltr'><strong>nominari</strong></span> <span class='ocrx_word' id='word_1_48' title='bbox 2234 753 2361 828; x_wconf 88' lang='lat' dir='ltr'><strong>pla·</strong></span> 
     </span>
     <span class='ocr_line' id='line_1_7' title="bbox 400 830 2361 909; baseline -0.001 -11"><span class='ocrx_word' id='word_1_49' title='bbox 400 835 540 898; x_wconf 91' lang='lat' dir='ltr'><strong>cuit.</strong></span> <span class='ocrx_word' id='word_1_50' title='bbox 582 849 662 894; x_wconf 90' lang='lat' dir='ltr'><strong>ex</strong></span> <span class='ocrx_word' id='word_1_51' title='bbox 689 833 965 909; x_wconf 90' lang='lat' dir='ltr'><strong>ipsorum</strong></span> <span class='ocrx_word' id='word_1_52' title='bbox 992 830 1217 891; x_wconf 90' lang='lat' dir='ltr'><strong>deinde</strong></span> <span class='ocrx_word' id='word_1_53' title='bbox 1243 836 1596 907; x_wconf 88' lang='lat' dir='ltr'><strong>praetorum</strong></span> <span class='ocrx_word' id='word_1_54' title='bbox 1615 847 1871 893; x_wconf 89' lang='lat' dir='ltr'><strong>numero</strong></span> <span class='ocrx_word' id='word_1_55' title='bbox 1891 831 2066 895; x_wconf 89' lang='lat' dir='ltr'><strong>missi</strong></span> <span class='ocrx_word' id='word_1_56' title='bbox 2090 843 2361 896; x_wconf 88' lang='lat' dir='ltr'><strong>oratores</strong></span> 
     </span>
     <span class='ocr_line' id='line_1_8' title="bbox 398 913 2363 995; baseline 0.001 -16"><span class='ocrx_word' id='word_1_57' title='bbox 398 920 480 979; x_wconf 84' lang='lat' dir='ltr'><strong>ad</strong></span> <span class='ocrx_word' id='word_1_58' title='bbox 518 916 903 990; x_wconf 86' lang='lat' dir='ltr'><strong>Marcellum,</strong></span> <span class='ocrx_word' id='word_1_59' title='bbox 956 930 1217 991; x_wconf 90' lang='lat' dir='ltr'><strong>quorum</strong></span> <span class='ocrx_word' id='word_1_60' title='bbox 1262 913 1554 991; x_wconf 89' lang='lat' dir='ltr'><strong>princeps</strong></span> <span class='ocrx_word' id='word_1_61' title='bbox 1603 931 1850 992; x_wconf 89' lang='lat' dir='ltr'><strong>„neque</strong></span> <span class='ocrx_word' id='word_1_62' title='bbox 1888 916 2130 992; x_wconf 88' lang='lat' dir='ltr'><strong>primo“</strong></span> <span class='ocrx_word' id='word_1_63' title='bbox 2170 918 2363 995; x_wconf 87' lang='lat' dir='ltr'><strong>inquit</strong></span> 
     </span>
     <span class='ocr_line' id='line_1_9' title="bbox 402 998 2359 1081; baseline -0.001 -17"><span class='ocrx_word' id='word_1_64' title='bbox 402 1002 826 1081; x_wconf 88' lang='lat' dir='ltr'><strong>„Syracusani</strong></span> <span class='ocrx_word' id='word_1_65' title='bbox 856 1016 893 1061; x_wconf 92' lang='lat' dir='ltr'><strong>a</strong></span> <span class='ocrx_word' id='word_1_66' title='bbox 918 999 1100 1061; x_wconf 88' lang='lat' dir='ltr'><strong>vobis</strong></span> <span class='ocrx_word' id='word_1_67' title='bbox 1129 998 1498 1075; x_wconf 81' lang='lat' dir='ltr'><strong>defecimus,</strong></span> <span class='ocrx_word' id='word_1_68' title='bbox 1539 999 1657 1061; x_wconf 88' lang='lat' dir='ltr'><strong>sed</strong></span> <span class='ocrx_word' id='word_1_69' title='bbox 1682 998 2099 1079; x_wconf 78' lang='lat' dir='ltr'><strong>Hieronymus</strong></span> <span class='ocrx_word' id='word_1_70' title='bbox 2131 1017 2359 1078; x_wconf 90' lang='lat' dir='ltr'><strong>nequa-</strong></span> 
     </span>
     <span class='ocr_line' id='line_1_10' title="bbox 400 1082 2360 1163; baseline -0.001 -16"><span class='ocrx_word' id='word_1_71' title='bbox 400 1102 583 1163; x_wconf 83' lang='lat' dir='ltr'><strong>quam</strong></span> <span class='ocrx_word' id='word_1_72' title='bbox 611 1092 732 1146; x_wconf 87' lang='lat' dir='ltr'><strong>tam</strong></span> <span class='ocrx_word' id='word_1_73' title='bbox 765 1084 827 1143; x_wconf 88' lang='lat' dir='ltr'><strong>in</strong></span> <span class='ocrx_word' id='word_1_74' title='bbox 854 1099 971 1145; x_wconf 81' lang='lat' dir='ltr'><strong>vos</strong></span> <span class='ocrx_word' id='word_1_75' title='bbox 1000 1083 1226 1159; x_wconf 86' lang='lat' dir='ltr'><strong>impius</strong></span> <span class='ocrx_word' id='word_1_76' title='bbox 1258 1098 1443 1159; x_wconf 81' lang='lat' dir='ltr'><strong>quarn</strong></span> <span class='ocrx_word' id='word_1_77' title='bbox 1471 1082 1534 1142; x_wconf 89' lang='lat' dir='ltr'><strong>in</strong></span> <span class='ocrx_word' id='word_1_78' title='bbox 1561 1099 1714 1153; x_wconf 85' lang='lat' dir='ltr'><strong>nos;</strong></span> <span class='ocrx_word' id='word_1_79' title='bbox 1752 1098 1868 1145; x_wconf 89' lang='lat' dir='ltr'><strong>nec</strong></span> <span class='ocrx_word' id='word_1_80' title='bbox 1896 1089 2118 1161; x_wconf 87' lang='lat' dir='ltr'><strong>postea</strong></span> <span class='ocrx_word' id='word_1_81' title='bbox 2145 1100 2360 1162; x_wconf 84' lang='lat' dir='ltr'><strong>pacem</strong></span> 
     </span>
     <span class='ocr_line' id='line_1_11' title="bbox 399 1165 2363 1250; baseline -0.001 -19"><span class='ocrx_word' id='word_1_82' title='bbox 399 1167 645 1250; x_wconf 76' lang='lat' dir='ltr'><strong>tyranni</strong></span> <span class='ocrx_word' id='word_1_83' title='bbox 690 1168 885 1228; x_wconf 85' lang='lat' dir='ltr'><strong>caede</strong></span> <span class='ocrx_word' id='word_1_84' title='bbox 929 1166 1334 1243; x_wconf 71' lang='lat' dir='ltr'><strong>compositam</strong></span> <span class='ocrx_word' id='word_1_85' title='bbox 1366 1165 1800 1246; x_wconf 87' lang='lat' dir='ltr'><strong>Syracusanus</strong></span> <span class='ocrx_word' id='word_1_86' title='bbox 1846 1168 2206 1245; x_wconf 88' lang='lat' dir='ltr'><strong>quisquam,</strong></span> <span class='ocrx_word' id='word_1_87' title='bbox 2247 1169 2363 1230; x_wconf 86' lang='lat' dir='ltr'><strong>sed</strong></span> 
     </span>
     <span class='ocr_line' id='line_1_12' title="bbox 399 1250 2359 1330; baseline -0.001 -15"><span class='ocrx_word' id='word_1_88' title='bbox 399 1254 692 1315; x_wconf 76' lang='lat' dir='ltr'><strong>satellites</strong></span> <span class='ocrx_word' id='word_1_89' title='bbox 717 1250 873 1327; x_wconf 90' lang='lat' dir='ltr'><strong>regii</strong></span> <span class='ocrx_word' id='word_1_90' title='bbox 901 1251 1312 1328; x_wconf 79' lang='lat' dir='ltr'><strong>Hippocrates</strong></span> <span class='ocrx_word' id='word_1_91' title='bbox 1341 1256 1528 1325; x_wconf 88' lang='lat' dir='ltr'><strong>atque</strong></span> <span class='ocrx_word' id='word_1_92' title='bbox 1553 1250 1868 1328; x_wconf 83' lang='lat' dir='ltr'><strong>Epicydes</strong></span> <span class='ocrx_word' id='word_1_93' title='bbox 1898 1252 2223 1330; x_wconf 84' lang='lat' dir='ltr'><strong>oppressis</strong></span> <span class='ocrx_word' id='word_1_94' title='bbox 2253 1269 2359 1315; x_wconf 89' lang='lat' dir='ltr'><strong>no·</strong></span> 
     </span>
     <span class='ocr_line' id='line_1_13' title="bbox 396 1334 2362 1413; baseline -0.001 -14"><span class='ocrx_word' id='word_1_95' title='bbox 396 1339 494 1399; x_wconf 92' lang='lat' dir='ltr'><strong>bis</strong></span> <span class='ocrx_word' id='word_1_96' title='bbox 542 1338 685 1399; x_wconf 88' lang='lat' dir='ltr'><strong>hinc</strong></span> <span class='ocrx_word' id='word_1_97' title='bbox 736 1341 901 1396; x_wconf 87' lang='lat' dir='ltr'><strong>metu</strong></span> <span class='ocrx_word' id='word_1_98' title='bbox 944 1335 1088 1395; x_wconf 85' lang='lat' dir='ltr'><strong>hinc</strong></span> <span class='ocrx_word' id='word_1_99' title='bbox 1130 1334 1350 1394; x_wconf 82' lang='lat' dir='ltr'><strong>fraude</strong></span> <span class='ocrx_word' id='word_1_100' title='bbox 1387 1334 1804 1395; x_wconf 86' lang='lat' dir='ltr'><strong>turbaverunt.</strong></span> <span class='ocrx_word' id='word_1_101' title='bbox 1877 1351 1995 1397; x_wconf 90' lang='lat' dir='ltr'><strong>nec</strong></span> <span class='ocrx_word' id='word_1_102' title='bbox 2037 1337 2362 1413; x_wconf 85' lang='lat' dir='ltr'><strong>quisquam</strong></span> 
     </span>
     <span class='ocr_line' id='line_1_14' title="bbox 398 1417 2360 1497; baseline -0.002 -14"><span class='ocrx_word' id='word_1_103' title='bbox 398 1423 606 1483; x_wconf 86' lang='lat' dir='ltr'><strong>dicere</strong></span> <span class='ocrx_word' id='word_1_104' title='bbox 644 1425 881 1497; x_wconf 89' lang='lat' dir='ltr'><strong>potest,</strong></span> <span class='ocrx_word' id='word_1_105' title='bbox 924 1418 1253 1494; x_wconf 87' lang='lat' dir='ltr'><strong>aliquando</strong></span> <span class='ocrx_word' id='word_1_106' title='bbox 1298 1417 1478 1488; x_wconf 84' lang='lat' dir='ltr'><strong>nobis</strong></span> <span class='ocrx_word' id='word_1_107' title='bbox 1520 1418 1815 1479; x_wconf 79' lang='lat' dir='ltr'><strong>libertatis</strong></span> <span class='ocrx_word' id='word_1_108' title='bbox 1862 1425 2105 1496; x_wconf 86' lang='lat' dir='ltr'><strong>tempus</strong></span> <span class='ocrx_word' id='word_1_109' title='bbox 2147 1420 2360 1493; x_wconf 79' lang='lat' dir='ltr'><strong>fuisse,</strong></span> 
     </span>
     <span class='ocr_line' id='line_1_15' title="bbox 402 1501 2362 1581; baseline -0.001 -15"><span class='ocrx_word' id='word_1_110' title='bbox 402 1506 571 1581; x_wconf 88' lang='lat' dir='ltr'><strong>quod</strong></span> <span class='ocrx_word' id='word_1_111' title='bbox 614 1504 787 1580; x_wconf 84' lang='lat' dir='ltr'><strong>pacis</strong></span> <span class='ocrx_word' id='word_1_112' title='bbox 832 1501 1154 1564; x_wconf 88' lang='lat' dir='ltr'><strong>vobiscum</strong></span> <span class='ocrx_word' id='word_1_113' title='bbox 1200 1517 1325 1562; x_wconf 90' lang='lat' dir='ltr'><strong>non</strong></span> <span class='ocrx_word' id='word_1_114' title='bbox 1365 1501 1566 1563; x_wconf 79' lang='lat' dir='ltr'><strong>fuerit.</strong></span> <span class='ocrx_word' id='word_1_115' title='bbox 1629 1518 1794 1565; x_wconf 88' lang='lat' dir='ltr'><strong>nunc</strong></span> <span class='ocrx_word' id='word_1_116' title='bbox 1835 1510 2002 1564; x_wconf 88' lang='lat' dir='ltr'><strong>certe</strong></span> <span class='ocrx_word' id='word_1_117' title='bbox 2038 1504 2231 1565; x_wconf 89' lang='lat' dir='ltr'><strong>caede</strong></span> <span class='ocrx_word' id='word_1_118' title='bbox 2259 1519 2362 1566; x_wconf 91' lang='lat' dir='ltr'><strong>eo-</strong></span> 
     </span>
     <span class='ocr_line' id='line_1_16' title="bbox 394 1585 2362 1666; baseline -0.001 -17"><span class='ocrx_word' id='word_1_119' title='bbox 394 1605 562 1661; x_wconf 89' lang='lat' dir='ltr'><strong>rum,</strong></span> <span class='ocrx_word' id='word_1_120' title='bbox 618 1587 725 1663; x_wconf 91' lang='lat' dir='ltr'><strong>qui</strong></span> <span class='ocrx_word' id='word_1_121' title='bbox 768 1602 1111 1663; x_wconf 87' lang='lat' dir='ltr'><strong>oppressas</strong></span> <span class='ocrx_word' id='word_1_122' title='bbox 1153 1585 1445 1647; x_wconf 86' lang='lat' dir='ltr'><strong>tenebant</strong></span> <span class='ocrx_word' id='word_1_123' title='bbox 1486 1585 1867 1666; x_wconf 79' lang='lat' dir='ltr'><strong>Syracusas,</strong></span> <span class='ocrx_word' id='word_1_124' title='bbox 1921 1604 2061 1649; x_wconf 89' lang='lat' dir='ltr'><strong>cum</strong></span> <span class='ocrx_word' id='word_1_125' title='bbox 2103 1588 2362 1664; x_wconf 86' lang='lat' dir='ltr'><strong>primum</strong></span> 
     </span>
     <span class='ocr_line' id='line_1_17' title="bbox 397 1670 2361 1747; baseline -0.001 -13"><span class='ocrx_word' id='word_1_126' title='bbox 397 1672 595 1734; x_wconf 81' lang='lat' dir='ltr'><strong>nostri</strong></span> <span class='ocrx_word' id='word_1_127' title='bbox 633 1670 864 1732; x_wconf 87' lang='lat' dir='ltr'><strong>arbitrii</strong></span> <span class='ocrx_word' id='word_1_128' title='bbox 906 1685 1052 1731; x_wconf 86' lang='lat' dir='ltr'><strong>esse</strong></span> <span class='ocrx_word' id='word_1_129' title='bbox 1094 1670 1443 1747; x_wconf 87' lang='lat' dir='ltr'><strong>coepimus,</strong></span> <span class='ocrx_word' id='word_1_130' title='bbox 1488 1672 1796 1747; x_wconf 88' lang='lat' dir='ltr'><strong>extemplo</strong></span> <span class='ocrx_word' id='word_1_131' title='bbox 1823 1672 2104 1733; x_wconf 87' lang='lat' dir='ltr'><strong>venimus</strong></span> <span class='ocrx_word' id='word_1_132' title='bbox 2131 1671 2213 1731; x_wconf 91' lang='lat' dir='ltr'><strong>ad</strong></span> <span class='ocrx_word' id='word_1_133' title='bbox 2240 1678 2361 1732; x_wconf 87' lang='lat' dir='ltr'><strong>tra·</strong></span> 
     </span>
     <span class='ocr_line' id='line_1_18' title="bbox 398 1753 2362 1830; baseline -0.001 -13"><span class='ocrx_word' id='word_1_134' title='bbox 398 1757 601 1817; x_wconf 85' lang='lat' dir='ltr'><strong>denda</strong></span> <span class='ocrx_word' id='word_1_135' title='bbox 641 1770 837 1827; x_wconf 84' lang='lat' dir='ltr'><strong>arma,</strong></span> <span class='ocrx_word' id='word_1_136' title='bbox 882 1753 1203 1817; x_wconf 75' lang='lat' dir='ltr'><strong>dedendos</strong></span> <span class='ocrx_word' id='word_1_137' title='bbox 1229 1768 1349 1813; x_wconf 84' lang='lat' dir='ltr'><strong>nos</strong></span> <span class='ocrx_word' id='word_1_138' title='bbox 1378 1754 1592 1814; x_wconf 88' lang='lat' dir='ltr'><strong>urbem</strong></span> <span class='ocrx_word' id='word_1_139' title='bbox 1619 1754 1892 1830; x_wconf 89' lang='lat' dir='ltr'><strong>moenia,</strong></span> <span class='ocrx_word' id='word_1_140' title='bbox 1933 1756 2160 1818; x_wconf 87' lang='lat' dir='ltr'><strong>nullam</strong></span> <span class='ocrx_word' id='word_1_141' title='bbox 2185 1770 2362 1815; x_wconf 88' lang='lat' dir='ltr'><strong>recu-</strong></span> 
     </span>
     <span class='ocr_line' id='line_1_19' title="bbox 399 1836 2358 1914; baseline -0.002 -13"><span class='ocrx_word' id='word_1_142' title='bbox 399 1841 658 1901; x_wconf 87' lang='lat' dir='ltr'><strong>sandam</strong></span> <span class='ocrx_word' id='word_1_143' title='bbox 686 1840 1007 1912; x_wconf 73' lang='lat' dir='ltr'><strong>fortunam,</strong></span> <span class='ocrx_word' id='word_1_144' title='bbox 1040 1853 1202 1914; x_wconf 89' lang='lat' dir='ltr'><strong>quae</strong></span> <span class='ocrx_word' id='word_1_145' title='bbox 1229 1839 1351 1897; x_wconf 87' lang='lat' dir='ltr'><strong>iam</strong></span> <span class='ocrx_word' id='word_1_146' title='bbox 1380 1836 1669 1913; x_wconf 86' lang='lat' dir='ltr'><strong>imposita</strong></span> <span class='ocrx_word' id='word_1_147' title='bbox 1695 1854 1734 1900; x_wconf 88' lang='lat' dir='ltr'><strong>a</strong></span> <span class='ocrx_word' id='word_1_148' title='bbox 1759 1838 1942 1899; x_wconf 89' lang='lat' dir='ltr'><strong>vobis</strong></span> <span class='ocrx_word' id='word_1_149' title='bbox 1971 1838 2172 1901; x_wconf 79' lang='lat' dir='ltr'><strong>fuerit.</strong></span> <span class='ocrx_word' id='word_1_150' title='bbox 2226 1840 2358 1913; x_wconf 88' lang='lat' dir='ltr'><strong>glo-</strong></span> 
     </span>
     <span class='ocr_line' id='line_1_20' title="bbox 396 1920 2360 1999; baseline -0.002 -14"><span class='ocrx_word' id='word_1_151' title='bbox 396 1925 549 1985; x_wconf 87' lang='lat' dir='ltr'><strong>riam</strong></span> <span class='ocrx_word' id='word_1_152' title='bbox 592 1928 807 1999; x_wconf 83' lang='lat' dir='ltr'><strong>captae</strong></span> <span class='ocrx_word' id='word_1_153' title='bbox 835 1920 1254 1982; x_wconf 88' lang='lat' dir='ltr'><strong>nobilissimae</strong></span> <span class='ocrx_word' id='word_1_154' title='bbox 1294 1920 1869 1997; x_wconf 87' lang='lat' dir='ltr'><strong>pulcherrimaeque</strong></span> <span class='ocrx_word' id='word_1_155' title='bbox 1895 1923 2066 1984; x_wconf 84' lang='lat' dir='ltr'><strong>urbis</strong></span> <span class='ocrx_word' id='word_1_156' title='bbox 2099 1922 2360 1983; x_wconf 87' lang='lat' dir='ltr'><strong>Graeca-</strong></span> 
     </span>
     <span class='ocr_line' id='line_1_21' title="bbox 397 2003 2362 2082; baseline -0.002 -14"><span class='ocrx_word' id='word_1_157' title='bbox 397 2024 532 2069; x_wconf 89' lang='lat' dir='ltr'><strong>rum</strong></span> <span class='ocrx_word' id='word_1_158' title='bbox 564 2008 663 2068; x_wconf 86' lang='lat' dir='ltr'><strong>dei</strong></span> <span class='ocrx_word' id='word_1_159' title='bbox 691 2006 800 2067; x_wconf 90' lang='lat' dir='ltr'><strong>tibi</strong></span> <span class='ocrx_word' id='word_1_160' title='bbox 828 2005 1146 2078; x_wconf 86' lang='lat' dir='ltr'><strong>dederunt,</strong></span> <span class='ocrx_word' id='word_1_161' title='bbox 1176 2003 1484 2063; x_wconf 86' lang='lat' dir='ltr'><strong>Marcelle.</strong></span> <span class='ocrx_word' id='word_1_162' title='bbox 1547 2004 1846 2080; x_wconf 85' lang='lat' dir='ltr'><strong>quidquid</strong></span> <span class='ocrx_word' id='word_1_163' title='bbox 1877 2021 2170 2082; x_wconf 88' lang='lat' dir='ltr'><strong>umquam</strong></span> <span class='ocrx_word' id='word_1_164' title='bbox 2201 2012 2362 2065; x_wconf 83' lang='lat' dir='ltr'><strong>terra</strong></span> 
     </span>
     <span class='ocr_line' id='line_1_22' title="bbox 395 2086 2365 2168; baseline -0.002 -16"><span class='ocrx_word' id='word_1_165' title='bbox 395 2092 673 2168; x_wconf 87' lang='lat' dir='ltr'><strong>marique</strong></span> <span class='ocrx_word' id='word_1_166' title='bbox 701 2087 1159 2149; x_wconf 89' lang='lat' dir='ltr'><strong>memorandum</strong></span> <span class='ocrx_word' id='word_1_167' title='bbox 1188 2086 1518 2162; x_wconf 84' lang='lat' dir='ltr'><strong>gessimus,</strong></span> <span class='ocrx_word' id='word_1_168' title='bbox 1549 2086 1613 2146; x_wconf 90' lang='lat' dir='ltr'><strong>id</strong></span> <span class='ocrx_word' id='word_1_169' title='bbox 1639 2087 1725 2147; x_wconf 88' lang='lat' dir='ltr'><strong>tui</strong></span> <span class='ocrx_word' id='word_1_170' title='bbox 1745 2088 2035 2163; x_wconf 87' lang='lat' dir='ltr'><strong>triumphi</strong></span> <span class='ocrx_word' id='word_1_171' title='bbox 2061 2089 2234 2150; x_wconf 88' lang='lat' dir='ltr'><strong>titulo</strong></span> <span class='ocrx_word' id='word_1_172' title='bbox 2259 2103 2365 2148; x_wconf 90' lang='lat' dir='ltr'><strong>ac-</strong></span> 
     </span>
     <span class='ocr_line' id='line_1_23' title="bbox 397 2169 2360 2247; baseline -0.003 -10"><span class='ocrx_word' id='word_1_173' title='bbox 397 2176 576 2239; x_wconf 85' lang='lat' dir='ltr'><strong>cedit.</strong></span> <span class='ocrx_word' id='word_1_174' title='bbox 642 2176 841 2234; x_wconf 79' lang='lat' dir='ltr'><strong>famae</strong></span> <span class='ocrx_word' id='word_1_175' title='bbox 879 2185 959 2230; x_wconf 90' lang='lat' dir='ltr'><strong>ne</strong></span> <span class='ocrx_word' id='word_1_176' title='bbox 1001 2170 1169 2230; x_wconf 89' lang='lat' dir='ltr'><strong>credi</strong></span> <span class='ocrx_word' id='word_1_177' title='bbox 1207 2169 1362 2229; x_wconf 88' lang='lat' dir='ltr'><strong>velis</strong></span> <span class='ocrx_word' id='word_1_178' title='bbox 1380 2216 1395 2245; x_wconf 90' lang='lat'><strong>,</strong></span> <span class='ocrx_word' id='word_1_179' title='bbox 1439 2176 1667 2246; x_wconf 83' lang='lat' dir='ltr'><strong>quanta</strong></span> <span class='ocrx_word' id='word_1_180' title='bbox 1703 2172 1855 2232; x_wconf 88' lang='lat' dir='ltr'><strong>urbs</strong></span> <span class='ocrx_word' id='word_1_181' title='bbox 1885 2186 1924 2230; x_wconf 88' lang='lat' dir='ltr'><strong>a</strong></span> <span class='ocrx_word' id='word_1_182' title='bbox 1949 2178 2011 2232; x_wconf 88' lang='lat' dir='ltr'><strong>te</strong></span> <span class='ocrx_word' id='word_1_183' title='bbox 2052 2176 2234 2247; x_wconf 88' lang='lat' dir='ltr'><strong>capta</strong></span> <span class='ocrx_word' id='word_1_184' title='bbox 2264 2172 2360 2245; x_wconf 87' lang='lat' dir='ltr'><strong>sit,</strong></span> 
     </span>
     <span class='ocr_line' id='line_1_24' title="bbox 400 2255 2362 2334; baseline -0.003 -13"><span class='ocrx_word' id='word_1_185' title='bbox 400 2274 583 2334; x_wconf 86' lang='lat' dir='ltr'><strong>quam</strong></span> <span class='ocrx_word' id='word_1_186' title='bbox 625 2255 891 2334; x_wconf 80' lang='lat' dir='ltr'><strong>posteris</strong></span> <span class='ocrx_word' id='word_1_187' title='bbox 936 2268 1185 2331; x_wconf 91' lang='lat' dir='ltr'><strong>quoque</strong></span> <span class='ocrx_word' id='word_1_188' title='bbox 1225 2268 1361 2313; x_wconf 89' lang='lat' dir='ltr'><strong>eam</strong></span> <span class='ocrx_word' id='word_1_189' title='bbox 1402 2256 1757 2329; x_wconf 84' lang='lat' dir='ltr'><strong>spectaculo</strong></span> <span class='ocrx_word' id='word_1_190' title='bbox 1802 2269 1977 2330; x_wconf 87' lang='lat' dir='ltr'><strong>esse,</strong></span> <span class='ocrx_word' id='word_1_191' title='bbox 2021 2270 2144 2330; x_wconf 88' lang='lat' dir='ltr'><strong>quo</strong></span> <span class='ocrx_word' id='word_1_192' title='bbox 2190 2256 2362 2330; x_wconf 89' lang='lat' dir='ltr'><strong>quis·</strong></span> 
     </span>
     <span class='ocr_line' id='line_1_25' title="bbox 398 2337 2363 2419; baseline -0.002 -17"><span class='ocrx_word' id='word_1_193' title='bbox 398 2342 537 2419; x_wconf 90' lang='lat' dir='ltr'><strong>quis</strong></span> <span class='ocrx_word' id='word_1_194' title='bbox 567 2349 731 2403; x_wconf 84' lang='lat' dir='ltr'><strong>terra</strong></span> <span class='ocrx_word' id='word_1_195' title='bbox 759 2337 1025 2415; x_wconf 87' lang='lat' dir='ltr'><strong>quisque</strong></span> <span class='ocrx_word' id='word_1_196' title='bbox 1054 2337 1205 2398; x_wconf 89' lang='lat' dir='ltr'><strong>mari</strong></span> <span class='ocrx_word' id='word_1_197' title='bbox 1224 2338 1478 2412; x_wconf 89' lang='lat' dir='ltr'><strong>venerit,</strong></span> <span class='ocrx_word' id='word_1_198' title='bbox 1509 2352 1672 2398; x_wconf 90' lang='lat' dir='ltr'><strong>nunc</strong></span> <span class='ocrx_word' id='word_1_199' title='bbox 1694 2345 1908 2401; x_wconf 88' lang='lat' dir='ltr'><strong>nostra</strong></span> <span class='ocrx_word' id='word_1_200' title='bbox 1928 2338 2008 2399; x_wconf 90' lang='lat' dir='ltr'><strong>de</strong></span> <span class='ocrx_word' id='word_1_201' title='bbox 2028 2338 2363 2399; x_wconf 87' lang='lat' dir='ltr'><strong>Athenien·</strong></span> 
     </span>
     <span class='ocr_line' id='line_1_26' title="bbox 396 2420 2362 2499; baseline -0.002 -13"><span class='ocrx_word' id='word_1_202' title='bbox 396 2425 570 2487; x_wconf 88' lang='lat' dir='ltr'><strong>sibus</strong></span> <span class='ocrx_word' id='word_1_203' title='bbox 614 2420 1340 2499; x_wconf 80' lang='lat' dir='ltr'><strong>Carthaginiensibusque</strong></span> <span class='ocrx_word' id='word_1_204' title='bbox 1380 2428 1667 2498; x_wconf 87' lang='lat' dir='ltr'><strong>tropaea,</strong></span> <span class='ocrx_word' id='word_1_205' title='bbox 1713 2438 1876 2484; x_wconf 86' lang='lat' dir='ltr'><strong>nunc</strong></span> <span class='ocrx_word' id='word_1_206' title='bbox 1913 2428 2018 2483; x_wconf 86' lang='lat' dir='ltr'><strong>tua</strong></span> <span class='ocrx_word' id='word_1_207' title='bbox 2060 2422 2140 2482; x_wconf 92' lang='lat' dir='ltr'><strong>de</strong></span> <span class='ocrx_word' id='word_1_208' title='bbox 2178 2422 2362 2483; x_wconf 85' lang='lat' dir='ltr'><strong>nobis</strong></span> 
     </span>
     <span class='ocr_line' id='line_1_27' title="bbox 397 2504 2362 2584; baseline -0.003 -11"><span class='ocrx_word' id='word_1_209' title='bbox 397 2510 713 2578; x_wconf 87' lang='lat' dir='ltr'><strong>ostendat;</strong></span> <span class='ocrx_word' id='word_1_210' title='bbox 757 2508 1221 2583; x_wconf 87' lang='lat' dir='ltr'><strong>incolumesque</strong></span> <span class='ocrx_word' id='word_1_211' title='bbox 1257 2504 1606 2584; x_wconf 76' lang='lat' dir='ltr'><strong>Syracusas</strong></span> <span class='ocrx_word' id='word_1_212' title='bbox 1647 2506 1912 2567; x_wconf 80' lang='lat' dir='ltr'><strong>familiae</strong></span> <span class='ocrx_word' id='word_1_213' title='bbox 1951 2512 2197 2567; x_wconf 88' lang='lat' dir='ltr'><strong>vestrae</strong></span> <span class='ocrx_word' id='word_1_214' title='bbox 2241 2508 2362 2567; x_wconf 90' lang='lat' dir='ltr'><strong>sub</strong></span> 
     </span>
     <span class='ocr_line' id='line_1_28' title="bbox 396 2589 2360 2667; baseline -0.003 -12"><span class='ocrx_word' id='word_1_215' title='bbox 396 2594 678 2655; x_wconf 83' lang='lat' dir='ltr'><strong>clientela</strong></span> <span class='ocrx_word' id='word_1_216' title='bbox 704 2592 967 2655; x_wconf 86' lang='lat' dir='ltr'><strong>nominis</strong></span> <span class='ocrx_word' id='word_1_217' title='bbox 986 2590 1418 2651; x_wconf 88' lang='lat' dir='ltr'><strong>Marcellorum</strong></span> <span class='ocrx_word' id='word_1_218' title='bbox 1446 2590 1756 2667; x_wconf 85' lang='lat' dir='ltr'><strong>tutelaque</strong></span> <span class='ocrx_word' id='word_1_219' title='bbox 1777 2589 2096 2651; x_wconf 86' lang='lat' dir='ltr'><strong>habendas</strong></span> <span class='ocrx_word' id='word_1_220' title='bbox 2121 2590 2360 2667; x_wconf 81' lang='lat' dir='ltr'><strong>tradas.</strong></span> 
     </span>
     <span class='ocr_line' id='line_1_29' title="bbox 395 2670 2354 2754; baseline -0.003 -15"><span class='ocrx_word' id='word_1_221' title='bbox 395 2694 473 2739; x_wconf 88' lang='lat' dir='ltr'><strong>ne</strong></span> <span class='ocrx_word' id='word_1_222' title='bbox 502 2680 642 2754; x_wconf 89' lang='lat' dir='ltr'><strong>plus</strong></span> <span class='ocrx_word' id='word_1_223' title='bbox 672 2675 843 2750; x_wconf 89' lang='lat' dir='ltr'><strong>apud</strong></span> <span class='ocrx_word' id='word_1_224' title='bbox 869 2690 985 2735; x_wconf 88' lang='lat' dir='ltr'><strong>vos</strong></span> <span class='ocrx_word' id='word_1_225' title='bbox 1006 2673 1365 2752; x_wconf 79' lang='lat' dir='ltr'><strong>Hieronymi</strong></span> <span class='ocrx_word' id='word_1_226' title='bbox 1396 2670 1579 2750; x_wconf 82' lang='lat' dir='ltr'><strong>qu‘am</strong></span> <span class='ocrx_word' id='word_1_227' title='bbox 1598 2672 1882 2735; x_wconf 86' lang='lat' dir='ltr'><strong>Hieronis</strong></span> <span class='ocrx_word' id='word_1_228' title='bbox 1909 2672 2204 2735; x_wconf 87' lang='lat' dir='ltr'><strong>memoria</strong></span> <span class='ocrx_word' id='word_1_229' title='bbox 2228 2688 2354 2734; x_wconf 88' lang='lat' dir='ltr'><strong>mo·</strong></span> 
     </span>
     <span class='ocr_line' id='line_1_30' title="bbox 394 2756 2362 2833; baseline -0.003 -12"><span class='ocrx_word' id='word_1_230' title='bbox 394 2762 579 2823; x_wconf 87' lang='lat' dir='ltr'><strong>menti</strong></span> <span class='ocrx_word' id='word_1_231' title='bbox 626 2759 837 2820; x_wconf 75' lang='lat' dir='ltr'><strong>faciate</strong></span> <span class='ocrx_word' id='word_1_232' title='bbox 909 2756 1135 2818; x_wconf 90' lang='lat' dir='ltr'><strong>diutius</strong></span> <span class='ocrx_word' id='word_1_233' title='bbox 1186 2757 1288 2817; x_wconf 89' lang='lat' dir='ltr'><strong>ille</strong></span> <span class='ocrx_word' id='word_1_234' title='bbox 1335 2757 1524 2818; x_wconf 87' lang='lat' dir='ltr'><strong>multo</strong></span> <span class='ocrx_word' id='word_1_235' title='bbox 1575 2758 1808 2820; x_wconf 86' lang='lat' dir='ltr'><strong>amicus</strong></span> <span class='ocrx_word' id='word_1_236' title='bbox 1863 2758 1977 2820; x_wconf 81' lang='lat' dir='ltr'><strong>fuit</strong></span> <span class='ocrx_word' id='word_1_237' title='bbox 2027 2772 2210 2833; x_wconf 88' lang='lat' dir='ltr'><strong>quam</strong></span> <span class='ocrx_word' id='word_1_238' title='bbox 2259 2757 2362 2817; x_wconf 88' lang='lat' dir='ltr'><strong>hic</strong></span> 
     </span>
     <span class='ocr_line' id='line_1_31' title="bbox 392 2838 2359 2921; baseline -0.004 -13"><span class='ocrx_word' id='word_1_239' title='bbox 392 2846 611 2921; x_wconf 88' lang='lat' dir='ltr'><strong>hostis,</strong></span> <span class='ocrx_word' id='word_1_240' title='bbox 642 2848 703 2903; x_wconf 89' lang='lat' dir='ltr'><strong>et</strong></span> <span class='ocrx_word' id='word_1_241' title='bbox 728 2842 889 2902; x_wconf 92' lang='lat' dir='ltr'><strong>illius</strong></span> <span class='ocrx_word' id='word_1_242' title='bbox 917 2840 1239 2901; x_wconf 81' lang='lat' dir='ltr'><strong>benefacta</strong></span> <span class='ocrx_word' id='word_1_243' title='bbox 1260 2838 1441 2900; x_wconf 88' lang='lat' dir='ltr'><strong>etiam</strong></span> <span class='ocrx_word' id='word_1_244' title='bbox 1464 2841 1916 2917; x_wconf 86' lang='lat' dir='ltr'><strong>praesensistis,</strong></span> <span class='ocrx_word' id='word_1_245' title='bbox 1943 2840 2128 2901; x_wconf 89' lang='lat' dir='ltr'><strong>huius</strong></span> <span class='ocrx_word' id='word_1_246' title='bbox 2151 2855 2359 2900; x_wconf 86' lang='lat' dir='ltr'><strong>amen·</strong></span> 
     </span>
     <span class='ocr_line' id='line_1_32' title="bbox 394 2921 2359 3003; baseline -0.003 -14"><span class='ocrx_word' id='word_1_247' title='bbox 394 2930 478 2989; x_wconf 89' lang='lat' dir='ltr'><strong>tia</strong></span> <span class='ocrx_word' id='word_1_248' title='bbox 504 2928 587 2989; x_wconf 91' lang='lat' dir='ltr'><strong>ad</strong></span> <span class='ocrx_word' id='word_1_249' title='bbox 614 2924 949 3003; x_wconf 89' lang='lat' dir='ltr'><strong>perniciem</strong></span> <span class='ocrx_word' id='word_1_250' title='bbox 977 2930 1207 2985; x_wconf 89' lang='lat' dir='ltr'><strong>tantum</strong></span> <span class='ocrx_word' id='word_1_251' title='bbox 1235 2921 1433 2999; x_wconf 88' lang='lat' dir='ltr'><strong>ipsius</strong></span> <span class='ocrx_word' id='word_1_252' title='bbox 1461 2924 1707 2987; x_wconf 86' lang='lat' dir='ltr'><strong>valuit“.</strong></span> <span class='ocrx_word' id='word_1_253' title='bbox 1749 2924 1963 2985; x_wconf 86' lang='lat' dir='ltr'><strong>Omnia</strong></span> <span class='ocrx_word' id='word_1_254' title='bbox 1984 2930 2046 2984; x_wconf 90' lang='lat' dir='ltr'><strong>et</strong></span> <span class='ocrx_word' id='word_1_255' title='bbox 2071 2925 2359 2999; x_wconf 87' lang='lat' dir='ltr'><strong>impetra·</strong></span> 
     </span>
     <span class='ocr_line' id='line_1_33' title="bbox 393 3006 2360 3083; baseline -0.003 -10"><span class='ocrx_word' id='word_1_256' title='bbox 393 3012 540 3073; x_wconf 88' lang='lat' dir='ltr'><strong>bilia</strong></span> <span class='ocrx_word' id='word_1_257' title='bbox 580 3016 643 3072; x_wconf 86' lang='lat' dir='ltr'><strong>et</strong></span> <span class='ocrx_word' id='word_1_258' title='bbox 679 3015 809 3070; x_wconf 89' lang='lat' dir='ltr'><strong>tuta</strong></span> <span class='ocrx_word' id='word_1_259' title='bbox 848 3014 1024 3069; x_wconf 86' lang='lat' dir='ltr'><strong>erant</strong></span> <span class='ocrx_word' id='word_1_260' title='bbox 1060 3008 1230 3083; x_wconf 84' lang='lat' dir='ltr'><strong>apud</strong></span> <span class='ocrx_word' id='word_1_261' title='bbox 1255 3008 1602 3070; x_wconf 84' lang='lat' dir='ltr'><strong>Romanos=</strong></span> <span class='ocrx_word' id='word_1_262' title='bbox 1647 3009 1801 3071; x_wconf 86' lang='lat' dir='ltr'><strong>inter</strong></span> <span class='ocrx_word' id='word_1_263' title='bbox 1839 3006 2016 3083; x_wconf 90' lang='lat' dir='ltr'><strong>ipsos</strong></span> <span class='ocrx_word' id='word_1_264' title='bbox 2044 3009 2186 3083; x_wconf 88' lang='lat' dir='ltr'><strong>plus</strong></span> <span class='ocrx_word' id='word_1_265' title='bbox 2214 3007 2360 3068; x_wconf 88' lang='lat' dir='ltr'><strong>belli</strong></span> 
     </span>
     <span class='ocr_line' id='line_1_34' title="bbox 396 3090 2360 3172; baseline -0.004 -14"><span class='ocrx_word' id='word_1_266' title='bbox 396 3113 469 3158; x_wconf 86' lang='lat' dir='ltr'><strong>ac</strong></span> <span class='ocrx_word' id='word_1_267' title='bbox 510 3092 767 3172; x_wconf 88' lang='lat' dir='ltr'><strong>periculi</strong></span> <span class='ocrx_word' id='word_1_268' title='bbox 808 3098 954 3153; x_wconf 85' lang='lat' dir='ltr'><strong>erat.</strong></span> <span class='ocrx_word' id='word_1_269' title='bbox 1020 3106 1283 3169; x_wconf 90' lang='lat' dir='ltr'><strong>namque</strong></span> <span class='ocrx_word' id='word_1_270' title='bbox 1325 3093 1710 3169; x_wconf 75' lang='lat' dir='ltr'><strong>transfugae,</strong></span> <span class='ocrx_word' id='word_1_271' title='bbox 1750 3091 1910 3152; x_wconf 87' lang='lat' dir='ltr'><strong>tradi</strong></span> <span class='ocrx_word' id='word_1_272' title='bbox 1950 3105 2022 3153; x_wconf 87' lang='lat' dir='ltr'><strong>se</strong></span> <span class='ocrx_word' id='word_1_273' title='bbox 2059 3090 2360 3151; x_wconf 88' lang='lat' dir='ltr'><strong>Romanis</strong></span> 
     </span>
     <span class='ocr_line' id='line_1_35' title="bbox 394 3172 2360 3256; baseline -0.004 -14"><span class='ocrx_word' id='word_1_274' title='bbox 394 3181 535 3256; x_wconf 86' lang='lat' dir='ltr'><strong>rati,</strong></span> <span class='ocrx_word' id='word_1_275' title='bbox 578 3175 1135 3239; x_wconf 86' lang='lat' dir='ltr'><strong>mercennariorum</strong></span> <span class='ocrx_word' id='word_1_276' title='bbox 1177 3190 1430 3251; x_wconf 89' lang='lat' dir='ltr'><strong>quoque</strong></span> <span class='ocrx_word' id='word_1_277' title='bbox 1467 3176 1721 3237; x_wconf 89' lang='lat' dir='ltr'><strong>militum</strong></span> <span class='ocrx_word' id='word_1_278' title='bbox 1747 3175 1975 3237; x_wconf 82' lang='lat' dir='ltr'><strong>auxilia</strong></span> <span class='ocrx_word' id='word_1_279' title='bbox 2001 3172 2064 3235; x_wconf 91' lang='lat' dir='ltr'><strong>in</strong></span> <span class='ocrx_word' id='word_1_280' title='bbox 2091 3174 2360 3235; x_wconf 88' lang='lat' dir='ltr'><strong>eundem</strong></span> 
     </span>
     <span class='ocr_line' id='line_1_36' title="bbox 395 3257 2362 3339; baseline -0.003 -16"><span class='ocrx_word' id='word_1_281' title='bbox 395 3264 749 3339; x_wconf 88' lang='lat' dir='ltr'><strong>compulere</strong></span> <span class='ocrx_word' id='word_1_282' title='bbox 788 3265 1045 3331; x_wconf 85' lang='lat' dir='ltr'><strong>metum;</strong></span> <span class='ocrx_word' id='word_1_283' title='bbox 1102 3258 1492 3335; x_wconf 87' lang='lat' dir='ltr'><strong>arreptisque</strong></span> <span class='ocrx_word' id='word_1_284' title='bbox 1531 3260 1715 3320; x_wconf 90' lang='lat' dir='ltr'><strong>armis</strong></span> <span class='ocrx_word' id='word_1_285' title='bbox 1745 3264 2064 3335; x_wconf 89' lang='lat' dir='ltr'><strong>praetores</strong></span> <span class='ocrx_word' id='word_1_286' title='bbox 2091 3257 2362 3334; x_wconf 88' lang='lat' dir='ltr'><strong>primum</strong></span> 
     </span>
     <span class='ocr_line' id='line_1_37' title="bbox 396 3342 2360 3423; baseline -0.003 -15"><span class='ocrx_word' id='word_1_287' title='bbox 396 3346 787 3418; x_wconf 86' lang='lat' dir='ltr'><strong>obtruncant,</strong></span> <span class='ocrx_word' id='word_1_288' title='bbox 831 3343 977 3404; x_wconf 89' lang='lat' dir='ltr'><strong>inde</strong></span> <span class='ocrx_word' id='word_1_289' title='bbox 1015 3345 1096 3405; x_wconf 89' lang='lat' dir='ltr'><strong>ad</strong></span> <span class='ocrx_word' id='word_1_290' title='bbox 1137 3343 1390 3404; x_wconf 89' lang='lat' dir='ltr'><strong>caedem</strong></span> <span class='ocrx_word' id='word_1_291' title='bbox 1421 3342 1956 3423; x_wconf 84' lang='lat' dir='ltr'><strong>Syracusanorum</strong></span> <span class='ocrx_word' id='word_1_292' title='bbox 1985 3342 2360 3417; x_wconf 84' lang='lat' dir='ltr'><strong>discurrunt,</strong></span> 
     </span>
     <span class='ocr_line' id='line_1_38' title="bbox 397 3424 2363 3507; baseline -0.003 -15"><span class='ocrx_word' id='word_1_293' title='bbox 397 3444 684 3507; x_wconf 83' lang='lat' dir='ltr'><strong>quosque</strong></span> <span class='ocrx_word' id='word_1_294' title='bbox 711 3429 840 3489; x_wconf 79' lang='lat' dir='ltr'><strong>fors</strong></span> <span class='ocrx_word' id='word_1_295' title='bbox 870 3426 1115 3502; x_wconf 86' lang='lat' dir='ltr'><strong>obtulit,</strong></span> <span class='ocrx_word' id='word_1_296' title='bbox 1158 3426 1294 3487; x_wconf 89' lang='lat' dir='ltr'><strong>irati</strong></span> <span class='ocrx_word' id='word_1_297' title='bbox 1323 3426 1714 3503; x_wconf 79' lang='lat' dir='ltr'><strong>interfecere,</strong></span> <span class='ocrx_word' id='word_1_298' title='bbox 1747 3432 1932 3503; x_wconf 90' lang='lat' dir='ltr'><strong>atque</strong></span> <span class='ocrx_word' id='word_1_299' title='bbox 1959 3424 2165 3487; x_wconf 83' lang='lat' dir='ltr'><strong>omnia</strong></span> <span class='ocrx_word' id='word_1_300' title='bbox 2195 3440 2363 3501; x_wconf 89' lang='lat' dir='ltr'><strong>quae</strong></span> 
     </span>
    </p>
   </div>
   <div class='ocr_carea' id='block_1_3' title="bbox 396 3508 2466 3592">
    <p class='ocr_par' dir='ltr' id='par_1_4' title="bbox 396 3508 2466 3592">
     <span class='ocr_line' id='line_1_39' title="bbox 396 3508 2466 3592; baseline -0.002 -17"><span class='ocrx_word' id='word_1_301' title='bbox 396 3516 458 3575; x_wconf 92' lang='lat' dir='ltr'><strong>in</strong></span> <span class='ocrx_word' id='word_1_302' title='bbox 488 3517 778 3592; x_wconf 83' lang='lat' dir='ltr'><strong>promptu</strong></span> <span class='ocrx_word' id='word_1_303' title='bbox 815 3516 991 3571; x_wconf 84' lang='lat' dir='ltr'><strong>erant</strong></span> <span class='ocrx_word' id='word_1_304' title='bbox 1029 3509 1426 3587; x_wconf 89' lang='lat' dir='ltr'><strong>diripuerunt.</strong></span> <span class='ocrx_word' id='word_1_305' title='bbox 1485 3516 1641 3587; x_wconf 89' lang='lat' dir='ltr'><strong>tum,</strong></span> <span class='ocrx_word' id='word_1_306' title='bbox 1689 3526 1770 3571; x_wconf 90' lang='lat' dir='ltr'><strong>ne</strong></span> <span class='ocrx_word' id='word_1_307' title='bbox 1797 3510 1934 3573; x_wconf 85' lang='lat' dir='ltr'><strong>sine</strong></span> <span class='ocrx_word' id='word_1_308' title='bbox 1960 3508 2225 3572; x_wconf 87' lang='lat' dir='ltr'><strong>ducibus</strong></span> <span class='ocrx_word' id='word_1_309' title='bbox 2255 3526 2366 3571; x_wconf 75' lang='lat' dir='ltr'><strong>es·</strong></span> <span class='ocrx_word' id='word_1_310' title='bbox 2443 3536 2466 3557; x_wconf 88' lang='lat'><strong>·</strong></span> 
     </span>
    </p>
   </div>
  </div>
 </body>
</html>
