2550 3959
356 244 478 311 278
1110 243 1341 305 LIBER
1367 242 1471 303 XX
1481 243 1576 301 [X.

994 494 1282 587 ΤΙΤΙ
1362 492 1651 586 LlVl

906 643 1014 703 AB
1072 642 1317 741 unns
1367 640 1771 725 comum

1082 761 1331 847 ‚mmm
1369 758 1578 821 xxix.

284 1031 293 1037 ·
387 963 684 1017 ΕΡΙΞΙὈΜΕ.
754 962 834 1013 Ex
871 960 1041 1013 Sicilia
1086 962 1141 1015 Ο.
1176 966 1382 1016 Laelius
1424 967 1477 1017 in
1509 964 1738 1015 Africam
1776 978 1808 1013 a
1843 960 2082 1029 Scipione
2129 969 2322 1020 missus

454 1033 711 1101 ingentem
754 1032 999 1099 praedam
1046 1036 1350 1099 reportavit,
1399 1042 1450 1085 et
1487 1033 1726 1084 mandata
1755 1032 2056 1084 Masinissae
2091 1032 2318 1102 Scipioni

462 1102 696 1169 exposuit
728 1103 1095 1165 conquerentis,
1130 1104 1271 1166 quod
1300 1105 1526 1155 nondum
1551 1104 1828 1154 exercitum
1845 1103 1899 1152 in
1917 1100 2142 1153 Africam
2168 1106 2322 1155 traie-

460 1173 626 1223 cisset.
682 1170 869 1223 bellum
888 1171 940 1221 in
956 1170 1200 1237 Hispania
1217 1173 1415 1223 finitum
1431 1174 1622 1225 victore
1639 1171 1886 1233 Romano,
1924 1172 2068 1234 quod
2078 1173 2324 1225 Indebilis

456 1243 759 1295 excitaverat
766 1258 781 1299 ;
816 1241 931 1307 ipse
965 1240 1018 1291 in
1051 1242 1161 1291 acie
1198 1243 1416 1306 occisus,
1449 1242 1751 1293 Mandonius
1788 1242 2178 1307 exposcentibus
2212 1243 2320 1293 Ro·

457 1312 619 1361 manis
656 1325 687 1361 a
722 1310 829 1360 suis
866 1308 1083 1361 deditus.
1136 1310 1362 1377 Magoni,
1399 1312 1488 1376 qui
1519 1312 1572 1361 in
1607 1309 1770 1361 Gallia
1801 1317 1850 1359 et
1884 1309 2157 1377 Liguribus
2190 1323 2322 1375 erat,

454 1397 519 1431 ex
549 1380 723 1431 Africa
756 1378 974 1429 militum
1007 1378 1176 1445 ampla
1206 1394 1389 1431 manus
1424 1382 1583 1431 missa
1617 1386 1666 1431 et
1694 1380 1942 1445 pecuniae
1955 1414 1970 1440 ,
2007 1381 2194 1443 quibus
2227 1398 2322 1432 an·

452 1450 577 1502 xilia
606 1448 924 1509 conduceret,
961 1457 1412 1515 praeceptumque,
1449 1456 1504 1499 ut
1537 1464 1593 1499 se
1609 1448 1876 1500 Hannibali
1900 1449 2147 1515 iungeret.
2207 1450 2320 1502 Sci-

449 1519 537 1583 pio
574 1532 606 1567 a
623 1516 889 1584 Syracusis
918 1517 971 1567 in
990 1517 1213 1569 Bruttios
1247 1520 1462 1578 traiecit,
1499 1525 1550 1569 et
1565 1518 1754 1568 Locros
1785 1516 1934 1583 pulso
1953 1518 2142 1569 Punico
2168 1534 2322 1584 prae-

456 1586 589 1637 sidio
624 1586 903 1651 fugatoque
920 1585 1201 1639 Hannibale
1234 1589 1448 1654 recepit.
1499 1602 1605 1653 pax
1639 1602 1755 1637 cum
1773 1584 2012 1651 Philippo
2047 1586 2182 1639 facta
2217 1600 2319 1639 est.

450 1656 603 1707 Idaea
648 1662 809 1705 mater
844 1655 1106 1720 deportata
1152 1666 1228 1707 est
1262 1657 1478 1708 Romam
1525 1672 1558 1707 a
1591 1656 1890 1707 Pessinunte
1937 1657 2128 1721 oppido
2159 1656 2321 1724 Phry-

450 1724 583 1791 giae,
621 1726 843 1775 carmine
874 1726 927 1775 in
948 1724 1091 1775 libris
1112 1724 1370 1792 Sibyllinis
1403 1727 1628 1787 invento,
1663 1724 1788 1791 pelli
1803 1723 1948 1775 Italia
1975 1725 2319 1791 alienigenam

448 1794 648 1845 bostem
682 1808 861 1861 posse,
909 1793 955 1843 si
990 1802 1148 1845 mater
1178 1795 1332 1846 Idaea
1363 1794 1628 1861 deportata
1663 1795 1879 1845 Romam
1914 1802 2068 1844 esset.
2131 1796 2322 1847 tradita

452 1872 621 1914 autem
656 1871 734 1914 est
764 1862 1009 1913 Romanis
1042 1878 1137 1930 per
1167 1864 1395 1915 Attalum
1425 1878 1600 1930 regem
1617 1863 1790 1914 Asiae.
1851 1862 1984 1928 lapis
2020 1872 2128 1913 erat
2161 1881 2318 1928 quern

450 1942 661 1983 matrem
698 1932 850 1983 deum
886 1931 1079 1985 incolae
1112 1932 1364 1987 dicebant.
1433 1932 1631 1998 excepit
1667 1933 1725 1983 P.
1766 1930 1936 1997 Scipio
1968 1930 2181 1995 Nasica,
2221 1932 2318 1984 Gn.

450 2002 584 2051 filius
619 2003 730 2051 eius
763 2002 854 2064 qui
886 2001 940 2050 in
974 2002 1219 2067 Hispania
1252 2002 1493 2069 perierat,
1527 2002 1610 2052 vir
1644 2002 1866 2067 optimus
1903 2016 1934 2050 a
1970 2008 2150 2051 senatu
2182 2002 2320 2053 iudi-

452 2078 622 2131 catus,
659 2068 957 2121 adolescens
992 2070 1217 2121 nondum
1253 2071 1600 2135 quaestorius,
1636 2070 1876 2134 quoniam
1908 2070 1984 2120 ita
2014 2085 2322 2136 responsum

448 2139 671 2198 iubebat,
709 2146 766 2187 ut
789 2152 976 2188 numen
1010 2138 1066 2187 id
1100 2140 1164 2189 ab
1199 2140 1393 2204 optimo
1418 2139 1528 2191 viro
1567 2141 1884 2205 exciperetur
1913 2148 2320 2191 consecraretur-

450 2224 566 2272 que.
620 2208 901 2258 Locrenses
923 2206 1119 2273 legatos
1140 2206 1356 2259 Romam
1381 2208 1642 2270 miserunt,
1678 2208 1767 2272 qui
1791 2207 1855 2258 de
1884 2208 2186 2273 impotentia
2203 2210 2321 2261 Ple-

450 2278 591 2327 minii
624 2276 781 2343 legati
812 2284 1155 2340 quererentur,
1188 2278 1327 2341 quod
1361 2278 1631 2342 pecuniam
1649 2278 1984 2341 Proserpinae
2020 2276 2319 2338 abstulerat,

449 2356 498 2397 et
530 2347 717 2397 liberos
752 2361 929 2397 eorum
963 2360 1025 2396 ac
1057 2347 1304 2414 coniuges
1335 2352 1669 2413 stupraverat.
1724 2345 2001 2397 Pleminius
2037 2348 2090 2397 in
2125 2348 2322 2399 catenis

450 2416 665 2467 Romam
692 2416 966 2483 perductus
998 2416 1051 2465 in
1086 2430 1284 2467 carcere
1317 2424 1548 2468 mortuus
1586 2423 1681 2467 est.
1733 2430 1847 2465 cum
1873 2414 2033 2465 falsus
2057 2430 2230 2466 rumor
2254 2418 2323 2469 de

448 2485 504 2535 P.
544 2484 777 2551 Scipione
812 2483 1141 2551 proconsule,
1188 2486 1277 2549 qui
1309 2486 1361 2535 in
1398 2483 1572 2536 Sicilia
1608 2491 1742 2545 erat,
1790 2486 1844 2534 in
1879 2485 2055 2534 urbem
2088 2484 2322 2550 perlatus

447 2564 596 2617 esset,
632 2562 891 2617 tamquam
914 2555 987 2604 ibi
1016 2553 1371 2615 luxuriaretur,
1405 2554 1577 2604 missis
1609 2554 1674 2604 ob
1707 2553 1806 2603 hoc
1837 2552 2021 2620 legatis
2055 2568 2088 2603 a
2117 2564 2320 2620 senatu,

452 2625 539 2687 qui
576 2623 919 2688 explorarent,
953 2636 1019 2673 an
1051 2638 1113 2673 ea
1145 2637 1269 2675 vera
1299 2631 1486 2683 essent,
1523 2630 1772 2689 purgatus
1807 2623 2021 2673 infamia
2055 2622 2228 2688 Scipio
2265 2623 2320 2673 in

450 2694 677 2743 Africam
711 2693 906 2742 traiecit
936 2699 1144 2743 senatus
1166 2692 1439 2757 permissu.
1497 2690 1708 2758 Syphax
1741 2701 1948 2758 accepta
1983 2692 2036 2740 in
2059 2694 2320 2743 matrimo-

450 2763 593 2812 nium
624 2760 727 2811 fllia
758 2761 1092 2815 Hasdrubalis
1126 2759 1384 2827 Gisgonis,
1421 2762 1706 2811 amicitiam
1740 2776 1892 2824 quam
1927 2776 2042 2811 cum
2079 2760 2324 2827 Scipione

450 2834 682 2883 iunxerat
716 2830 1037 2883 renuntiavit.
1092 2828 1367 2881 Masinissa
1402 2845 1495 2881 rex
1510 2830 1888 2892 Maesuliorum,
1925 2831 2047 2881 dum
2081 2845 2174 2896 pro
2196 2828 2322 2881 ear-

449 2900 855 2966 thaginiensibus
892 2901 945 2949 in
974 2898 1217 2965 Hispania
1247 2898 1452 2960 militat,
1492 2900 1682 2950 amisso
1715 2908 1860 2964 patre
1893 2898 2019 2950 Gala
2051 2900 2118 2950 de
2151 2914 2319 2966 regno

448 2969 720 3019 exciderat.
772 2984 873 3033 quo
906 2982 998 3033 per
1020 2967 1207 3018 bellum
1240 2982 1395 3033 saepe
1431 2969 1666 3033 repetito,
1699 2968 1893 3033 aliquot
1927 2968 2134 3035 proeliis
2171 2984 2203 3019 a
2223 2968 2320 3035 Sy-

446 3037 606 3103 phace
648 3052 770 3103 rege
802 3036 1136 3087 Numidarum
1180 3036 1346 3087 victus
1383 3038 1434 3088 in
1469 3044 1632 3089 totum
1665 3038 1894 3103 privatus
1941 3044 2046 3096 θοις
2099 3044 2150 3087 et
2199 3052 2320 3087 cum

451 3106 682 3159 ducentis
726 3106 980 3169 equitibus
1027 3104 1173 3155 exsul
1206 3104 1434 3171 Scipioni
1469 3122 1527 3157 se
1560 3107 1753 3167 iunxit,
1806 3113 1856 3158 et
1891 3122 2004 3157 cum
2053 3122 2115 3157 eo
2149 3108 2320 3171 primo

448 3178 621 3227 statim
654 3175 787 3226 bello
823 3176 1120 3225 Hannonem
1155 3174 1460 3226 Hamilcaris
1496 3174 1657 3225 filium
1690 3190 1807 3225 cum
1843 3175 2012 3241 ampla
2044 3189 2200 3224 manu
2233 3190 2322 3225 oc-

450 3246 585 3297 cidit.
642 3242 817 3310 Scipio
854 3245 1077 3295 adventu
1110 3244 1444 3296 Hasdrubalis
1480 3251 1530 3294 et
1563 3243 1842 3311 SyphaciS‚
1881 3246 1968 3308 qui
2001 3258 2164 3310 prope
2201 3260 2320 3295 cum

448 3322 651 3365 centum
682 3314 886 3365 milibus
922 3321 1230 3365 armatorum
1264 3322 1525 3374 venerant,
1562 3314 1626 3365 ab
1658 3312 1922 3364 obsidione
1939 3312 2112 3364 Uticae
2135 3310 2324 3378 depul-

446 3398 535 3433 sus
566 3383 779 3435 hibema
804 3384 1147 3435 communivit.
1207 3381 1541 3450 Sempronius
1572 3382 1751 3435 consul
1770 3384 1824 3433 in
1855 3397 1976 3448 agro
1997 3380 2322 3432 Crotoniensi

447 3466 691 3519 prospere
724 3454 967 3506 adversus
1004 3452 1340 3503 Hannibalem
1374 3452 1642 3519 pugnavit.
1698 3451 1915 3501 lustrum
1952 3466 1982 3499 a
2018 3450 2322 3501 censoribus

448 3520 707 3571 conditum
745 3530 845 3573 est:
884 3538 1035 3573 censa
1070 3528 1188 3571 sunt
1224 3522 1414 3571 civium
1450 3522 1620 3585 capita
1657 3520 1872 3571 ducenta
1908 3519 2320 3583 quattuordecim
