2550 3959
646 160 877 221 LIBER
902 159 1085 222 xxx.
1132 160 1298 221 CAP.
1329 168 1380 223 6.
1405 170 1456 225 7.
1503 164 1664 241 [ac.
1697 168 1826 235 πω]
2079 162 2208 227 327

256 310 467 388 Scipio
506 311 818 387 neglectas
846 317 913 371 ut
953 310 1157 383 intali
1199 313 1458 372 tumultu
1497 318 1708 387 portas
1753 311 2015 381 in'vadit3
2059 312 2211 388 igni-

256 395 499 471 busque
538 394 601 454 in
643 393 924 469 proxima
962 400 1124 453 tecta
1164 394 1456 455 coniectis
1499 394 1700 456 effusa
1740 394 1986 455 flamma
2014 396 2215 471 primo

260 480 427 540 volut
452 494 674 554 sparso
708 478 983 553 pluribus
1012 478 1168 539 locis
1197 479 1436 549 reluxit,
1469 479 1608 538 dein
1641 496 1751 554 per
1775 479 2060 540 continua
2083 496 2212 540 ser-

257 577 415 639 pens
436 578 556 623 uno
579 569 835 637 repente
858 562 1063 624 omnia
1086 562 1370 622 incendio
1395 561 1616 623 hausit.
1649 562 1910 625 ambusti
1931 562 2213 624 homiues

259 646 648 722 iumentaque
686 646 873 707 foeda
911 646 1173 722 primum
1212 646 1390 721 suga,
1442 646 1583 706 dein
1622 652 1828 721 strage
1874 645 2216 709 obruebant

257 730 473 791 itinera
513 736 857 805 portarume
903 746 1063 805 quos
1103 746 1225 790 non
1258 738 1660 804 oppresserat
1687 728 1875 805 igniS,
1913 732 2076 792 ferro
2107 730 2213 791 ab·

257 813 519 889 sumpti3
577 812 846 887 binaque
888 819 1091 873 castra
1132 814 1307 872 clade
1346 827 1468 873 una
1505 813 1719 874 deleta.
1793 814 1986 875 duces
2013 820 2214 875 tamen

258 898 471 971 ambo,
514 912 601 957 ex
636 902 730 958 tot
766 896 1009 957 milibus
1058 905 1428 957 armatorum
1467 897 1590 957 duo
1640 897 1806 957 milia
1844 898 2117 972 peditum
2156 904 2220 959 et

255 980 573 1057 quingenti
604 981 843 1056 equites
872 995 1223 1055 semermes,
1252 995 1472 1055 magna
1495 996 1642 1057 pars
1666 981 1861 1041 saucii
1882 981 2220 1057 adflatique

258 1066 545 1125 incendio
586 1063 950 1138 effugerunt.
1022 1080 1205 1124 caesa
1245 1069 1351 1125 aut
1388 1064 1608 1125 hausta
1648 1063 1909 1125 flammis
1953 1065 2216 1141 quadra·

258 1148 429 1223 ginta
462 1147 631 1207 milia
669 1147 983 1208 hominum
1035 1155 1205 1221 sunt,
1256 1153 1438 1224 capta
1477 1164 1670 1223 supra
1707 1149 1980 1225 quinque
2021 1149 2216 1209 milia=

258 1232 430 1292 multi
454 1229 1037 1305 Carthaginiensium
1059 1231 1318 1307 nobiles,
1348 1231 1634 1292 undecim
1657 1239 2012 1304 senatores3
2043 1232 2222 1307 signa

258 1314 539 1377 militaria
592 1322 833 1375 centum
892 1315 1280 1389 septuaginta
1336 1321 1649 1391 quattuor,
1717 1316 1864 1390 equi
1919 1314 2220 1377 Numidici

210 1456 213 1459 .
260 1416 453 1475 supra
479 1399 624 1459 duo
666 1398 830 1458 milia
868 1398 1267 1473 septingenti3
1333 1399 1640 1475 elephanti
1683 1416 1797 1459 sex
1838 1400 2030 1475 capti,
2079 1406 2219 1459 octo

259 1484 423 1547 ferro
466 1482 837 1557 flammaque
877 1480 1221 1558 absumpti;
1262 1499 1486 1558 magna
1524 1483 1620 1543 vis
1663 1499 1968 1544 armorum
2009 1489 2221 1559 captaa

260 1583 339 1627 ea
360 1566 573 1629 omnia
597 1567 929 1643 imperator
955 1566 1235 1627 Vulcano
1265 1572 1506 1627 sacrata
1535 1567 1819 1628 incendit.

428 1652 563 1711 Vll.
604 1650 953 1711 Hasdrubal
984 1666 1062 1709 ex
1095 1651 1239 1725 fuga
1274 1666 1412 1709 cum
1441 1651 1658 1724 paucis
1687 1652 1976 1711 Afrorum
2007 1649 2401 1713 urbem-w...

262 1736 604 1812 proximam
631 1735 902 1811 petierat,
934 1749 1139 1809 eoque
1168 1749 1382 1795 omnes
1415 1734 1518 1808 qui
1549 1740 1927 1808 supererant,
1963 1733 2224 1807 vestigia

265 1820 442 1880 ducis
470 1826 836 1895 sequenteS‚
880 1834 952 1878 se
982 1820 1396 1879 contulerant=
1439 1824 1601 1877 metu
1632 1817 1884 1890 deinde,
1926 1832 2005 1876 ne
2035 1816 2222 1876 dede·

264 1910 429 1965 retur
444 1902 735 1979 Scipioni,
750 1902 903 1963 urbe
924 1904 1212 1963 excessit.
1244 1916 1388 1962 mox
1413 1901 1632 1963 eodem
1657 1900 2002 1975 patentibus
2026 1898 2222 1975 portis

266 1986 523 2049 Romani
562 1988 830 2063 accepti;
891 2003 1007 2047 nec
1050 1986 1380 2061 quicquam
1420 1984 1674 2060 hostile,
1727 1984 1872 2059 quia
1911 1986 2227 2045 voluntate

269 2079 708 2132 concesserant
746 2071 807 2130 in
821 2072 1183 2158 dicionem,
1226 2072 1470 2135 facmm.
1542 2068 1704 2129 duae
1744 2067 2008 2129 subinde
2035 2066 2224 2128 urbes

268 2160 489 2229 captae
515 2154 943 2230 direptaequez
982 2169 1060 2214 ea
1086 2155 1320 2229 praeda
1345 2160 1407 2214 et
1430 2168 1590 2229 quae
1611 2152 1829 2213 castris
1854 2151 2124 2213 incensis
2149 2166 2229 2211 ex

270 2246 411 2312 agne
452 2244 631 2311 rapta
658 2243 789 2296 erat
815 2237 985 2297 militi
1020 2253 1322 2298 concessa
1351 2245 1464 2298 est.
1539 2236 1798 2315 Syphax
1828 2243 1969 2297 octo
1999 2235 2225 2295 milium

268 2322 462 2381 ferme
496 2320 641 2379 inde
680 2319 882 2395 spatio
924 2321 1064 2381 loco
1108 2320 1477 2382 communito
1521 2320 1834 2392 consedit;
1877 2318 2230 2380 Hasdrubal

271 2403 694 2478 Carthaginem
743 2403 1083 2477 contendit,
1137 2419 1215 2463 ne
1256 2406 1406 2480 quid
1446 2421 1558 2480 per
1606 2412 1831 2465 metum
1881 2418 1960 2464 ex
1999 2402 2232 2463 recenti

270 2488 449 2549 clade
488 2480 730 2547 mollius
774 2488 1213 2547 consuleretur.
1289 2502 1413 2563 quo
1454 2495 1658 2549 tantus
1691 2489 1882 2564 primo
1912 2496 2109 2551 terror
2138 2492 2235 2547 est

272 2572 542 2645 adlatuS,
573 2577 641 2631 ut
668 2570 899 2631 omissa
925 2570 1101 2631 Utica
1124 2570 1548 2645 Carthaginem
1577 2573 1899 2632 crederent
1923 2570 2232 2645 extemplo

274 2654 625 2729 Scipionem
657 2655 1077 2715 obsessurum.
1142 2661 1422 2715 senatum
1451 2656 1658 2730 itaque
1685 2662 1752 2716 ut
1781 2657 2032 2729 sufeteS,
2064 2654 2234 2731 quod

272 2738 443 2799 velut
468 2740 795 2799 consulare
828 2737 1145 2813 imperium
1175 2739 1342 2813 apud
1372 2754 1483 2798 eos
1513 2746 1670 2812 erat,
1709 2745 2119 2813 vocaverunt,
2151 2736 2234 2798 ibi

272 2823 469 2883 tribus
509 2824 687 2884 dictis
723 2826 1022 2883 sententiis
1059 2838 1185 2883 una
1212 2822 1291 2882 de
1319 2838 1476 2898 pace
1505 2823 1740 2895 legatos
1772 2822 1853 2882 ad
1881 2820 2236 2896 Scipionem

276 2907 675 2981 decernebat,
719 2907 908 2967 altera
944 2905 1348 2967 Hannibalem
1390 2906 1470 2966 ad
1510 2906 1796 2965 tuendam
1839 2904 1915 2963 ab
1945 2903 2237 2964 exitiabili

274 2991 439 3052 bello
468 2990 727 3067 patriam
747 2987 1095 3065 revocabat,
1125 2990 1301 3050 tertia
1321 2992 1636 3051 Romanae
1663 2987 1723 3047 in
1748 2987 2026 3048 adversis
2047 2986 2236 3047 rebus

278 3076 658 3135 constantiae
706 3068 867 3135 erati
928 3075 1344 3148 reparandum
1385 3072 1714 3134 exercitum
1761 3070 2240 3149 Syphacemque

279 3159 663 3232 hortandum,
695 3174 775 3219 ne
802 3158 965 3220 bello
998 3157 1338 3234 absisteret,
1368 3157 1677 3220 censebat.
1734 3156 1888 3215 haec
1920 3153 2238 3227 sententia,

282 3242 429 3316 quia
466 3242 815 3303 Hasdrubal
866 3258 1166 3317 praesens
1214 3241 1641 3316 Barcinaeque
1690 3254 1904 3299 omnes
1955 3236 2238 3298 factionis

282 3324 506 3385 bellum
546 3326 881 3402 malebant,
922 3326 1124 3388 vincit.
1194 3325 1339 3386 inde
1379 3326 1636 3385 dilectus
1679 3324 1740 3383 in
1769 3322 1922 3385 urbe
1951 3322 2240 3397 agrisque

284 3407 495 3470 haberi
527 3416 802 3485 coeptus,
830 3417 893 3471 et
920 3410 1001 3472 ad
1028 3409 1382 3490 Syphacem
1407 3408 1590 3485 legati
1618 3407 1809 3482 missi,
1851 3420 2090 3467 summa
2117 3418 2242 3481 ope
