2550 3959
568 254 801 317 LIBER
825 254 1040 315 XXVI.
1086 254 1255 315 cAP.
1281 264 1482 317 13.14.
1529 257 1600 335 [a.
1625 262 1690 315 c,
1713 259 1840 335 211]
2054 254 2178 323 117

213 426 371 483 mus,
403 425 462 470 sn
494 408 639 468 data
668 408 909 471 fortuna
938 414 1121 468 esset.
1187 405 1392 482 itaque
1424 408 1714 484 quoniam
1741 408 1916 469 aliter
1943 410 2039 470 dis
2067 409 2176 470 im-

214 492 578 556 mortalibus
621 497 717 551 est
754 489 985 567 visum,
1032 506 1169 551 cum
1207 498 1462 551 mortem
1505 508 1584 551 ne
1610 506 1898 553 recusare
1929 494 2176 568 quidem

216 577 511 651 debeam,
566 574 872 637 cruciatus
914 574 1467 651 contumeliasque,
1508 592 1670 651 quas
1711 584 1923 652 sperat
1959 577 2177 655 hostiS,

218 662 358 723 dum
392 660 568 737 liber,
597 659 742 722 dum
770 660 891 721 mei
918 666 1141 735 potens
1170 674 1328 733 sum,
1357 658 1627 735 effugere
1651 666 1864 735 morte,
1905 668 2175 737 praeter-

220 760 406 821 quam
430 744 713 819 honesta,
752 742 933 803 etiam
963 739 1084 803 leni
1108 758 1388 819 possum.
1451 758 1575 805 non
1606 742 1829 805 videbo
1856 744 1976 821 Ap.
2004 745 2176 807 Clau·

220 828 384 889 dium
428 833 495 887 et
537 827 603 901 Q.
641 826 921 890 Fulvium
958 826 1217 887 vict-oria
1254 827 1542 887 insolenti
1585 827 1915 900 subnixoS,
1973 844 2176 903 neque

218 912 459 973 vinctus
486 926 601 988 per
619 912 834 973 urbem
846 910 1186 971 Romanam
1206 910 1492 987 triumphi
1509 913 1932 987 spectaculum
1953 913 2176 987 trahar,

218 1004 281 1057 ut
307 995 540 1057 deinde
566 994 629 1057 in
659 1010 924 1069 carcere,
958 1001 1061 1055 aut
1088 995 1166 1055 ad
1196 995 1406 1071 palum
1429 994 1729 1070 deligatus
1759 997 2025 1057 lacerato
2055 997 2174 1057 vir-

218 1080 308 1156 gis
350 1087 528 1155 tergo
570 1080 873 1141 cervicem
912 1078 1114 1139 securi
1140 1079 1456 1139 Romanae
1495 1078 1824 1152 subiciam3
1863 1095 1979 1141 nec
2019 1080 2177 1141 dirui

221 1164 591 1239 incendique
632 1164 890 1238 patriam
933 1162 1187 1237 videbo,
1232 1177 1349 1222 nec
1375 1163 1510 1239 rapi
1539 1163 1621 1223 ad
1648 1170 1923 1239 stuprum
1940 1172 2175 1241 ‘matres

221 1248 564 1323 Campanas
593 1247 990 1322 virginesque
1016 1253 1078 1308 et
1103 1246 1406 1322 ingenuos
1434 1262 1682 1322 pueros.
1743 1246 1982 1323 Albam,
2013 1248 2178 1307 unde

220 1332 337 1408 ipsi
380 1330 627 1392 oriundi
667 1337 869 1403 erant,
914 1348 955 1391 a
980 1331 1391 1401 fundamenti-s
1418 1338 1814 1407 proruerunt·‚
1859 1346 1938 1391 ne
1964 1332 2175 1406 stirpis

217 1431 294 1475 ne
335 1416 637 1477 memoria
674 1415 975 1489 originum
1013 1430 1266 1476 suarum
1309 1420 1607 1477 exstaret:
1649 1415 1872 1477 nedum
1909 1430 2025 1477 eos
2066 1415 2175 1475 Ca-

220 1515 382 1575 puae
418 1514 721 1574 parsuros
762 1498 1009 1559 credam
1027 1542 1043 1571 ,
1088 1499 1184 1559 cui
1224 1499 1574 1561 infestiores
1619 1516 1800 1575 quam
1833 1498 2174 1575 Carthagini

219 1589 379 1645 sunt.
421 1584 629 1659 itaque
660 1582 881 1659 quibus
916 1592 1187 1645 vestrum
1214 1588 1358 1643 ante
1387 1583 1510 1644 fato
1541 1583 1780 1657 cedere,
1813 1600 1994 1659 quam
2023 1584 2177 1643 baec

218 1674 305 1728 tot
334 1674 459 1727 tarn
497 1667 727 1727 acerba
752 1666 1028 1741 videant,
1074 1667 1133 1727 in
1163 1666 1366 1728 animo
1397 1674 1520 1741 est,
1563 1668 1640 1727 iis
1669 1667 1836 1743 apud
1864 1683 1962 1727 me
1991 1667 2176 1729 hodie

220 1752 441 1829 epulae
470 1749 800 1820 instructae
828 1756 1205 1825 parataeque
1234 1757 1394 1810 sunt.
1474 1750 1710 1811 satiatis
1737 1750 1881 1809 vino
1911 1750 2178 1824 ciboque

215 1834 509 1912 poculum
544 1834 709 1893 idem
740 1836 909 1909 quod
934 1834 1078 1893 mihi
1109 1834 1316 1895 datum
1355 1834 1537 1895 fuerit
1577 1834 2060 1894 circumfereturz
2101 1849 2177 1893 ea

218 1920 389 1996 potio
432 1933 660 1993 corpus
702 1918 779 1977 ab
811 1918 1109 1993 cruciatu,
1154 1917 1421 1979 animum
1453 1934 1490 1977 a
1520 1917 1919 1993 contumeliis,
1963 1916 2176 1978 oculos

218 2018 402 2064 aures
431 2018 473 2062 a
496 2000 784 2061 videndis
812 2002 1261 2077 audiendisque
1293 2002 1573 2065 omnibus
1602 2000 1841 2063 acerbis
1883 2000 2176 2076 indignis-

220 2102 375 2163 que,
428 2100 587 2161 quac
626 2092 874 2145 manent
910 2086 1137 2161 victOS,
1192 2086 1543 2147 vindicabit.
1619 2086 1816 2164 parati
1854 2093 2032 2147 >erunt
2073 2087 2177 2161 qui

219 2186 441 2245 magno
482 2184 635 2245 rogo
678 2170 741 2229 in
781 2172 1107 2245 propatulo
1164 2171 1408 2230 aedium
1449 2186 1715 2232 accenso
1760 2186 2024 2247 corpora
2069 2185 2176 2232 ex-

220 2254 422 2315 anima
450 2252 715 2323 iniciant.
760 2252 920 2313 haec
942 2271 1069 2314 una
1096 2253 1197 2313 via
1225 2260 1286 2313 et
1311 2254 1574 2316 honesta
1601 2262 1662 2315 et
1687 2254 1880 2314 libera
1909 2254 1990 2314 ad
2017 2268 2175 2313 mor-

216 2347 335 2400 tem
354 2360 371 2393 ι
414 2343 479 2397 et
503 2336 625 2413 ipsi
651 2338 935 2398 virtutem
964 2337 1340 2400 mirabuntur
1366 2338 1598 2413 hosteS,
1639 2344 1701 2397 et
1724 2338 2028 2399 Hannibal
2052 2337 2177 2397 for.-

218 2429 311 2483 tes
328 2421 541 2483 socios
552 2421 713 2482 sciet
728 2420 807 2481 ab
822 2438 893 2481 sc
908 2422 1189 2483 desertos
1204 2438 1277 2481 ac
1293 2420 1574 2497 proditos
1591 2426 1794 2482 esse“.
1823 2421 1984 2486 XIV.
2007 2422 2180 2486 Hanc

218 2506 561 2569 orationem
571 2504 757 2567 virrii
778 2506 989 2581 plures
1012 2521 1151 2565 cum
1174 2506 1446 2565 adsensu
1469 2505 1806 2577 audierunt,
1835 2520 2017 2580 quam
2041 2504 2178 2567 forti

217 2591 423 2651 animo
455 2589 520 2649 id
550 2589 719 2664 quod
747 2590 1092 2665 probabant
1118 2588 1380 2664 exsequi
1412 2594 1764 2665 potuerunt:
1809 2588 2006 2649 maior
2032 2604 2179 2663 pars

218 2680 493 2749 senatus,
522 2672 725 2733 multis
756 2687 947 2749 saepe
974 2674 1153 2733 bellis
1184 2679 1500 2749 expertam
1527 2672 1742 2749 populi
1769 2671 2031 2733 Romani
2060 2672 2178 2733 cle.-

216 2758 507 2819 mentiam
548 2756 714 2821 haud
768 2756 1119 2819 diffidentes
1160 2756 1281 2819 sibi
1324 2772 1576 2833 quoque
1627 2756 1992 2832 placabilem
2028 2756 2178 2828 fore,

216 2843 459 2918 legatos
487 2841 569 2903 ad
596 2841 946 2903 dedendam
962 2842 1257 2903 Romanis
1274 2840 1544 2918 Capuam
1570 2841 1974 2901 decreverunt
1999 2839 2181 2901 mise-

214 2932 500 3003 runtque.
566 2924 811 2986 Vibium
830 2920 1099 2986 Virrium
1125 2932 1364 3001 septem
1394 2931 1455 2986 et
1479 2924 1690 3000 viginti
1721 2924 1910 2985 ferme
1937 2931 2182 2986 senato-

214 3025 317 3070 res
363 3009 613 3073 domum
656 3008 852 3071 secuti
894 3015 1038 3070 sunt
1065 3009 1418 3085 epulatique
1459 3024 1605 3070 cum·
1638 3024 1714 3070 eo
1730 3056 1744 3084 ,
1791 3016 1854 3070 et
1893 3014 2184 3085 quantum

218 3093 429 3154 facere
467 3098 821 3169 potuerant,
860 3093 1138 3154 alienatis
1179 3093 1483 3155 mentibus
1511 3093 1656 3153 vino
1698 3091 1776 3154 ab
1817 3091 2182 3153 imminentis

218 3192 409 3238 sensu
444 3174 585 3237 mali
608 3192 913 3237 venenum
943 3192 1159 3239 omnes
1187 3182 1614 3253 sumpserunt;
1645 3176 1789 3236 inde
1815 3175 2007 3235 misso
2039 3188 2180 3235 con-

221 3260 385 3323 vivio
418 3259 651 3321 dextris
686 3259 848 3321 inter
878 3276 949 3321 se
976 3260 1137 3321 datis
1176 3260 1514 3337 ultimoque
1553 3260 1876 3335 complexu
1909 3256 2183 3319 collacri-

216 3351 459 3405 mantes
482 3360 659 3407 suum
682 3343 1043 3421 patriaeque
1066 3358 1295 3415 casum,
1327 3344 1429 3403 alii
1450 3350 1516 3405 ut
1537 3343 1756 3405 eodem
1775 3356 1928 3418 rogo
1953 3356 2184 3403 crema·

218 3435 430 3490 rentur
448 3433 822 3500 manserunt,
858 3427 963 3489 alii
982 3427 1203 3489 domos
1229 3426 1494 3503 digressi
1517 3432 1679 3487 sunt.
1721 3425 2008 3503 impletae
2030 3424 2184 3487 cibis

218 3512 491 3589 vinoque
533 3526 730 3573 venae
752 3507 953 3575 minus
996 3511 1310 3573 efficacem
1350 3510 1412 3571 in
1454 3510 1815 3573 maturanda
1840 3515 2036 3573 morte
2061 3508 2184 3570 vim
