2550 3959
569 260 801 323 Lissa
827 260 1068 323 xxvn.
1115 261 1283 323 cAP.
1313 273 1365 323 5.
1411 268 1487 337 [ι.
1513 268 1580 323 c.
1605 246 1734 337 '2101
2018 266 2140 330 165

188 428 369 489 prope
421 410 739 489 sexaginta
780 412 842 474 in
882 410 1093 473 Sicilia
1131 419 1293 473 terra
1332 413 1610 489 marique
1652 416 1890 491 magnis
1948 433 2136 497 saepe

190 494 452 557 cladibus
495 495 779 557 bellatum
820 503 1018 571 esset,
1058 510 1131 557 se
1170 512 1307 557 eam
1338 498 1716 572 provinciam
1755 501 2134 565 confecisset

188 580 473 641 neminem
506 579 1064 655 can-thaginiensem
1094 580 1155 641 in
1184 579 1401 643 Sicilia
1427 596 1588 657 esse,
1632 583 1933 645 neminem
1963 583 2132 647 Sicu-

190 665 338 740 lum,
370 663 479 739 qui
522 662 709 739 fugati
738 669 905 726 metu
938 663 1083 725 inde
1122 665 1414 740 aruerint,
1457 681 1580 729 non
1609 682 1786 738 esse,
1828 682 2040 736 omnes
2070 670 2131 730 in

188 748 371 823 urbes,
402 748 465 807 in
497 762 681 823 agros
712 763 863 808 suos
891 748 1183 809 reductos
1214 764 1390 811 arare
1418 766 1659 823 serere;
1704 752 2008 813 desertam
2036 768 2128 815 re-

188 832 291 892 coli
314 838 541 893 terram
568 831 845 906 tandem,
886 832 1239 907 frugiferam
1282 833 1436 909 ipsis
1467 835 1834 912 cultoribus,
1873 838 2126 914 populo-

189 932 293 993 que
304 917 585 977 Romano
608 930 765 993 pace
787 932 859 977 ac
883 915 1047 979 bello
1065 916 1438 979 fidissimum
1465 936 1747 983 annonae
1771 919 2132 983 subsidium.

186 998 311 1061 exin
337 1000 591 1064 Muttine
633 1005 695 1061 et
734 1000 789 1060 si
834 1016 1093 1077 quorum
1122 1001 1380 1063 aliorum
1405 1005 1622 1065 merita
1664 1020 1811 1080 erga
1838 1006 2130 1082 populum

186 1084 514 1147 Romanum
542 1092 715 1147 erant
741 1085 802 1145 in
833 1092 1111 1149 senatum
1140 1086 1520 1161 introductis»,
1549 1088 1818 1149 honores
1849 1090 2130 1161 omnibus

186 1170 255 1229 ad
290 1169 733 1231 exsolvendam
764 1169 956 1231 fidem
994 1187 1033 1229 a
1074 1173 1330 1233 consule
1358 1170 1563 1233 habiti.
1633 1172 1918 1235 Muttines
1949 1173 2130 1236 etiam

187 1252 323 1315 civis
336 1254 655 1316 Romanus
675 1255 873 1315 factus
890 1256 1209 1330 rogatione
1232 1254 1310 1315 ab
1333 1254 1574 1317 tribuno
1597 1255 1797 1331 plebis
1821 1272 1898 1317 ex
1921 1266 2128 1320 auclo-

183 1338 345 1401 ritate
370 1344 615 1415 patrum
644 1338 728 1399 ad
753 1338 995 1414 plebem
1022 1340 1165 1401 lata.
2037 1400 2042 1405 .
2077 1400 2086 1409 .

334 1422 496 1485 Dum
516 1423 670 1484 haec
682 1423 918 1483 Romae
945 1432 1252 1499 geruntur,
1281 1424 1362 1485 M.
1377 1424 1666 1485 Valerius
1689 1423 2129 1501 quinquaginta

186 1507 429 1571 navibus
461 1522 602 1567 cum
645 1513 785 1567 ante
812 1508 1011 1569 lucem
1039 1508 1119 1568 ad
1146 1508 1420 1571 Africam
1459 1508 1859 1584 accessisset,
1905 1509 2129 1585 impro-

184 1591 305 1653 viso
334 1592 394 1653 in
424 1606 641 1667 agrum
667 1590 1019 1653 Uticensem
1046 1593 1474 1655 escensionem
1502 1593 1674 1663 fecit3
1719 1608 1984 1669 eumque
2011 1594 2132 1653 late

184 1674 614 1752 depopulatus»,
658 1676 861 1738 multis
904 1677 1262 1739 mortalibus
1307 1692 1444 1739 eum
1483 1676 1604 1737 alia
1647 1676 1844 1737 omnis
1885 1678 2130 1751 generis

185 1761 403 1835 praeda
430 1760 631 1837 captis
662 1761 744 1821 ad
771 1774 965 1821 naves
994 1761 1154 1822 redit
1180 1768 1241 1821 et
1268 1760 1330 1821 in
1355 1760 1623 1823 Siciliam
1653 1759 1924 1835 tramisit,
1955 1761 2130 1821 tertio

184 1843 407 1905 decimo
440 1843 545 1905 die
574 1859 755 1921 quam
785 1844 1101 1921 profectus
1133 1845 1277 1907 inde
1305 1844 1665 1921 Lilybaeum
1691 1850 1996 1905 revectus.
2051 1861 2129 1904 ex

185 1928 431 2004 captivis
488 1928 851 2004 quaestione
904 1928 1110 1989 habita
1158 1929 1315 1990 haee
1366 1936 1708 2005 comperta,
1769 1928 2132 2005 consulique

183 2011 439 2075 Laevino
473 2013 679 2075 omnia
708 2013 923 2074 ordine
950 2015 1328 2091 perscripta,
1373 2020 1439 2073 ut
1467 2014 1678 2088 sciret,
1723 2028 1850 2089 quo
1879 2012 1940 2073 in
1970 2020 2132 2074 statu

184 2096 418 2159 Africae
448 2113 553 2158 res
584 2104 823 2159 essent=
871 2098 1139 2173 quinque
1166 2098 1334 2159 milia
1359 2098 1753 2161 Numidarum
1782 2113 1919 2158 cum
1946 2096 2127 2159 Masi-

186 2180 341 2243 nissa
354 2181 549 2243 Galae
568 2182 714 2258 filio,
742 2181 1039 2243 acerrimo
1062 2183 1303 2258 iuvene,
1335 2182 1678 2258 Carthagini
1699 2198 1864 2256 esse,
1894 2190 1954 2241 et
1975 2183 2130 2242 alios

188 2280 287 2341 per
310 2273 501 2328 totam
512 2266 787 2327 Africam·
812 2265 1035 2328 milites
1062 2267 1354 2328 mercede
1379 2265 1660 2339 conduci,
1701 2266 1806 2340 qui
1835 2265 1896 2325 in
1910 2265 2130 2340 Hispa-

185 2349 335 2411 niam
372 2350 459 2412 ad
486 2350 939 2413 Hasdrubalem
966 2350 1394 2426 traicerentur,
1434 2358 1502 2412 ut
1542 2351 1595 2411 is
1641 2366 1822 2424 quam
1864 2350 2129 2411 maximo

186 2435 442 2497 exercitu
483 2434 683 2511 primo
728 2449 977 2510 quoque
1014 2442 1292 2512 tempore
1332 2434 1394 2494 in
1435 2434 1665 2494 ltaliam
1706 2440 2130 2507 transgressus

185 2516 449 2594 iungeret
490 2534 561 2580 se
588 2518 943 2579 Hannibalis
986 2520 1050 2579 in
1092 2535 1169 2581 eo
1209 2518 1473 2595 positam
1515 2517 1833 2577 victoriam
1877 2517 2131 2577 credere

187 2599 728 2681 Carthaginienses.
771 2604 1037 2665 classem
1060 2611 1384 2681 praeterea
1410 2602 1713 2677 ingentem
1742 2600 2026 2675 apparari
2051 2600 2131 2662 ad

188 2683 443 2749 Siciliam
466 2687 881 2763 repetendam,
906 2703 1165 2764 eamque
1190 2703 1261 2747 se
1274 2687 1528 2747 credere
1541 2685 1714 2749 brevi
1727 2684 2132 2747 traiecturam.

187 2766 328 2831 haec
366 2772 621 2833 recitata
649 2788 688 2831 a
716 2772 971 2833 consule
1010 2772 1094 2833 ita
1122 2786 1372 2833 movere
1414 2777 1722 2845 senatum,
1767 2776 1834 2829 ut
1871 2784 1995 2829 non
2026 2784 2130 2832 ex-

188 2856 518 2929 spectanda
539 2855 783 2917 comitia
802 2856 1041 2917 consuli
1066 2861 1409 2929 censerent,
1429 2854 1544 2915 sed
1567 2853 1922 2913 dictatorem
1945 2854 2131 2915 comi-

188 2936 396 3001 tiorum
413 2939 837 3001 habendorum
860 2954 1049 3000 causa
1070 2940 1209 3013 dici,
1242 2945 1306 2999 et
1333 2938 1640 3014 extemplo
1664 2938 1726 2999 in
1755 2936 2133 3013 provinciam

187 3022 575 3083 redeundum.
634 3023 739 3084 illa
766 3023 1145 3098 disceptatio·
1160 3021 1424 3098 tenebat,
1457 3023 1624 3099 quod
1653 3021 1866 3083 consul
1896 3020 1958 3080 in
1981 3020 2134 3081 Sici·

188 3102 263 3164 lia
290 3120 361 3167 se
386 3106 469 3165 Μ.
498 3106 810 3167 Valerium
837 3106 1218 3181 Messallam,
1267 3107 1371 3181 qui
1399 3114 1526 3167 tum
1565 3106 1752 3168 classi
1793 3113 2132 3181 praeesset,

191 3185 542 3251 dictatorem
573 3188 871 3250 dicturum
902 3204 1047 3251 esse
1076 3188 1308 3265 aiebat,
1351 3197 1559 3266 patres
1593 3198 1766 3251 extra
1793 3189 2132 3249 Romanum

191 3286 393 3346 agrum
426 3304 515 3317 -
553 3288 693 3335 eum
734 3280 938 3334 autem
965 3274 1027 3335 in
1056 3274 1229 3335 Italia
1258 3274 1562 3334 terminari
1587 3304 1676 3319 ·--
1713 3272 2017 3347 negabant
2045 3271 2134 3331 di·

192 3361 477 3419 ctatorem
520 3357 640 3417 dici
686 3372 894 3432 posse.
956 3357 1037 3419 M.
1080 3358 1400 3417 Lucretius
1443 3356 1717 3419 tribunus
1761 3355 1958 3431 plebis
1999 3371 2134 3417 cum

193 3437 267 3501 de
294 3456 369 3503 ea
395 3456 463 3501 re
493 3442 859 3516 consuleret,
889 3441 973 3502 ita
994 3442 1266 3502 decrevit
1287 3446 1556 3515 senatus,
1585 3448 1652 3501 ut
1674 3440 1907 3515 consul,
1936 3439 2136 3516 prius·

193 3540 365 3597 quam
396 3525 475 3587 ab
502 3524 656 3587 urbe
685 3525 1047 3601 discederet,
1092 3524 1388 3602 populum
1416 3532 1688 3599 rogaret,
1735 3540 1917 3601 quem
1948 3522 2140 3584 dicta-
