2550 3959
384 213 501 278 176
656 215 888 276 LIBER
915 215 1156 275 XXVII.
1202 213 1372 276 CAP.
1407 205 1614 278 12:13.
1657 215 1732 292 [ι.
1755 219 1830 274 υ.
1858 237 1908 273 ο.
1933 217 2059 294 543]

292 393 302 402 ·
374 369 482 431 ubi
510 368 835 433 Marcellus
864 366 1036 442 vidit,
1066 365 1635 431 duodevicesimam
1661 363 1966 442 legionem
1993 366 2054 427 in
2085 367 2350 443 primam

378 455 574 514 aciem
604 451 854 522 inducit.
908 451 1047 512 dum
1081 450 1183 510 alii
1214 449 1436 526 trepidi
1465 449 1718 523 cedunt,
1765 449 1866 508 alii
1895 448 2166 525 segniter
2191 453 2348 512 sub-

374 545 539 612 eunt,
562 533 811 598 ‘turbata
832 541 959 594 tota
984 534 1153 594 acies
1182 539 1296 608 est,
1329 531 1470 593 dein
1501 548 1758 609 prorsus
1788 533 1945 609 rusa,
1975 539 2036 593 et
2061 535 2352 596 vincente

380 622 681 697 pudorem
708 625 875 678 metu
900 625 1073 693 terga
1106 617 1357 678 dabant.
1421 617 1703 678 cecidere
1733 617 1794 676 ln
1823 633 2032 693 pugna
2074 618 2352 696 fugaque

378 704 461 765 ad
502 706 624 764 duo
666 702 831 763 milia
870 709 931 764 et
970 700 1339 778 septingenti
1385 701 1610 761 civium
1652 699 2118 777 sociorumque3
2163 703 2228 763 in
2267 703 2352 764 iis

380 794 665 866 quattuor
686 784 946 846 Romani
974 785 1383 860 centuriones,
1426 785 1550 846 duo
1578 783 1799 844 tribuni
1817 784 2096 860 militum,
2139 785 2222 846 Μ.
2245 787 2352 846 Li·

380 871 577 933 cinius
600 877 661 932 et
671 869 752 929 M.
767 869 1041 930 Helvius.
1084 869 1261 945 signa
1279 866 1562 929 militaria
1589 869 1971 945 quattuor-de
1998 869 2114 945 ala,
2146 869 2352 946 prima

379 970 545 1032 quae
588 953 769 1030 rugit,
814 953 939 1013 duo
970 954 1052 1014 de
1079 951 1350 1029 legione,
1397 951 1944 1028 quaecedentibus
1965 951 2162 1020 ‚sociis
2201 969 2350 1016 suc·

378 1045 671 1114 cesserat,
716 1037 964 1098 amissa.

545 1122 706 1183 XIII.
745 1121 1091 1193 Marcellus,
1119 1128 1448 1198 postquam
1471 1121 1532 1180 in
1553 1127 1756 1181 castra
1778 1120 2038 1182 reditum
2061 1125 2172 1194 est,
2197 1137 2352 1182 con—

381 1207 606 1268 tionem
650 1205 811 1274 adeo
854 1221 1106 1267 saevam
1133 1212 1320 1280 atque
1359 1202 1644 1265 acerbam
1671 1205 1839 1282 apud
1865 1205 2090 1266 milites
2115 1203 2348 1279 habuit,

382 1297 447 1353 ut
484 1290 720 1367 proelio
764 1305 876 1366 per
916 1287 1079 1350 diem
1121 1296 1313 1350 totum
1353 1287 1673 1349 infeliciter
1705 1289 1960 1351 tolerato
1999 1288 2234 1351 tristior
2272 1289 2352 1351 iis

383 1375 518 1440 irati
559 1375 735 1436 ducis
777 1375 972 1436 oratio
1016 1379 1204 1435 esset.
1269 1373 1410 1449 „dis
1440 1371 1900 1450 immortalibus,
1941 1378 2007 1434 ut
2033 1372 2096 1433 in
2125 1372 2231 1434 tali
2259 1389 2349 1447 re,

383 1459 601 1520 laudes
644 1462 1025 1533 gratesque“
1066 1457 1262 1532 inquit
1309 1473 1482 1534 „ago
1499 1502 1517 1533 ,
1559 1457 1731 1532 quod
1757 1456 1956 1518 victor
1979 1456 2178 1518 hostis
2207 1473 2354 1520 cum
2450 1469 2458 1474 ·

382 1549 815 1618 tanto‘pavore
856 1540 1263 1602 incidentibus
1291 1540 1472 1604 vobis
1500 1541 1562 1601 in
1593 1539 1819 1602 vallum
1851 1547 2191 1618 portasque
2221 1558 2352 1603 non

382 1627 523 1702 ipsa
560 1632 764 1686 castra
806 1624 903 1686 'est
939 1625 1309 1702 adgressus-2
1354 1625 1788 1686 deseruissetis
1817 1625 2094 1701 prolecto
2125 1625 2353 1687 eodem

383 1717 615 1772 terrore
644 1717 863 1785 castra,
896 1724 1019 1785 quo
1051 1709 1345 1770 omisistis
1375 1723 1661 1786 pugnam.
1727 1709 1832 1784 qui
1862 1725 2060 1785 pavor
2086 1708 2206 1784 hic,
2242 1711 2352 1786 qui

382 1802 604 1868 terror,
652 1809 815 1870 quae
841 1801 1122 1870 repente,
1169 1792 1275 1871 qui
1305 1794 1532 1856 etcum
1561 1789 1785 1870 quibus
1815 1792 2189 1869 pugnaretis,
2237 1795 2352 1855 ob-

383 1878 525 1940 livio
556 1877 795 1940 animos
822 1877 1029 1954 cepit?
1068 1891 1292 1954 nempe
1313 1876 1498 1938 iidem
1519 1883 1664 1939 sunt
1682 1876 1748 1937 hi
1767 1877 2001 1952 hostes,
2033 1892 2192 1954 quos
2217 1876 2354 1938 vin-

384 1963 582 2024 cendo
602 1969 675 2022 et
701 1962 899 2024 victos
926 1963 1249 2037 sequendo
1274 1961 1541 2038 priorem
1569 1966 1865 2023 aestatem
1893 1959 2354 2038 absumpsistiS,

382 2047 609 2122 quibus
638 2046 773 2106 dies
800 2052 1141 2122 noctesque
1165 2045 1532 2121 rugientibus
1562 2061 1674 2122 per
1699 2045 1818 2106 hos
1847 2044 1982 2106 dies
2010 2045 2352 2118 institistis3

384 2145 543 2206 quos
566 2128 805 2190 levibus
831 2125 1442 2205 proeliis-fatigastis3
1479 2145 1642 2207 quos
1663 2129 1952 2193 hesterno
1975 2129 2078 2190 die
2097 2145 2216 2190 nec
2237 2130 2360 2191 iter

384 2213 589 2274 lacere
628 2228 747 2274 nec
782 2217 987 2274 castra
1026 2211 1259 2290 ponere
1290 2211 1464 2289 passi
1501 2213 1673 2276 estis.
1737 2212 1948 2276 omitto
1975 2229 2080 2290 ea,
2121 2214 2356 2290 quibus

380 2295 629 2373 gloriari
658 2296 949 2374 potestis:
988 2297 1162 2360 cuius
1191 2302 1251 2358 et
1289 2296 1490 2373 ipsius
1519 2297 1756 2374 pudere
1787 2313 1862 2358 ac
1893 2297 2206 2374 paenitere
2229 2315 2356 2360 vos

382 2386 644 2458 oportet,
675 2383 953 2442 reseram.
993 2396 1215 2458 nempe
1243 2381 1462 2457 aequis
1489 2381 1770 2443 manibus
1801 2381 2092 2445 hesterno
2123 2381 2227 2442 die
2257 2381 2356 2442 di-

381 2465 647 2527 remistis
689 2481 977 2542 pugnam.
1040 2464 1189 2542 quid
1216 2465 1372 2526 haec
1400 2481 1556 2539 nox,
1599 2463 1752 2542 'quid
1791 2464 1893 2527 hic
1933 2463 2070 2527 dies
2115 2465 2360 2530 attulit?

382 2556 631 2611 vestrae
680 2549 778 2611 his
821 2550 1041 2627 copiae
1081 2549 1434 2612 ImmInutae
1471 2557 1647 2625 sunt,
1689 2565 1772 2610 an
1809 2548 2051 2611 illorum
2091 2556 2358 2616 auctam

380 2646 507 2694 non
555 2632 842 2708 equidem
880 2633 1027 2695 mihi
1069 2649 1209 2697 cum
1248 2632 1526 2696 exercitu
1550 2632 1692 2694 ‘meo
1735 2631 1905 2708 loqui
1945 2633 2200 2710 videor,
2232 2649 2360 2696 nee

379 2730 522 2779 cum
549 2716 844 2778 Romanis
874 2716 1203 2778 militibusz
1246 2731 1511 2793 corpora
1538 2723 1768 2778 tantum
1793 2723 1979 2793 atque
2005 2734 2178 2778 arma
2203 2725 2358 2779 sunt

380 2799 619 2862 eadem.
682 2816 805 2875 an,
837 2800 892 2860 sl
928 2800 1185 2862 eosdem
1224 2799 1465 2863 animos
1493 2799 1897 2877 habuissetis,
1944 2807 2116 2878 terga
2137 2808 2358 2864 vestra

383 2883 643 2944 vidisset
661 2883 881 2955 hostis»,
911 2883 1089 2960 sig-na
1116 2883 1298 2946 alicui
1320 2884 1636 2962 manipulo
1662 2892 1770 2947 aut
1797 2885 2034 2947 cohorti
2059 2884 2352 2947 abstulis-

383 2973 521 3028 set?
583 2965 785 3026 adhuc
822 2966 1023 3028 caesis
1065 2965 1411 3044 legionibus
1440 2969 1734 3031 Romanis
1775 2968 2176 3046 gloriabatur-z
2229 2985 2358 3033 vos

382 3048 467 3110 illi
495 3048 797 3111 hodierno
828 3049 931 3110 die
960 3050 1216 3127 primum
1248 3052 1437 3130 fugati
1467 3053 1774 3115 exercitus
1803 3053 2064 3116 dedistis
2091 3055 2330 3117 decus“

383 3133 615 3194 clamor
653 3132 797 3194 inde
838 3139 1037 3212 ortus,
1078 3141 1147 3198 ut
1171 3136 1414 3198 veniam
1454 3137 1588 3200 eius
1619 3137 1742 3200 diei
1786 3138 1990 3211 daret,
2035 3138 2140 3200 ubi
2164 3138 2363 3200 vellet

383 3215 609 3279 deinde
649 3217 1029 3295 experiretur
1060 3219 1314 3284 militum
1355 3237 1606 3284 suorum
1646 3221 1906 3284 animos.
1983 3238 2156 3322 „ego
2192 3221 2360 3284 vero

382 3301 719 3377 experiar“
761 3301 984 3380 inquit,
1028 3350 1065 3380 „
1081 3303 1332 3382 milites,
1375 3311 1437 3368 et
1464 3321 1582 3369 vos
1609 3307 1878 3368 crastino
1907 3305 2010 3369 die
2049 3307 2112 3368 in
2153 3307 2362 3370 aciem

382 3381 673 3460 educam,
714 3392 783 3447 ut
808 3387 1077 3449 victores
1107 3389 1314 3466 potius
1342 3405 1527 3467 quam
1555 3390 1698 3452 victi
1727 3391 1970 3453 veniam
2009 3391 2360 3469 impetretis

384 3483 567 3542 quam
592 3469 853 3546 petitis‘fl
894 3469 1266 3549 cohortibus,
1294 3488 1454 3551 quae
1475 3473 1653 3551 signa
1675 3473 2024 3553 amiserunt,
2045 3474 2358 3538 hordeum
