2550 3959
366 223 491 291 132
671 226 902 289 LIBER
929 228 1142 288 XXVI.
1190 227 1355 287 CAP.
1379 236 1466 290 26.
1491 234 1578 289 97.
1623 229 1696 305 [a.
1719 232 1790 286 ιι.
1814 250 1864 291 c.
1889 232 2094 301 542}

360 380 657 445 iustitium
698 382 997 444 omnium
1008 393 1213 463 rerum
1246 368 1522 441 futurum
1550 379 1922 455 videbatur,
1946 378 2147 441 donec
2175 382 2327 443 alter

362 469 582 529 consul
611 464 693 527 ad
715 465 927 527 urbem
952 454 1241 527 venisset.
1289 464 1494 539 otium,
1522 469 1591 525 ut
1611 465 1786 539 solet,
1815 464 2105 525 excitavit
2124 465 2325 541 plebis

360 566 675 613 rumores:
715 550 859 612 belli
902 550 1357 611 diuturnitatem
1399 552 1460 609 et
1508 554 1780 621 vastatos
1819 558 2005 623 agros
2033 548 2202 609 circa
2221 564 2320 609 ιιι·-

359 635 518 707 bem,
553 645 676 711 qua
698 634 925 695 infesto
955 634 1200 709 agmine
1227 635 1379 693 isset
1399 617 1724 705 Hannibal,
1755 638 1818 693 et
1843 631 2206 693 exhaustam
2233 632 2324 696 di-

358 720 617 782 lectibus
648 715 881 779 Itanam
909 724 971 778 et
998 726 1197 794 prope
1228 717 1556 793 quotannis
1586 730 1808 777 caesos
1839 714 2144 776 exercitus
2175 732 2322 793 que·

356 804 681 878 rebantur,
735 809 796 864 et
838 804 1128 863 consules
1168 801 1502 862 bellicosos
1545 798 1757 881 ambo,
1807 798 1979 859 viros
2021 812 2325 877 acresque

358 884 540 947 nimis
582 888 644 947 et
668 884 939 960 teroem,
984 893 1260 960 creatam,
1306 886 1411 961 qui
1439 884 1538 944 vel
1568 884 1630 944 in
1659 846 1816 959 pace
1841 882 2169 959 tranquilla
2197 885 2322 944 bel·

363 972 489 1031 ιιιιιι
517 970 787 1032 excitare
814 968 1104 1068 possent,
1150 966 1420 1030 nedum
1404 984 1466 1029 ιιι
1494 968 1656 1029 bello
1684 967 1995 1043 respirare
2023 967 2324 1077 civitatem

358 1056 560 1118 rorent
593 1055 858 1131 passuri.

300 1199 307 1209 ,
526 1136 766 1200 XXVII
806 1136 1134 1215 Interrupit
1172 1138 1291 1199 hos
1333 1147 1652 1197 sermones
1681 1142 1889 1211 nocte,
1935 1149 2096 1211 quae
2126 1122 2325 1210 pridie

360 1222 774 1299 Quinquatrus
804 1221 946 1299 fuit,
988 1219 1269 1299 plumbus
1301 1218 1483 1299 simul
1509 1220 1666 1281 locis
1697 1219 1862 1279 circa
1887 1220 2090 1281 forum
2117 1218 2320 1279 in'e‘en·

358 1304 523 1369 dium
554 1316 772 1369 ortum.
818 1304 1039 1369 eodem
1066 1294 1345 1403 tempore
1367 1310 1606 1380 septem
1623 1302 1934 1379 tabernae,
1969 1308 2130 1379 quae
2155 1309 2318 1379 post·

356 1408 433 1452 ea
466 1392 757 1467 quinque,
792 1397 850 1457 et
880 1390 1277 1466 argentariae,
1311 1403 1471 1465 quae
1499 1398 1664 1449 nunc
1691 1401 1892 1449 novae
1920 1388 2324 1465 appellantur,

354 1490 584 1535 arsere.
662 1472 1114 1550 comprehensa
1156 1476 1380 1550 postea
1419 1473 1660 1548 privata
1699 1471 1982 1533 aedificia
2005 1504 2090 1515 --
2120 1486 2325 1547 neque

355 1558 517 1619 enim
564 1561 692 1619 tum
742 1556 1037 1619 basilicae
1088 1564 1263 1619 erant
1297 1592 1370 1600 —
1386 1603 1405 1633 ,
1462 1554 1948 1653 comprehensae
1996 1546 2325 1617 lautumiae

355 1643 685 1717 forumque
714 1640 1113 1719 piscatorium
1139 1649 1201 1703 et
1222 1642 1440 1701 atrium
1460 1640 1716 1716 regium.
1760 1640 1934 1700 aedis
1958 1640 2192 1700 Vestae
2222 1640 2326 1699 vix

354 1728 613 1788 defensa
662 1734 757 1788 est
804 1726 1097 1787 tredecim
1148 1726 1414 1786 maxime
1463 1738 1784 1786 servorum
1837 1739 2058 1799 opera,
2113 1724 2220 1799 qui
2259 1724 2322 1783 in

351 1810 668 1885 publicum
698 1810 1003 1886 redempti
1034 1826 1107 1873 ae
1135 1806 1322 1871 manu
1348 1808 1522 1869 missi
1553 1814 1714 1870 sunt.
1787 1813 1968 1869 nocte
1996 1807 2098 1867 die
2127 1808 2322 1868 conti·

352 1902 603 1956 nuatum
644 1894 995 1955 incendium
1036 1892 1178 1965 i'u'it3
1234 1908 1351 1955 nec
1391 1890 1498 1953 ul'li
1527 1892 1779 1953 dubium
1809 1900 1938 1954 erat
1963 1891 2231 1953 humana
2260 1892 2320 1952 id

350 1979 569 2041 fraude
609 1978 835 2039 factum
866 1992 1041 2053 esse,
1087 1978 1257 2053 quod
1286 1976 1566 2053 pluribus
1597 1975 1778 2037 simul
1803 1976 1990 2049 lociS‚
2034 1982 2096 2035 et
2117 1975 2198 2035 'iis
2231 1975 2322 2035 di..

348 2061 582 2137 versiS,
622 2062 799 2137 ignes
844 2060 1038 2124 coorti
1069 2066 1300 2123 essent.
1367 2060 1575 2137 itaque
1605 2060 1824 2122 consul
1853 2076 1933 2119 ex
1961 2060 2326 2121 auctoritate

350 2152 603 2206 senatus
634 2162 748 2221 pro
780 2145 1025 2207 contion
1095 2146 1313 2220 edixit,
1345 2145 1452 2220 qui
1482 2157 1741 2221 quorum
1770 2159 1964 2220 opera
1991 2143 2056 2203 id
2087 2142 2296 2204 confla

348 2237 477 2290 tum
517 2228 866 2291 incendium
909 2246 1024 2305 pro
1073 2237 1330 2303 teretur,
1372 2228 1712 2305 praemium
1740 2226 1873 2289 sore
1901 2228 2094 2288 libero
2128 2241 2320 2305 pecu—

350 2314 531 2385 niam,
558 2312 741 2374 servo
765 2314 1125 2379 libertatem.
1174 2328 1247 2374 eo
1265 2312 1540 2389 praemio
1564 2309 1851 2374 inductus
1868 2310 2324 2387 Campanorum

352 2396 734 2459 Calaviorum
774 2414 996 2459 servus
1026 2430 1111 2441 —
1134 2396 1356 2459 Manus
1399 2396 1456 2457 ei
1495 2410 1716 2457 nomen
1760 2403 1892 2457 erat
1917 2429 2003 2439 —
2029 2396 2325 2457 indicavit

352 2482 635 2545 dominos
664 2486 726 2544 et
756 2484 1027 2560 quinque
1058 2492 1380 2559 praeterea
1403 2481 1659 2541 iuvenes
1683 2479 1921 2543 nobiles
1947 2478 2320 2555 Campanos,

350 2581 611 2641 quorum
641 2575 933 2642 parentes
962 2584 1001 2627 a
1030 2565 1096 2641 Q.
1121 2562 1336 2627 Fulvio
1368 2566 1572 2626 securi
1600 2564 1883 2640 percussi
1912 2572 2100 2639 erant,
2133 2564 2198 2625 id
2225 2564 2327 2624 in-

350 2650 635 2712 cendium
663 2650 919 2725 fecisse,
948 2654 1261 2725 vulgoque
1292 2650 1566 2711 facturos
1595 2648 1747 2725 alia,
1778 2648 1839 2708 ni
1870 2649 2319 2725 comprendan-

346 2740 461 2795 tur.
501 2732 931 2810 comprehensi
962 2734 1083 2809 ipsi
1116 2732 1501 2809 familiaeque
1529 2748 1760 2795 eorum.
1805 2739 1865 2794 et
1890 2732 2086 2809 primo
2111 2734 2320 2795 eleva-

344 2818 525 2879 batur
552 2818 741 2877 index
770 2816 1217 2893 indiciumquea
1257 2817 1456 2895 pridIe
1487 2832 1626 2878 eum
1657 2818 2017 2878 verberibus
2051 2818 2317 2893 castiga-

343 2909 473 2962 tum
514 2900 591 2960 ab
634 2900 897 2962 dominis
928 2902 1332 2978 discessisse,
1377 2917 1490 2977 per
1518 2901 1669 2962 iram
1697 2917 1772 2963 ac
1799 2900 2106 2965 levitatem
2138 2917 2218 2962 ex
2247 2917 2321 2962 re

344 2984 593 3044 fortuita
622 2982 853 3045 crimen
898 2994 1323 3047 commentum.
1383 2991 1653 3047 ceterum
1679 2992 1748 3047 ut
1777 3001 1985 3047 coram
2015 3002 2318 3063 coargue-

342 3066 596 3142 bantur,
639 3075 700 3130 et
729 3070 1009 3145 quaestio
1054 3086 1134 3131 ex
1161 3069 1452 3131 ministris
1483 3065 1774 3131 facinoris
1805 3070 1940 3132 foro
1971 3072 2175 3133 medio
2206 3070 2318 3131 ha·

342 3150 473 3211 beri
518 3159 739 3230 coepta
779 3160 903 3231 est,
948 3154 1102 3216 fassi
1145 3170 1391 3231 omnes,
1434 3160 1620 3231 atque
1648 3155 1712 3216 in
1743 3154 2028 3217 dominos
2059 3171 2317 3217 servos-

346 3250 466 3309 que
508 3238 795 3300 conscios
840 3238 1334 3301 animadversum
1375 3245 1488 3300 est.
1557 3238 1742 3299 indici
1786 3239 2036 3301 libertas
2079 3240 2225 3301 data
2255 3248 2320 3301 et

341 3316 551 3393 viginti
578 3321 743 3381 milia
769 3322 951 3384 aeris.

514 3403 761 3465 consuli
814 3406 1085 3468 Laevino
1140 3406 1411 3484 Capuam
1463 3408 1878 3483 praetereunti
1935 3408 2320 3468 circumfusa

268 3536 272 3541 .
343 3488 659 3551 multitudo
689 3484 1135 3566 Campanorum
1178 3498 1305 3567 est,
1351 3488 1802 3552 obsecrantium
1845 3506 1978 3553 cum
2015 3490 2318 3568 lacrimiS,
