2550 3959
538 227 545 230 “
582 280 815 341 LIBER
841 278 1028 341 XXV.
1076 278 1240 339 CAP.
1263 286 1355 343 41.
1399 285 1471 353 [a.
1498 285 1562 337 c,
1587 281 1716 358 212]
2012 278 2130 347 101

165 435 325 510 quod
352 433 631 495 maxima
652 438 827 509 parte
850 430 1064 491 virium
1091 446 1342 491 suarum
1365 447 1488 492 non
1510 431 1889 509 iuvabantur,
1919 433 2137 497 timore

164 520 336 580 etiam
375 517 670 591 incusso,
714 529 793 575 ne
836 514 912 575 ab
958 520 1199 576 suomet
1225 514 1346 589 ipsi
1375 515 1580 591 equite
1609 524 2134 592 oppugnarentur.

163 604 361 681 itaque
404 599 580 661 baud
619 600 824 675 magni
866 598 1213 659 certaminis
1242 598 1384 672 fuit,
1428 599 1660 676 primus
1694 601 1923 661 clamor
1951 608 2137 678 atque

163 687 425 763 impetus
465 700 601 744 rem
641 682 933 744 decrevit.
1000 682 1298 743 Numidae
1339 698 1478 745 cum
1519 684 1580 745 in
1611 700 1917 747 concursu
1947 686 2136 762 quieti

164 770 479 833 stetissent
506 769 571 830 in·
602 766 921 842 cornibus„
960 772 1027 827 ut
1053 772 1226 842 terga
1256 766 1474 827 dantes
1503 784 1654 829 suos
1684 769 1998 844 viderunt,
2043 772 2136 832 fu-

162 870 272 932 gae
291 859 535 916 tanturn
554 866 887 929 parumper
909 850 1163 912 comites
1187 850 1350 926 faeti,
1377 859 1706 930 postquam
1731 869 1942 916 omues
1956 855 2135 931 Agri—

162 946 407 1016 gentum
434 936 681 1013 trepido
714 934 957 1011 agmine
984 940 1267 1011 petentes
1291 935 1590 1010 viderunt,
1622 936 1742 1014 ipsi
1773 944 1938 1000 metu
1967 939 2130 1001 obsi-

163 1022 362 1085 dionis
406 1022 647 1099 passim
689 1020 751 1080 in
781 1019 1058 1082 civitates
1094 1019 1410 1095 proximas
1443 1020 1686 1097 dilapsi.
1758 1024 1942 1083 multa
1970 1024 2138 1084 milia

161 1106 475 1169 hominum
506 1120 692 1167 caesa
721 1110 1055 1181 captaque,
1087 1109 1149 1165 et
1177 1108 1317 1165 octo
1349 1105 1675 1181 elephanti.
1743 1107 2138 1169 haec.ultima

158 1192 215 1251 in
237 1191 453 1253 Sicilia
472 1189 746 1252 Marcelli
778 1204 987 1265 pugna
1009 1188 1135 1249 fuit.
1181 1187 1380 1249 victor
1399 1187 1544 1249 inde
1567 1188 1915 1269 Syracusas
1935 1193 2135 1255 rediit.

324 1276 458 1336 lam
502 1276 692 1335 ferme
734 1273 794 1333 in
838 1274 1004 1334 exitu
1045 1288 1246 1333 annus
1289 1278 1451 1332 erate
1493 1274 1699 1349 itaque
1728 1282 1981 1337 senatus
2010 1277 2132 1338 Ro-

158 1376 294 1421 mae
328 1360 635 1432 decrevit,
668 1366 735 1419 ut
761 1355 827 1417 P.
864 1356 1183 1418 Cornelius
1213 1362 1463 1434 praetor
1490 1358 1720 1419 litteras
1753 1358 2022 1436 Capuam
2054 1362 2134 1421 ad

162 1444 457 1507 eonsules
486 1444 763 1517 mitteret,
796 1442 941 1503 dum
969 1440 1274 1501 Hannibal
1304 1444 1525 1517 procul
1555 1442 1829 1520 abesset,
1867 1459 1982 1506 nec
2009 1446 2134 1506 ulla

158 1528 367 1605 magni
398 1526 771 1599 discriminis
811 1541 915 1586 res
946 1524 1027 1586 ad
1057 1524 1330 1601 Capuam
1356 1534 1700 1605 gereretur,
1741 1530 1892 1590 alter
1919 1544 2130 1591 eorum

159 1614 208 1673 si
236 1614 324 1674 ita
351 1610 683 1686 videretur,
713 1609 795 1670 ad
814 1610 1207 1685 magistratus
1228 1609 1663 1685 subrogandos
1683 1612 1941 1673 Romam
1961 1615 2131 1675 veni·

158 1705 264 1760 ret.
332 1697 552 1757 litteris
595 1695 869 1770 acceptis·
912 1693 1068 1755 inter
1110 1708 1181 1753 se
1224 1695 1513 1755 consules
1557 1707 2016 1771 compararunt,
2067 1708 2131 1759 ut

161 1782 451 1843 Claudius
483 1779 727 1841 comitia
752 1778 1108 1855 perliceret,
1143 1776 1396 1838 Fulvius
1428 1779 1509 1839 ad
1539 1779 1808 1855 Capuam
1836 1789 2128 1843 maneret.

160 1865 451 1929 eonsules
498 1863 787 1926 Claudius
830 1863 1061 1923 creavit
1091 1862 1195 1923 Cn.
1226 1860 1506 1923 Fulvium
1537 1863 1950 1926 Centumalum
1979 1872 2040 1925 et
2065 1865 2131 1924 P.

160 1948 499 2027 Sulpicium
522 1946 718 2009 Servii
747 1946 937 2007 filium
963 1945 1232 2021 Galbam,
1267 1945 1371 2021 qui
1399 1948 1629 2009 nullum
1659 1956 1836 2009 antea
1861 1951 2130 2011 curulem

159 2034 579 2112 magistratum
606 2032 926 2108 gessisset.
982 2038 1303 2107 praetores
1334 2030 1558 2093 deinde
1589 2033 1776 2096 creati
1802 2034 1869 2094 L.
1904 2034 2130 2096 Corne-

159 2118 271 2180 lius
312 2118 613 2179 Lentulus
652 2116 733 2177 Μ.
770 2115 1087 2177 Cornelius
1120 2114 1424 2191 Cethegus
1457 2116 1519 2177 C.
1553 2116 1866 2195 Sulpicius
1904 2119 1966 2181 C.
1999 2120 2130 2181 Cal-

159 2204 416 2278 purnius
444 2201 611 2264 Piso.
674 2199 882 2261 Pisoni
911 2200 1063 2261 iuris
1094 2198 1279 2260 dictio
1310 2200 1564 2277 urbana,
1597 2201 1870 2280 Sulpicio
1903 2201 2127 2279 Sicilia,

162 2287 428 2365 Cethego
460 2286 707 2362 Apulia,
736 2285 995 2347 Lentulo
1018 2282 1304 2345 Sardinia
1331 2284 1550 2349 evenit„
1599 2286 1960 2350 consulibus
1985 2304 2119 2365 pro·

162 2379 435 2451 rogatum
468 2371 529 2433 in
562 2384 788 2432 annum
816 2368 1136 2447 imperium
1167 2378 1277 2430 est.

796 2711 1085 2837 Τι’Τι
1160 2740 1455 2837 tivi

712 2891 818 2954 AB
875 2892 1107 2955 URBE
1170 2890 1580 2955 CONDITA

912 3012 1135 3075 LIBER
1176 3008 1384 3071 XXVI.

188 3210 485 3264 EPITOME.
554 3212 805 3264 Hannibal
842 3215 910 3265 ad
943 3217 1151 3265 tertium
1188 3217 1253 3266 ab
1291 3216 1418 3265 urbe
1450 3214 1680 3264 Romana
1715 3214 1936 3278 lapidem
1972 3228 2127 3281 super

252 3283 501 3333 Anienem
530 3296 733 3333 amnem
752 3291 919 3334 castra
935 3284 1137 3349 posuit:
1176 3284 1298 3336 inde
1318 3298 1435 3334 cum
1452 3282 1652 3333 duobus
1671 3282 1880 3333 milibus
1897 3283 2126 3347 equitum

251 3366 417 3415 usque
432 3351 500 3404 ad
516 3352 680 3417 ipsam
700 3350 955 3419 Capenam
982 3361 1183 3419 portam
1196 3389 1214 3415 ,
1244 3362 1302 3403 ut
1317 3354 1474 3403 situm
1493 3352 1634 3402 urbis
1652 3351 1940 3418 exploraret
1955 3389 1970 3414 ,
2005 3355 2126 3405 obe·

253 3420 491 3485 quitavit.
546 3433 596 3471 et
622 3436 736 3471 eum
764 3436 857 3488 per
885 3422 1109 3472 triduum
1138 3422 1193 3471 in
1221 3422 1386 3472 aciem
1419 3420 1668 3485 utrimque
1685 3422 1936 3473 exercitus
1959 3425 2126 3475 omui·

258 3488 633 3551 descendisset,
668 3498 925 3541 certamen
954 3499 1229 3557 tempestas
1249 3492 1479 3541 diremit:
1521 3504 1639 3540 uam
1658 3505 1773 3541 cum
1789 3490 1843 3543 in
1861 3500 2027 3543 castra
2049 3500 2123 3543 re2

257 3556 493 3619 diiseent,
524 3560 695 3609 statim
712 3560 959 3611 serenitas
977 3568 1104 3610 erat.
1164 3558 1336 3624 Capua
1355 3564 1504 3623 capta
1524 3567 1602 3609 eet
1625 3575 1654 3609 a
1675 3558 1736 3619 Q.
1757 3558 1936 3612 Fulvio
1955 3568 2006 3611 et
2022 3562 2122 3627 Ap.
