2550 3959
377 214 505 280 aso
644 213 875 275 Lfflss
894 213 1161 274 xxvm.
1208 214 1377 284 CAR.
1400 222 1490 279 34.
1511 223 1602 278 35.
1649 216 1722 294 [a.
1745 219 1817 276 υ.
1839 237 1888 275 0.
1911 219 2038 288 546]

378 367 496 429 sibi
538 365 735 428 tuisse
762 365 1041 426 nondum
1078 372 1338 442 experta
1367 367 1688 428 clementia
1714 367 1880 430 eius=
1936 383 2102 432 nunc
2129 375 2357 432 contra

374 451 605 512 nullam
644 449 707 510 in
749 465 968 524 causa,
988 464 1261 510 xomnem
1299 449 1361 510 in
1401 449 1830 513 misericordia
1865 450 2120 513 victoris
2163 467 2354 528 spem

377 535 644 612 positam
684 533 933 594 habere.
988 549 1133 594 mos
1180 539 1460 595 vetustus
1502 541 1632 596 erat
1669 535 1996 611 Romanis,
2039 551 2180 596 cum
2221 553 2354 612 quo

376 635 494 680 nec
532 618 787 681 foedere
812 632 929 678 nec
968 616 1187 694 aequis
1228 617 1472 694 legibus
1499 616 1856 694 iungeretur
1881 619 2178 696 amicitia,
2220 636 2354 682 non

376 703 549 781 prius
577 700 835 777 imperio
864 701 927 760 in
952 716 1097 762 eum
1122 707 1434 778 tamquam
1462 709 1746 778 pacatum
1771 701 1888 778 uti,
1922 717 2110 780 quam
2139 704 2356 766 omnia

376 786 587 847 divina
609 785 1001 860 humanaque
1031 785 1404 858 dedidisset,
1441 785 1696 848 obsides
1725 787 1997 863 accepti,
2037 803 2211 850 arma
2237 787 2354 848 ad-

376 877 612 946 empta,
655 869 969 945 praesidia
1006 868 1263 930 urbibus
1289 869 1582 946 imposita
1607 871 1826 932 forent.
1885 869 2098 948 Scipio
2139 872 2350 933 multis

374 954 659 1014 invectus
686 952 747 1012 in
776 958 1166 1029 praesentem
1192 953 1592 1016 Mandonium
1621 952 2072 1031 absentemque
2099 955 2350 1016 Indebi-

374 1039 497 1097 lem
534 1036 776 1113 verbis,
826 1039 967 1099 illos
1010 1037 1259 1114 quidem
1299 1037 1514 1100 merito
1554 1037 1800 1114 perisse
1837 1039 2118 1115 ipsorum
2155 1039 2350 1100 male-

375 1121 519 1183 ficio
550 1121 649 1194 ait,
679 1122 955 1184 victuros
982 1137 1101 1184 suo
1130 1127 1318 1198 atque
1343 1122 1561 1198 populi
1580 1122 1844 1184 Romani
1869 1121 2196 1186 beneflcio.
2243 1136 2346 1182 ee-

374 1212 673 1268 terum—
686 1206 919 1283 quippe
946 1221 1023 1266 ea
1049 1205 1317 1282 pignera·
1325 1205 1664 1268 timentium
1681 1206 2084 1270 rebellionem
2100 1221 2351 1270 csse-—

377 1305 450 1352 se
487 1289 683 1352 libera
718 1289 795 1351 iis
827 1305 1005 1350 arma
1051 1290 1407 1366 relinquere
1443 1291 1810 1367 solutosque
1855 1297 2025 1356 metu
2071 1291 2346 1354 animos.-

377 1391 583 1452 neque
610 1390 682 1436 se
708 1374 772 1434 in
802 1373 1056 1436 obsides
1085 1373 1392 1448 innoxios,
1421 1375 1542 1437 sed
1572 1375 1636 1438 in
1670 1374 1868 1451 ipsos,
1904 1374 1964 1436 si
1989 1375 2348 1450 defecerint,

378 1459 753 1521 saeviturum
766 1505 783 1533 ,
824 1473 943 1518 nec
980 1459 1061 1518 ab
1101 1457 1318 1520 inenni
1356 1459 1472 1520 sed
1511 1459 1590 1521 ab
1617 1466 1851 1522 armato
1880 1457 2064 1522 hoste
2101 1474 2346 1535 poenas

377 1544 805 1618 expetiturum.
835 1547 1161 1617 utramque
1182 1543 1490 1604 fortunam
1509 1543 1784 1619 expertis
1807 1545 2158 1620 permittere
2179 1558 2347 1619 sese,

373 1633 577 1688 utrum
620 1625 923 1702 propitios
966 1641 1044 1686 an
1084 1626 1273 1688 iratos
1319 1626 1550 1688 habere
1589 1627 1906 1690 Romanos
1951 1629 2218 1688 mallent.
2263 1627 2348 1686 ita

375 1711 673 1773 dimissus
680 1709 1051 1772 Mandonius
1074 1711 1342 1787 pecunia
1360 1712 1782 1774 tantummodo
1794 1712 2113 1788 imperata,
2127 1725 2212 1772 ex
2225 1727 2344 1786 qua

374 1794 751 1872 stipendium
775 1795 947 1856 militi
976 1797 1280 1870 praestari
1308 1803 1543 1872 posset.
1587 1797 1726 1872 ipse
1744 1795 1980 1858 Marcio
2008 1796 2071 1856 in
2099 1794 2346 1856 ulterio-

372 1895 504 1956 rem
530 1879 891 1957 Hispaniam
921 1879 1265 1954 praemisso
1296 1895 1536 1955 paucos
1563 1887 1838 1942 moratus
1869 1879 2024 1955 dieS,
2061 1879 2208 1942 dum
2237 1878 2346 1940 im·

373 1969 651 2039 peratam
672 1962 1001 2038 pecuniam
1020 1963 1314 2038 Ilergetes
1333 1970 1854 2040 pernumerarent,
1879 1979 2020 2024 cum
2039 1961 2348 2039 expeditis

371 2046 669 2107 Marcium
694 2046 817 2106 iam
843 2045 1447 2122 'appropinquantem
1471 2047 1716 2109 Oceano
1747 2046 2129 2122 adsequitur.

541 2129 785 2191 XXXV.
826 2129 1122 2190 Inchoata
1159 2145 1261 2191 res
1301 2131 1426 2192 iam
1453 2137 1594 2192 ante
1623 2131 1704 2192 de
1728 2129 2064 2194 Masinissa
2091 2131 2230 2192 aliis
2260 2138 2347 2192 at-

376 2229 500 2292 que
538 2214 674 2274 aliis
718 2213 799 2274 de
839 2214 1045 2274 causis
1088 2213 1277 2276 dilata
1295 2221 1475 2290 ¹erat,
1519 2215 1690 2292 quod
1715 2213 1980 2278 Numida
2019 2229 2160 2275 cum
2200 2215 2344 2290 ipso

372 2299 587 2373 utique
616 2297 911 2374 congredi
941 2295 1233 2374 Scipione
1260 2299 1510 2360 volebat
1538 2305 1724 2375 atque
1751 2299 1885 2362 eius
1916 2299 2134 2361 dextra
2161 2297 2348 2360 fldem

376 2381 649 2444 sancire=
695 2397 771 2444 ea
798 2387 927 2443 tum
952 2381 1186 2443 itineris
1212 2389 1338 2444 tam
1363 2383 1533 2458 longi
1561 2397 1635 2444 ac
1663 2389 1788 2444 tam
1812 2382 1978 2444 devii
1997 2397 2194 2450 causa
2217 2382 2350 2444 Sci·

376 2466 545 2544 pioni
588 2467 717 2527 fuit.
779 2465 1115 2528 Masinissa
1144 2481 1284 2528 cum
1314 2466 1588 2530 Gadibus
1623 2474 1821 2540 esset,
1866 2466 2092 2530 certior
2113 2466 2346 2528 adven·

372 2560 505 2613 tare
546 2565 687 2612 eum
716 2567 754 2610 a
778 2549 1011 2611 Marcio
1055 2551 1253 2613 factus
1269 2597 1286 2626 ,
1332 2551 1648 2612 causando
1689 2549 2000 2626 corrumpi
2028 2566 2232 2627 equos
2259 2552 2349 2610 in—

377 2637 585 2696 clusos
625 2635 687 2694 in
726 2634 928 2696 insula
974 2634 1420 2710 penuriamque
1469 2635 1737 2696 omnium
1789 2650 1996 2696 rerum
2037 2641 2099 2696 ct
2140 2631 2366 2696 facere·

377 2718 599 2779 ceteris
630 2724 693 2779 et
718 2718 897 2794 ipsos
924 2717 1173 2791 sentire,
1212 2719 1295 2778 ad
1321 2718 1442 2779 hoc
1469 2719 1736 2794 equitem
1765 2730 2152 2780 marcescere
2182 2719 2348 2781 desi-

374 2801 478 2864 dia
505 2802 835 2877 Magonem
875 2801 1175 2877 perpulit,
1217 2809 1284 2864 ut
1311 2818 1384 2863 se
1421 2802 1682 2864 traicere
1717 2804 1781 2866 in
1825 2804 2236 2865 continentem
2267 2804 2346 2864 ad

374 2887 855 2962 depopulandos
877 2885 1197 2962 proximos
1210 2885 1547 2962 Hispaniae
1569 2903 1755 2964 agros
1787 2892 2116 2963 pateretur.
2147 2895 2342 2951 trans-

374 2984 631 3045 gressus
673 2977 800 3032 tres
844 2969 1159 3046 principes
1188 2969 1584 3034 Numidarum
1623 2971 1952 3048 praemittit
1991 2972 2074 3034 ad
2100 2978 2344 3050 tempus

374 3054 705 3131 locumque
733 3054 1042 3131 colloquio
1074 3056 1482 3118 statuendum.
1557 3057 1718 3118 duos
1747 3073 1864 3134 pro
1893 3055 2220 3120 obsidibus
2251 3073 2346 3118 re·

372 3137 551 3200 tineri
594 3139 673 3200 ab
716 3135 1009 3214 Scipione
1049 3139 1247 3201 iubet=
1292 3140 1557 3203 remisso
1586 3141 1792 3217 tertio,
1837 3141 1946 3218 qui
1975 3157 2102 3218 quo
2131 3140 2346 3204 iussus

374 3231 506 3284 erat
554 3223 889 3287 adduceret
924 3223 1350 3302 Masinissam,
1405 3241 1544 3288 cum
1583 3226 1804 3302 paucis
1852 3226 1915 3287 in
1967 3227 2348 3301 colloquium

372 3316 688 3370 venerunt.
758 3316 1014 3384 ceperat
1034 3309 1157 3370 iam
1185 3314 1328 3372 ante
1355 3309 1676 3372 Numidam
1705 3327 1786 3372 ex
1814 3313 1978 3372 rama
2005 3325 2214 3373 rerum
2241 3327 2346 3386 ge·

376 3395 609 3451 starum
667 3393 984 3454 admiratio
1034 3394 1177 3467 viri,
1238 3394 1758 3471 substitueratque
1813 3395 2014 3456 animo
2069 3395 2348 3471 speciem

378 3489 630 3552 quoque
670 3478 953 3554 corporis
992 3479 1259 3556 amplam
1289 3495 1362 3539 ac
1391 3479 1808 3554 magnificam
1852 3487 2123 3542 ceterum
2153 3478 2350 3540 maior
