2550 3959
352 194 481 261 326
738 196 972 259 LIBER
990 198 1169 259 xxx.
1211 198 1378 269 CAP.
1401 209 1453 262 ⁵.
1475 208 1527 263 6.
1575 205 1646 273 [a.
1673 204 1738 257 υ.
1765 224 1813 264 0.
1839 202 1962 278 5491

518 350 599 409 V.
640 348 753 411 His
802 348 1185 425 praeparatis
1235 349 1666 427 advocatoque
1706 350 1966 413 consilio
2006 358 2067 413 et
2105 352 2314 417 dicere

356 432 851 511 exploratoribus
880 432 1068 495 iussis
1083 480 1097 507 ,
1130 448 1292 508 quae
1321 440 1634 510 comperta
1659 434 1999 511 adferrent,
2025 436 2312 499 Masinis-

354 533 569 595 saque,
603 516 701 579 cui
730 518 935 579 omnia
961 517 1229 578 hostium
1256 524 1402 579 nota
1429 525 1618 595 erant,
1649 525 1964 595 postremo
1995 520 2133 597 ipse
2161 520 2313 596 quid

355 609 603 680 pararet
648 602 709 662 in
752 601 1094 679 proximam
1141 608 1384 663 noctem
1426 602 1746 678 proponit3
1799 602 2058 665 tribunis
2109 604 2314 681 edicit,

355 695 450 763 ut,
490 684 599 747 ubi
627 685 936 762 praetorio
979 684 1236 745 dimisso
1266 686 1445 761 signa
1471 686 1960 763 concinuissent,
2003 688 2312 763 extemplo

356 771 691 832 educerent
729 769 947 831 castris
977 768 1272 844 legiones.
1347 770 1430 831 ita
1456 777 1524 832 ut
1549 771 1962 847 imperaverat
1991 772 2166 846 signa
2197 772 2314 833 sub

355 850 645 917 'occasum
675 854 827 915 solis
856 853 1061 913 efferri
1088 860 1232 915 sunt
1260 861 1499 931 coepta.
1551 855 1634 915 ad
1660 856 1916 930 primam
1946 856 2136 917 ferme
2163 856 2314 931 vigi·

353 940 498 1000 liam
537 952 757 1013 agmen
798 937 1292 1013 explicaverunt3
1333 939 1536 1000 media
1577 946 1866 1001 nocte—
1885 948 2122 1015 septem
2155 940 2316 999 enirn

353 1021 520 1083 milia
565 1022 798 1083 itineris
850 1028 1022 1082 erant
1048 1055 1121 1067 —
1145 1022 1390 1084 modico
1439 1023 1637 1098 gradu
1675 1023 1758 1083 ad
1799 1029 2000 1083 castra
2047 1023 2316 1085 hostiurn

356 1112 717 1188 perventum
751 1111 865 1167 est.
930 1105 1014 1165 ibi
1045 1104 1253 1182 Scipio
1289 1114 1524 1182 partem
1553 1107 1869 1183 copiarum
1895 1106 2103 1169 Laelio
2129 1108 2316 1169 Masi-

356 1190 715 1268 nissamque
742 1206 817 1252 ac
843 1189 1135 1251 Numidas
1166 1190 1452 1265 attribuit,
1493 1197 1556 1251 et
1579 1197 1780 1253 castra
1809 1190 2116 1269 Syphacis
2145 1192 2317 1252 inva-

356 1277 507 1337 dere
532 1276 831 1351 ignesque
860 1274 1145 1337 conicere
1172 1276 1358 1337 iubet.
1425 1275 1704 1349 singulos
1733 1275 1958 1336 deinde
1987 1274 2320 1351 separatim

353 1359 628 1421 Laelium
656 1374 729 1419 ac
757 1358 1149 1428 Masinissam
1175 1359 1478 1420 deductos
1509 1357 1862 1435 obtestatur,
1905 1366 1988 1432 ut,
2021 1365 2317 1435 quantum

355 1460 480 1505 nox
508 1442 931 1519 providentiae
960 1443 1202 1518 adimat,
1230 1448 1463 1504 tantum
1492 1443 1803 1519 diligentia
1827 1444 2118 1519 expleant
2141 1458 2320 1504 cura-

358 1543 499 1605 que.
562 1542 634 1588 se
680 1526 1130 1588 Hasdrubalem
1181 1526 1534 1604 Punicaque
1589 1536 1794 1589 castra
1847 1528 2318 1603 adgressurumz

357 1619 624 1673 ceterum
648 1626 773 1671 non
794 1616 937 1673 ante
960 1618 1338 1687 coepturum,
1371 1627 1556 1687 quam
1575 1611 1778 1686 ignem
1805 1611 1865 1671 in
1888 1610 2076 1687 regiis
2099 1610 2318 1673 castris

358 1696 811 1771 conspexisset.
884 1710 1089 1772 neque
1140 1710 1217 1756 ea
1260 1710 1366 1757 res
1423 1702 1658 1757 morata
1715 1696 1820 1757 diu
1877 1701 2003 1756 est=
2073 1709 2215 1755 nam
2253 1699 2316 1754 ut

359 1780 657 1857 proximis
700 1780 864 1841 casis
907 1779 1165 1840 iniectus
1206 1780 1366 1855 ignis
1410 1778 1638 1855 haesit,
1691 1780 1996 1854 extemplo
2039 1778 2320 1855 proxima

360 1879 646 1945 quaeque
687 1870 749 1924 et
775 1864 1072 1939 deinceps
1115 1864 1402 1925 continua
1441 1864 1762 1937 amplexus
1800 1863 1944 1923 totis
1985 1878 2057 1923 se
2085 1862 2319 1939 passim

362 1945 687 2025 dissipavit
725 1949 963 2009 castris.
1035 1953 1097 2008 et
1124 1946 1449 2023 trepidatio
1481 1947 1757 2022 quidem,
1803 1952 2030 2022 quanta
2057 1960 2320 2007 necesse

360 2039 520 2107 erat,
562 2032 625 2091 in
654 2026 951 2092 nocturno
983 2031 1183 2093 effuso
1212 2038 1338 2091 tam
1363 2034 1484 2092 late
1509 2031 1794 2093 incendio
1825 2036 1959 2092 orta
1987 2037 2113 2092 este
2157 2036 2318 2091 cete·

362 2131 494 2176 rum
538 2114 844 2176 fortuitum
886 2130 1011 2175 non
1052 2114 1332 2175 hostilem
1375 2130 1450 2183 ac
1475 2114 1758 2177 bellicum
1787 2114 1987 2189 ignem
2013 2114 2127 2174 rati
2155 2128 2320 2187 esse,

361 2200 496 2261 sine
524 2198 709 2259 armis
737 2199 819 2258 ad
844 2198 1348 2273 restinguendum
1376 2196 1723 2259 incendium
1754 2196 1934 2259 effusi
1961 2199 2022 2258 in
2053 2204 2320 2257 armatos

363 2282 633 2352 incidere
678 2282 929 2357 hostes,
978 2282 1240 2343 maxime
1279 2281 1574 2343 Numidas
1623 2282 1702 2343 ab
1741 2282 2072 2343 Masinissa
2109 2281 2324 2342 notitia

360 2367 669 2442 regiorum
713 2372 1052 2427 castrorum
1094 2367 1173 2427 ad
1199 2366 1402 2427 exitus
1434 2365 1714 2427 itinerum
1743 2365 1982 2426 idoneis
2010 2365 2166 2427 loeis
2197 2364 2322 2425 dis-

363 2450 621 2525 positos.
694 2450 755 2511 in
796 2450 951 2526 ipsis
1001 2450 1306 2514 cubilibus
1347 2451 1760 2511 semisomnos
1800 2449 2004 2510 hausit
2042 2448 2320 2518 flamma3

360 2534 529 2594 multi
569 2533 631 2593 in
671 2533 993 2610 praecipiti
1042 2535 1190 2609 fuga
1241 2538 1492 2595 ruentes
1547 2548 1738 2608 super
1774 2533 1930 2594 alios
1973 2532 2074 2594 alii
2111 2531 2174 2591 in
2216 2548 2295 2593 an

360 2618 577 2693 gustiis
622 2622 936 2692 portarum
981 2616 1183 2678 obtriti
1222 2625 1384 2679 sunt.
1451 2618 1558 2677 VI.
1602 2618 1976 2678 relucentem
2015 2614 2323 2677 flammam

363 2701 556 2777 primo
600 2699 817 2775 vigiles
864 2700 1476 2775 Carthaginiensium,
1521 2700 1747 2761 deinde
1787 2700 2030 2761 excitati
2069 2699 2171 2759 alii
2213 2714 2323 2760 no·

364 2793 579 2846 cturno
608 2786 867 2847 tumultu
890 2800 1029 2846 cum
1059 2784 1565 2860 conspexissent,
1597 2783 1674 2845 ab
1703 2784 1924 2845 eodem
1953 2798 2164 2849 errore
2191 2797 2316 2843 cre·

361 2870 509 2928 dere
558 2875 619 2928 et
656 2868 777 2943 ipsi
828 2884 945 2947 sua
992 2876 1216 2943 sponte
1261 2869 1614 2929 incendium
1667 2874 1897 2936 ortum;
1964 2871 2026 2927 et
2073 2868 2321 2939 clamor,

361 2953 516 3014 inter
556 2952 809 3012 caedem
840 2959 901 3011 et
926 2952 1180 3018 vulnera
1220 2951 1500 3035 sublatus
1543 2968 1620 3012 an
1653 2968 1731 3012 ex
1780 2950 2186 3027 trepidatione
2213 2964 2322 3010 no-

362 3042 575 3095 cturna
603 3042 797 3108 esset,
840 3036 1138 3096 confusus
1165 3052 1427 3110 *sensum
1454 3036 1584 3096 veri
1612 3036 1935 3097 adimebat.
1997 3034 2181 3109 igitur
2211 3049 2322 3107 pro

362 3135 431 3179 se
475 3120 741 3195 quisque
781 3119 1074 3194 inermeS‚
1132 3128 1198 3180 ut
1238 3119 1462 3195 quibus
1503 3120 1650 3179 nihil
1699 3120 1924 3180 hostile
1963 3124 2324 3193 suspectum

361 3210 547 3276 esset,
601 3203 883 3264 omnibus
937 3204 1157 3279 portiS,
1214 3219 1338 3279 qua
1386 3202 1610 3279 cuique
1651 3202 1996 3279 proximum
2036 3208 2194 3275 erat,
2247 3215 2324 3260 ea

360 3287 547 3347 modo
590 3302 750 3363 quae
778 3288 1215 3369 restinguendo
1246 3285 1372 3362 igni
1399 3287 1601 3349 forent
1627 3292 1972 3363 portanteS,
2009 3286 2071 3346 in
2101 3298 2320 3359 agmen

361 3369 701 3430 Romanum
740 3371 1015 3431 ruebant.
1089 3370 1313 3446 quibus
1345 3371 1546 3431 caesis
1579 3370 1861 3431 omnibus
1889 3376 2322 3445 praeterquam

363 3451 567 3513 hostili
608 3454 784 3528 odic,
828 3455 1006 3515 etiam
1046 3470 1124 3514 ne
1166 3454 1306 3529 quis
1351 3455 1600 3515 nuntius
1641 3452 1966 3529 effugeret,
2009 3451 2322 3525 externplo
