2550 3959
626 204 1067 263 l.lBER·XXX.
1113 201 1277 262 CAP.
1309 212 1395 263 42.
1441 210 1511 275 [a.
1539 208 1748 273 0201]
2055 202 2180 264 365

220 366 443 431 cerent,
468 355 695 417 finibus
718 354 1031 415 sociorum
1054 368 1175 412 non
1199 352 1588 421 excessisse3
1637 350 1890 411 dedisse
1913 367 2181 427 operam,

220 460 294 503 ne
347 441 593 518 impune
631 438 693 498 in
736 454 919 513 agros
962 452 1175 497 eorum
1216 436 1617 512 populatores
1660 436 2180 496 transcenderent.

221 525 547 601 Sopatrum
598 538 677 582 ex
717 522 1067 597 purpuratis
1108 528 1169 581 et
1211 518 1575 595 propinquis
1618 518 1782 593 regis
1826 534 2000 579 esse:
2045 535 2194 579 eum.

220 626 359 669 cum
414 614 701 684 quattuor
758 606 999 666 milibus
1050 604 1458 665 Macedonum
1508 610 1568 662 et
1618 604 1878 677 pecunia
1929 602 2182 663 missum

220 708 416 769 nuper
466 691 527 751 in
576 691 847 751 Africam
902 704 1045 750 esse
1095 688 1417 750 Hannibali
1473 692 1534 747 et
1585 686 2182 761 Carthaginiensibus

218 776 463 837 auxilio.
510 776 589 835 de
614 774 716 835 his⁴
740 774 928 834 rebus
952 773 1308 847 interrogati
1323 770 1702 831 Macedones
1729 786 1865 831 cum
1891 772 2184 847 perplexe

219 860 678 935 responderent,
710 874 913 932 neque
936 856 1055 931 ipsi
1078 856 1219 916 mite
1240 871 1615 931 responsum
1635 856 1928 915 tulerunt-2
1959 855 2184 915 bellum

218 942 515 1018 <quaerere
564 958 803 1018 regem,
855 949 917 1001 et
964 939 1020 1001 si
1063 946 1308 1016 pergat,
1360 939 1725 1015 propediem
1778 940 2183 999 inventurum.

219 1028 541 1101 dupliciter
582 1026 659 1085 ab
700 1040 775 1085 eo
802 1024 1039 1085 *foedus
1084 1024 1404 1098 violatum,
1447 1029 1509 1083 et
1549 1023 1718 1098 quod
1746 1022 1932 1084 sociis
1970 1024 2185 1098 populi

221 1109 475 1169 Romani
502 1110 753 1170 iniurias
784 1108 1011 1182 fecerit,
1029 1158 1037 1165 .
1058 1124 1131 1169 ac
1157 1108 1322 1169 bello
1353 1106 1663 1183 armisque
1691 1107 2094 1183 lacessiverit,
2126 1116 2186 1167 ct

220 1194 391 1267 quod
422 1193 632 1252 hostes
678 1192 921 1253 auxiliis
950 1200 1012 1253 et
1038 1190 1571 1268 pecuniaiuverit.
1645 1196 1708 1251 et
1732 1190 1796 1249 P.
1829 1190 2184 1267 Scipionem

220 1287 387 1336 recte
415 1286 599 1351 atque
628 1276 840 1337 ordine
872 1278 1099 1337 fecisse
1124 1275 1321 1335 videri
1353 1285 1412 1336 et
1439 1277 1660 1349 lace-re,
1709 1274 1876 1351 quod
1907 1290 2040 1350 eoS,
2077 1276 2183 1351 qui

216 1376 387 1419 arma
426 1368 643 1421 contra
682 1362 980 1435 populum
1009 1361 1355 1421 Romanum
1396 1361 1662 1421 ferentes
1694 1359 1855 1435 capti
1886 1358 2035 1431 sint,
2075 1358 2183 1419 ho-

219 1445 399 1503 stium
449 1460 701 1504 numero
746 1443 807 1502 in
860 1443 1076 1503 vinclis
1126 1442 1378 1517 habeat,
1431 1450 1494 1503 et
1529 1442 1611 1503 Μ.
1641 1442 1960 1503 Aurelium
1999 1458 2078 1501 ex
2117 1458 2186 1501 re

218 1527 465 1602 publica
485 1529 707 1601 facere,
722 1532 1085 1601 gratumque
1106 1526 1171 1585 id
1192 1526 1434 1587 senatui
1464 1540 1626 1599 esse,
1645 1526 1814 1600 quod
1837 1525 2047 1586 socios
2069 1541 2184 1599 po—

216 1611 345 1687 puli
362 1610 635 1685 Romani,
654 1610 901 1687 quando
916 1611 1047 1671 iure
1062 1609 1332 1670 foederis
1347 1626 1472 1670 non
1489 1610 1706 1684 possit,
1726 1609 1909 1669 armis
1923 1616 2184 1669 tueatur.

386 1695 534 1755 Cum
563 1694 681 1755 hoc
728 1702 850 1753 tam
894 1693 1049 1753 tristi
1088 1708 1396 1769 responso
1439 1692 1710 1753 dimissis
1739 1691 2184 1753 Macedonibus

219 1778 400 1853 legati
424 1776 957 1853 Carthaginienses
989 1776 1225 1848 vocati;
1262 1792 1523 1853 quorum
1546 1775 1850 1841 aetatibus
1881 1774 2184 1852 dignitati—

219 1863 461 1937 busque
502 1861 857 1939 conspectis
886 1894 973 1907 --
998 1878 1141 1922 nam
1170 1862 1356 1937 longe
1399 1860 1580 1936 primi
1609 1859 1871 1923 civitatis
1903 1870 2076 1921 erant
2103 1890 2188 1900 —-

218 1955 341 2006 tum
365 1962 477 2021 pro
502 1962 571 2006 se
589 1945 855 2021 quisque
870 1945 1080 2007 dicere
1104 1961 1251 2007 vere
1268 1947 1348 2006 dc
1373 1960 1526 2021 pace
1550 1943 1668 2019 agi.
1699 1943 1958 2021 insignis
1984 1953 2184 2006 tamen

216 2028 373 2091 inter
402 2038 643 2091 ceteros
664 2031 1013 2093 Hasdrubal
1034 2038 1164 2093 erat
1181 2061 1265 2075 ---
1287 2030 1567 2091 Haedum
1592 2031 1930 2105 populares
1955 2044 2184 2103 cogno·

218 2112 379 2172 mine
393 2114 791 2187 appellabant
804 2150 886 2159 —-
902 2113 1080 2190 pacis
1104 2131 1352 2191 semper
1365 2122 1580 2175 auctor
1592 2114 2026 2189 adversusque
2037 2112 2182 2173 Bar-

218 2194 393 2255 cinae
418 2194 687 2255 l'actioni.
716 2213 792 2256 eo
819 2207 945 2257 tum
968 2199 1111 2272 plus
1134 2196 1221 2257 illi
1242 2195 1622 2259 auctoritatis
1649 2194 1760 2257 luit
1780 2195 1925 2257 belli
1939 2198 2184 2272 culpam

216 2278 279 2339 in
321 2292 661 2353 paucorum
702 2278 1099 2353 cupiditatem
1138 2282 1217 2341 ab
1247 2296 1318 2340 re
1344 2279 1594 2355 publica
1623 2280 2034 2343 transferenti.
2081 2279 2184 2356 qui

218 2380 357 2423 cum
400 2360 571 2422 varia
612 2360 890 2423 oratione
932 2380 1087 2424 usus
1118 2372 1316 2437 esset,
1361 2380 1526 2425 nunc
1555 2364 1880 2439 purgando
1912 2363 2184 2436 crimina,

220 2462 379 2507 nunc
422 2446 727 2523 quaedam
770 2447 1017 2507 fatendo
1033 2492 1049 2520 ,
1090 2462 1169 2507 ne
1197 2445 1584 2522 impudenter
1621 2456 1792 2507 certa
1817 2447 2185 2523 negantibus

216 2528 526 2591 difficilior
556 2528 737 2591 venia
778 2538 974 2605 esset,
1018 2546 1184 2591 nunc
1225 2532 1532 2592 monendo
1575 2530 1760 2592 etiam
1799 2540 2009 2608 patres
2037 2548 2186 2594 eon-

219 2614 503 2691 scriptoS,
522 2622 588 2675 ut
600 2614 786 2675 rebus
811 2612 1105 2675 secundis
1118 2615 1400 2675 modeste
1413 2631 1488 2675 ac
1501 2616 1818 2677 moderate
1837 2624 2154 2677 uterentur
2169 2638 2184 2672 t

222 2697 273 2757 si
289 2716 360 2759 se
372 2706 561 2774 atque
573 2699 937 2759 Hannonem
950 2695 1273 2759 audissent
1288 2697 1820 2774 Carthaginienses
1835 2706 1896 2759 et
1907 2707 2184 2775 tempore

219 2780 303 2843 uti
332 2780 691 2857 voluissent,
714 2783 967 2843 daturos
991 2778 1188 2843 fuisse
1214 2779 1392 2857 pacis
1415 2778 1836 2857 condiciones„
1861 2798 2019 2858 quas
2041 2791 2186 2846 tunc

221 2873 515 2941 peterent.
543 2881 685 2927 raro
706 2864 887 2929 simul
908 2863 1263 2927 hominibus
1274 2865 1502 2937 bonam
1513 2866 1822 2927 fortunam
1832 2865 2185 2941 bonam-que

220 2958 483 3011 mentem
510 2948 672 3011 dari:
712 2951 1013 3026 populum
1032 2950 1380 3011 Romanurn
1403 2965 1479 3011 eo
1504 2947 1796 3010 invictum
1819 2965 1982 3023 esse,
2017 2950 2184 3025 quod

220 3032 281 3092 in
311 3033 605 3095 secundis
633 3033 822 3095 rebus
846 3049 1077 3110 ,sapere
1106 3040 1169 3093 et
1196 3034 1523 3095 consulere
1551 3032 1913 3094 meminerit.
1961 3042 2023 3094 et
2047 3032 2180 3092 her-

199 3118 357 3194 cule
384 3116 727 3180 mirandum
754 3116 969 3191 ruisse,
998 3116 1055 3179 si
1080 3114 1258 3179 aliter
1279 3118 1526 3177 faceret.
1573 3132 1656 3177 ex
1675 3115 2018 3189 insolentia,
2051 3115 2182 3191 qui·

224 3202 339 3263 bus
368 3216 533 3262 nova
570 3203 738 3263 bona
764 3202 1007 3263 fortuna
1034 3200 1143 3276 sit,
1186 3201 1556 3277 impotentes
1586 3198 1852 3263 laetitiae
1881 3199 2181 3261 insanire:

224 3286 455 3360 populo
484 3285 763 3347 Romano
794 3285 1017 3348 usitata
1042 3300 1118 3347 ac
1149 3301 1347 3361 prope
1377 3284 1500 3346 iam
1523 3285 1806 3348 obsoleta
1827 3301 1904 3346 ex
1927 3282 2183 3345 victoria

220 3368 445 3443 gaudia
466 3384 628 3441 esse,
646 3384 721 3430 ac
742 3371 884 3445 plus
909 3385 1106 3447 paene
1131 3370 1444 3445 parcendo
1468 3367 1648 3432 victis
1674 3386 1854 3447 quam
1878 3368 2183 3429 vincendo

220 3448 541 3526 imperium
558 3451 832 3515 auxisse.
868 3464 1212 3517 ceterorum
1234 3453 1644 3515 miserabilior
1666 3451 1860 3515 oratio
1885 3451 1999 3514 luit
2018 3468 2179 3513 com·
