2550 3959
352 226 474 290 104
680 226 912 287 LLBER
938 224 1154 285 XXVl.
1198 224 1519 286 CAP.2.s.
1565 230 1639 297 [a.
1665 228 1734 281 U.
1759 246 1806 309 c.
1831 228 1958 297 ⁵41]

346 383 619 456 hostem,
662 395 779 441 nec
820 379 897 440 ab
926 378 1267 439 Hannibale
1309 378 1426 437 sed
1452 378 1530 438 ab
1559 378 1930 453 imperatore
1957 396 2075 442 suo
2107 382 2308 443 victos

346 480 510 527 esse.
566 464 901 537 neminem,
945 478 1084 522 cum
1111 460 1474 537 suffragium
1501 461 1694 536 ineat,
1725 462 1876 523 satis
1907 478 2184 539 cernere,
2208 465 2307 527 cui

344 548 684 626 imperium,
715 547 814 608 cui
842 546 1177 607 exercitum
1204 544 1528 621 permittat.
1598 545 1748 619 quid
1775 546 2130 608 interfuisse
2158 549 2314 611 inter

342 633 471 694 Tib.
532 630 1007 707 Sempronium?
1076 644 1215 690 cum
1270 628 1330 688 ei
1386 643 1708 689 servorum
1763 630 2070 692 exercitus
2131 632 2312 694 datus

344 723 543 791 esset,
584 715 757 775 brevi
798 712 1085 774 effecisse
1133 712 1462 788 disciplina
1490 718 1676 787 atque
1703 712 1993 791 imperio,
2034 722 2103 776 ut
2127 730 2312 778 nemo

343 816 558 861 eorum
586 798 832 874 generis
860 812 935 857 ae
958 796 1275 871 sanguinis
1302 797 1398 857 sui
1419 812 1654 857 memor
1673 796 1736 857 in
1760 797 1893 857 acie
1917 805 2102 875 esset,
2131 814 2313 875 prae-

344 884 504 947 sidio
536 882 745 957 sociiS,
787 882 1071 943 hostibus
1099 882 1318 941 terrori
1350 887 1592 951 essent3
1643 881 1862 942 Cumas
1891 882 2312 945 Beneventum

343 968 622 1042 aliasque
669 964 857 1027 urbes
908 980 1021 1027 eos
1060 966 1229 1026 velut
1269 980 1306 1025 e
1345 964 1623 1025 faucibus
1664 965 2024 1027 Hannibalis
2067 975 2312 1043 ereptas

344 1052 581 1128 populo
612 1044 894 1111 Romano
934 1048 1313 1111 restituisse:
1370 1048 1474 1109 Cn.
1509 1047 1789 1110 Fulvium
1831 1049 2147 1125 Quiritium
2185 1052 2312 1113 Ro-

342 1151 665 1197 manorum
692 1134 1043 1209 exercitum,
1072 1132 1334 1195 honeste
1356 1133 1617 1208 genitoS,
1647 1132 1973 1194 liberaliter
1997 1135 2316 1211 educatos,

342 1218 671 1281 servilibus
699 1217 862 1279 vitiis
892 1217 1209 1278 imbuisse.
1259 1232 1408 1291 ergo
1440 1216 1728 1277 effecisse
1755 1223 1828 1278 ut·
1849 1219 2096 1279 seroces
2127 1225 2188 1280 et
2212 1220 2304 1279 in—

344 1304 529 1380 quieti
559 1302 714 1364 inter
740 1302 984 1375 socios»,
1014 1302 1222 1377 ignavi
1255 1307 1318 1361 et
1343 1300 1620 1361 imbelles
1651 1300 1809 1361 inter
1835 1301 2050 1363 hostes
2079 1310 2305 1381 essent,

342 1403 457 1448 nec
498 1387 791 1463 impetum
832 1385 1018 1446 modo
1048 1384 1396 1445 Poenorum
1437 1384 1550 1445 sed
1593 1398 1672 1444 ne
1702 1384 2032 1447 clamorem
2059 1386 2308 1463 quidem

342 1471 651 1533 sustinere
682 1476 961 1545 possent.
1008 1484 1123 1529 nec
1152 1467 1404 1532 hercule
1431 1469 1651 1529 mirum
1679 1457 1825 1529 es'se
1853 1471 2126 1531 cessisse
2155 1471 2304 1531 mili-

342 1562 433 1615 tes
462 1554 525 1615 in
552 1554 703 1627 acie,
735 1568 873 1613 cum
894 1552 1131 1629 primus
1156 1552 1426 1614 omnium
1447 1552 1782 1628 imperator
1803 1553 2068 1629 fugeret=
2111 1555 2308 1630 magis

342 1638 546 1699 mirari
576 1652 648 1697 se
674 1636 919 1712 aliqu-os
950 1643 1181 1697 stantes
1212 1636 1535 1711 cecidisse,
1565 1622 1781 1698 et¹non
1814 1652 2026 1699 omnes
2051 1638 2312 1701 comites

342 1723 447 1784 Cn.
476 1721 675 1783 Fulvii
703 1721 896 1781 fuisse
926 1722 1176 1797 pavoris
1198 1736 1274 1780 ae
1304 1722 1504 1795 fugae.
1557 1719 1619 1781 G.
1649 1720 2024 1797 Flaminium,
2055 1722 2121 1781 L.
2151 1720 2308 1783 Pau·

339 1808 496 1883 lum,
538 1806 606 1865 L.
636 1805 1041 1877 Postumium,
1088 1806 1193 1865 Cn.
1234 1820 1310 1865 ac
1351 1804 1417 1863 P.
1450 1801 1776 1879 Scipiones
1819 1805 2044 1865 cadere
2084 1806 2147 1865 in
2175 1806 2311 1867 acie

340 1890 636 1953 maluisse
664 1905 849 1966 quam
878 1889 1169 1951 deserere
1197 1887 1648 1951 circumventos
1671 1888 2008 1951 exercitus:
2041 1890 2145 1949 Cn.
2167 1887 2308 1951 Ful-

340 1975 507 2035 vium
547 1988 748 2049 prope
792 1990 979 2033 unum
1022 1972 1299 2034 nuntium
1339 1972 1523 2033 deleti
1567 1973 1874 2035 exercitus
1913 1974 2172 2035 Romam
2209 1989 2308 2034 re-

340 2058 531 2119 disse.
562 2056 801 2117 facinus
823 2056 1141 2132 indignum
1164 2072 1328 2132 esse,
1354 2056 1739 2119 Cannensem
1757 2057 2110 2133 exerciturm
2136 2058 2305 2133 qnod

340 2158 421 2201 ex
454 2141 587 2201 acie
616 2140 865 2216 sugerit,
895 2140 958 2200 in
992 2139 1263 2201 Siciliam
1293 2141 1707 2216 deportatum,
1737 2156 1818 2201 ne
1843 2139 2017 2217 prius
2045 2140 2188 2202 inde
2217 2142 2307 2202 di-

340 2226 605 2287 mittatur
646 2240 829 2299 quam
870 2224 1069 2285 hostis
1100 2239 1179 2284 ex
1205 2225 1379 2285 ltalia
1405 2226 1772 2299 decesserit,
1819 2233 1878 2286 et
1904 2224 2024 2285 hoc
2053 2224 2216 2285 idem
2247 2225 2308 2285 in

340 2309 447 2370 Cn.
476 2308 674 2370 Fulvii
711 2309 1058 2383 legionibus
1103 2324 1302 2384 nuper
1329 2310 1672 2369 decretumz
1719 2309 1824 2369 Cn.
1851 2308 2067 2369 Fulvio
2098 2306 2308 2384 fugam

340 2409 419 2453 ex
461 2392 697 2469 proelio
743 2392 943 2468 ipsius
984 2392 1322 2456 temeritate
1362 2392 1691 2455 commisso
1731 2392 2087 2469 impunitam
2128 2408 2312 2463 esse;

340 2484 401 2539 et
426 2494 569 2539 eum
594 2477 659 2537 in
687 2492 889 2553 ganea
914 2477 1268 2555 lustrisque,
1300 2477 1406 2539 ubi
1434 2477 1745 2538 iuventam
1775 2478 1996 2553 egerit,
2024 2485 2308 2538 senectu-

339 2569 461 2623 tem
490 2570 799 2625 acturum=
840 2562 1063 2623 milites
1078 2608 1095 2634 ,
1146 2562 1251 2637 qui
1280 2561 1428 2622 nihil
1458 2561 1624 2623 aliud
1655 2560 2076 2636 peccaverint,
2120 2574 2313 2637 quam

338 2647 508 2723 quod
537 2645 923 2721 imperatoris
954 2644 1185 2707 similes
1214 2644 1454 2719 suerint,
1483 2646 1790 2720 relegatos
1821 2660 2022 2720 prope
2048 2644 2111 2705 in
2139 2644 2308 2705 exsi-

336 2729 485 2790 lium
522 2728 993 2804 ignominiosam
1032 2729 1156 2805 pati
1196 2728 1484 2789 militiam.
1553 2728 1712 2789 adeo
1741 2729 2038 2805 imparem
2064 2727 2310 2789 liberta-

339 2819 460 2875 tem
496 2814 732 2875 Romae
769 2812 877 2873 diti
916 2828 993 2873 ac
1033 2811 1321 2887 pauperi,
1372 2812 1672 2874 honorato
1715 2820 1900 2889 atque
1939 2812 2310 2876 inhonorato

338 2912 501 2959 esse.
558 2896 659 2955 111.
704 2912 851 2957 reus
882 2895 959 2956 ab
989 2910 1061 2957 se
1090 2896 1335 2971 culpam
1362 2896 1422 2956 in
1454 2896 1673 2957 milites
1703 2895 2146 2958 transferebat=
2191 2910 2306 2957 eos

339 2980 625 3041 ferociter
666 2995 935 3055 pugnam
977 2985 1312 3057 poscentes
1347 2981 1682 3057 productos
1711 2980 1776 3041 in
1803 2980 2030 3054 aciem,
2074 2996 2199 3041 nen
2226 2995 2306 3041 eo

340 3080 465 3139 quo
494 3063 829 3136 voluerint,
863 3064 1010 3140 quia
1037 3080 1245 3126 serum
1275 3064 1397 3125 diei
1427 3064 1636 3140 suerit,
1667 3065 1782 3127 sed
1811 3072 2064 3141 postero
2095 3063 2215 3137 die,
2249 3072 2314 3125 et

339 3155 615 3223 tempore
664 3155 730 3208 et
761 3148 901 3208 loco
950 3164 1152 3225 aequo
1193 3150 1528 3210 instructos
1545 3194 1560 3221 ‚
1611 3164 1727 3210 seu
1767 3150 1988 3209 samam
2013 3164 2146 3208 seu
2184 3148 2310 3208 vim

338 3230 607 3293 hostium
630 3247 755 3293 non
786 3232 1177 3294 sustinuisse.
1250 3247 1390 3292 eum
1417 3231 1617 3294 effuse
1647 3247 1862 3293 omnes
1892 3233 2204 3308 fugerent,
2233 3246 2310 3291 se

340 3330 593 3390 quoque
620 3316 796 3377 turba
824 3316 1115 3390 ablatum,
1156 3323 1225 3377 ut
1254 3316 1599 3376 Varronem
1627 3316 1931 3377 Cannensi
1957 3331 2200 3391 pugna,
2241 3320 2312 3375 ut

338 3399 565 3459 multos
594 3398 751 3460 alios
779 3399 1205 3475 imperatores.
1280 3399 1385 3475 qui
1414 3406 1618 3459 autem
1645 3400 1848 3461 solum
1875 3416 1948 3461 se
1973 3406 2312 3460 restantem

337 3481 645 3557 prodesse
670 3483 761 3543 rei
800 3482 1119 3561 publicae,
1164 3480 1284 3544 nisi
1313 3481 1368 3543 si
1396 3498 1564 3545 mors
1593 3498 1712 3545 sua
1735 3483 2010 3545 remedio
2039 3482 2310 3559 publicis
