2550 3959
560 248 787 311 LIBER
813 248 1028 311 xxvl.
1080 248 1243 307 CAP.
1276 256 1483 341 ²9·„3⁰·
1527 249 1688 326 [ae.
1719 252 1846 329 210]
2057 248 2188 315 13⁵

204 404 548 480 brataeque
576 402 997 479 sermonibu8‚
1044 418 1197 475 quos
1232 400 1449 477 partim
1492 400 1913 462 misericordia
1942 402 2180 465 Siculo·
2276 406 2292 423 ‘

204 506 342 550 rum
382 488 603 566 partim
646 488 875 548 invidia
900 484 1175 549 Marcelli
1208 484 1539 560 excitabat,
1583 484 1644 544 in
1675 492 1954 547 senatum
1997 487 2175 548 etiam

206 581 640 649 pervenerunt.
707 574 1079 649 postulatum
1126 584 1162 627 a
1192 568 1548 629 consulibus
1579 576 1690 645 est,
1735 576 1802 630 ut
1831 570 1908 631 de
1936 586 2176 647 permu-

205 657 408 717 tandis
436 656 773 732 provinciis
803 661 1084 716 senatum
1118 654 1525 717 consulerent.
1594 652 1940 726 Marcellus,
1973 656 2027 715 si
2056 656 2175 715 iam

205 740 395 802 auditi
420 740 498 800 ab
520 747 735 801 senatu
750 738 939 800 Siculi
959 754 1065 801 ess
1076 743 1191 809 ent,
1219 736 1399 797 aliam
1422 736 1677 797 forsitan
1699 738 1960 798 futuram
1982 738 2174 799 fuisse

206 825 571 886 sententiam
599 840 774 885 suam
803 824 1043 885 dicere=
1079 835 1256 892 nunc,
1289 836 1368 881 ne
1397 820 1536 895 quis
1569 822 1781 881 timore
1811 822 2034 884 frenari
2062 838 2173 883 eos

206 910 416 969 dicere
444 916 681 984 posset,
714 924 838 984 quo
860 907 1061 967 minus
1098 906 1175 963 de
1205 920 1282 965 eo
1306 904 1494 964 libere
1527 913 1874 981 querantur,
1903 907 1965 967 in
1996 907 2171 970 cuius

206 999 515 1069 potestate
542 1007 689 1053 mox
716 991 898 1053 futuri
928 989 1065 1067 sint,
1098 989 1149 1048 si
1182 989 1456 1063 collegae
1483 988 1632 1073 nihil
1659 989 1910 1066 intersit,
1942 998 2174 1055 mutare

206 1093 274 1137 se
316 1074 701 1153 provinciam
740 1081 1019 1152 paratum
1062 1088 1223 1133 csse.
1290 1073 1609 1147 deprecari
1639 1080 1889 1134 senatus
1931 1078 2172 1151 praeiu-

204 1160 466 1220 dieium=
519 1176 659 1219 nam
702 1165 845 1219 cum·
880 1167 1054 1220 extra
1102 1164 1330 1217 sortem
1371 1156 1646 1233 collegae
1689 1160 2000 1233 optionem
2041 1161 2168 1220 dar'

204 1244 564 1321 provinciae
590 1244 865 1320 iniquum
890 1244 1083 1318 suerit,
1122 1248 1349 1317 quanto
1370 1241 1663 1303 maiorem
1687 1240 1963 1302 iniuriam
1987 1244 2169 1304 immo

203 1328 633 1390 contumeliam
675 1344 848 1401 esse,
894 1335 1123 1389 sortem
1164 1341 1340 1386 suam
1385 1325 1464 1385 ad
1507 1339 1647 1385 eum
1673 1325 2031 1386 transferri?
2090 1328 2172 1387 ita

199 1419 493 1488 senatus,
537 1428 677 1474 cum
707 1412 853 1487 quid
896 1411 1167 1487 placeret
1206 1408 1402 1485 magis
1449 1410 1823 1471 ostendisset
1853 1426 2034 1487 quam
2063 1412 2168 1471 de-

202 1500 471 1571 cresset,
514 1495 841 1557 dimittitur.
907 1496 1063 1556 inter
1102 1496 1277 1571 ipsos
1313 1496 1602 1556 consules
1632 1494 1994 1571 permutatio
2028 1512 2169 1573 pro·

204 1580 561 1654 vinciarum‚
605 1581 879 1657 rapiente
908 1582 1033 1641 fato
1062 1576 1420 1640 Marcellum
1449 1578 1530 1641 ad
1558 1578 1977 1655 Hannibalem,
2007 1581 2168 1641 sacta

198 1672 315 1738 est,
358 1670 427 1725 ut
454 1678 533 1723 ex
566 1680 688 1741 quo
712 1665 943 1741 primus
968 1672 1111 1739 post
1138 1671 1227 1724 tot
1257 1663 1556 1723 adversas
1587 1664 1898 1725 secundae
1926 1680 2168 1740 pugnae

202 1746 461 1824 gloriam
502 1757 779 1825 ceperat,
825 1748 883 1807 in
927 1748 1061 1809 eius
1088 1747 1338 1807 laudem
1378 1754 1726 1822 postremus
1752 1746 2166 1809 Romanorum

200 1833 665 1909 imperatorum,
710 1832 1027 1908 prosperis
1071 1838 1195 1892 tum
1240 1830 1502 1891 maxime
1541 1828 1777 1891 bellicis
1803 1830 2020 1906 rebuS,
2067 1847 2159 1892 ca

197 1918 394 1978 deret.
2158 1945 2164 1957 ι

369 1999 553 2062 ΧΧΧ.
611 1999 965 2060 Permutatis
999 1997 1336 2077 provinciis
1335 1964 1600 2060 '‘Siculi
1583 2017 1644 2059 in
1675 1994 1952 2062 senatum
1982 1999 2167 2061 intro·

200 2084 370 2147 ducti
399 2083 589 2145 multa
615 2084 695 2144 de
709 2083 993 2145 Hieronis
1022 2086 1187 2183 regis
1218 2082 1346 2145 fide
1368 2091 1666 2160 perpetua
1695 2100 1842 2161 erga
1870 2085 2166 2160 populum

204 2172 547 2230 Romanum
568 2168 760 2227 verba
784 2169 1074 2240 fecerunt,
1106 2170 1167 2229 in
1188 2168 1445 2245 gratiam
1469 2168 1776 2245 publicam
1796 2176 2163 2231 avertentes.

201 2254 643 2329 Hieronymum
683 2267 757 2313 ac
800 2261 1017 2327 postea
1044 2252 1463 2329 Hippocraten
1507 2260 1690 2328 atque
1717 2250 2038 2329 Epicyden
2071 2258 2164 2329 ty-

200 2352 434 2409 rannos
464 2352 598 2398 cum
632 2334 711 2397 ob
742 2336 860 2397 alia
888 2345 1013 2397 tum
1042 2343 1300 2414 propter
1329 2336 1734 2397 defectionem
1763 2335 1841 2395 ab
1869 2337 2163 2397 Romanis

200 2421 285 2481 ad
299 2420 697 2481 Hannibalem
727 2420 961 2481 invisos
995 2422 1188 2482 fuisse
1223 2420 1360 2480 sibi.
1400 2417 1482 2480 ob
1510 2437 1645 2480 eam
1675 2435 1926 2480 causam
1954 2420 2164 2480 etHie·

199 2521 529 2581 ronymuni
560 2521 597 2564 a
624 2504 1007 2583 principibus
1046 2503 1377 2565 iuventutis
1408 2520 1604 2579 prope
1637 2501 1879 2579 publico
1910 2502 2162 2564 consilio

200 2587 616 2663 interfectum,
674 2596 737 2649 et
774 2588 833 2649 in
872 2589 1173 2678 Epicydis
1216 2587 1735 2663 Hippocratisque
1777 2586 2029 2650 eaedem
2069 2600 2166 2647 se·

202 2672 517 2749 ptuaginta
545 2668 1062 2734 nobilissimorum
1092 2674 1197 2733 iuv
1200 2688 1384 2732 enum
1413 2672 1890 2739 coniurationem
1915 2672 2164 2741 factam,

200 2772 369 2832 quos
396 2756 667 2818 Marcelli
707 2772 881 2817 mora
925 2758 1282 2831 destitutOS,
1331 2756 1473 2831 quia
1502 2755 1582 2816 ad
1616 2755 1991 2830 praedictum
2020 2762 2168 2814 tem-

201 2858 325 2915 pus
380 2842 708 2901 exercitum
759 2842 837 2900 ad
892 2836 1239 2919 Syracusas
1297 2856 1418 2900 non
1471 2838 1877 2914 admovisset,
1919 2838 2166 2897 indicio

198 2927 369 2984 sacto
404 2940 618 2987 omnes
648 2924 727 2983 ab
754 2926 1032 3003 tyrannis
1063 2916 1437 2986 interlectos.
1495 2940 1631 2983 eam
1661 2937 1908 3000 quoque
1933 2919 2166 2998 Hippo-

194 3008 391 3068 cratis
420 3015 481 3068 et
505 3008 801 3084 Epicydis
832 3008 1213 3086 tyrannidem
1246 3008 1597 3069 Mircellum
1642 3006 1947 3067 excitasse
1971 3006 2170 3067 Leon-

196 3091 347 3152 tinis
378 3092 703 3151 crudeliter
731 3092 1006 3167 direptis.
1077 3110 1217 3153 nun:
1230 3106 1412 3166 quam
1444 3090 1670 3151 deinde
1709 3090 2018 3166 principes
2050 3088 2167 3165 Sy-

198 3190 647 3237 racusanoium
691 3174 935 3236 desisse
977 3176 1056 3236 ad
1085 3176 1441 3235 Marcellum
1469 3174 1729 3235 transire
1769 3172 2168 3249 pollicerique

195 3275 278 3319 se
318 3258 561 3335 urbem,
604 3274 741 3320 cum
784 3261 997 3333 v,ellet
1042 3260 1099 3319 ei
1136 3259 1503 3330 traditurOS,
1549 3258 1663 3318 sed
1702 3272 1841 3319 eum
1879 3254 2076 3332 primo
2104 3254 2166 3315 vi

194 3358 431 3419 capere
470 3342 795 3414 maluisse;
842 3343 1015 3418 dein,
1062 3360 1199 3403 cum
1247 3343 1308 3401 id
1356 3356 1554 3416 neque
1583 3347 1744 3401 terra
1771 3340 1922 3400 mari
1964 3339 2168 3401 omnia

194 3433 497 3503 expertus
528 3425 858 3501 potuisset,
904 3435 1187 3489 auctores
1220 3426 1572 3486 traditarum
1603 3422 2051 3500 Syracusarum
2079 3424 2165 3485 l'a·

199 3509 377 3569 brum
406 3510 709 3571 aerarium
741 3508 943 3570 Sosim
973 3517 1033 3571 et
1059 3510 1397 3570 Moericum
1426 3508 1766 3583 Hispanum
1797 3525 1978 3583 quam
2007 3506 2167 3585 prin-
