<?xml version="1.0" encoding="UTF-8"?>
<!DOCTYPE html PUBLIC "-//W3C//DTD XHTML 1.0 Transitional//EN"
    "http://www.w3.org/TR/xhtml1/DTD/xhtml1-transitional.dtd">
<html xmlns="http://www.w3.org/1999/xhtml" xml:lang="en" lang="en">
 <head>
  <title>
</title>
<meta http-equiv="Content-Type" content="text/html;charset=utf-8" />
  <meta name='ocr-system' content='tesseract 3.04.00' />
  <meta name='ocr-capabilities' content='ocr_page ocr_carea ocr_par ocr_line ocrx_word'/>
</head>
<body>
  <div class='ocr_page' id='page_1' title='image "./aburbeconditali13livygoog_0361.png"; bbox 0 0 2550 3959; ppageno 0'>
   <div class='ocr_carea' id='block_1_1' title="bbox 337 222 1977 297">
    <p class='ocr_par' dir='ltr' id='par_1_1' title="bbox 337 222 1977 297">
     <span class='ocr_line' id='line_1_1' title="bbox 337 222 1977 297; baseline 0.001 -9"><span class='ocrx_word' id='word_1_1' title='bbox 337 224 470 289; x_wconf 73' lang='lat'>³34</span> <span class='ocrx_word' id='word_1_2' title='bbox 664 224 895 285; x_wconf 75' lang='lat' dir='ltr'><strong>LIBER</strong></span> <span class='ocrx_word' id='word_1_3' title='bbox 920 222 1103 285; x_wconf 83' lang='lat' dir='ltr'>XXX.</span> <span class='ocrx_word' id='word_1_4' title='bbox 1149 222 1316 285; x_wconf 81' lang='lat' dir='ltr'>CAP.</span> <span class='ocrx_word' id='word_1_5' title='bbox 1349 232 1438 287; x_wconf 77' lang='lat'>12.</span> <span class='ocrx_word' id='word_1_6' title='bbox 1463 230 1546 285; x_wconf 79' lang='lat'>13.</span> <span class='ocrx_word' id='word_1_7' title='bbox 1592 230 1666 297; x_wconf 72' lang='grc' dir='ltr'>[ι.</span> <span class='ocrx_word' id='word_1_8' title='bbox 1692 227 1760 284; x_wconf 83' lang='lat' dir='ltr'>tJ.</span> <span class='ocrx_word' id='word_1_9' title='bbox 1783 244 1832 283; x_wconf 87' lang='lat' dir='ltr'>c.</span> <span class='ocrx_word' id='word_1_10' title='bbox 1849 230 1977 297; x_wconf 78' lang='lat'>549]</span> 
     </span>
    </p>
   </div>
   <div class='ocr_carea' id='block_1_2' title="bbox 325 376 2298 3546">
    <p class='ocr_par' dir='ltr' id='par_1_2' title="bbox 334 376 2298 1790">
     <span class='ocr_line' id='line_1_2' title="bbox 340 376 2298 455; baseline 0 -16"><span class='ocrx_word' id='word_1_11' title='bbox 340 390 477 441; x_wconf 87' lang='lat' dir='ltr'>rum</span> <span class='ocrx_word' id='word_1_12' title='bbox 502 379 565 439; x_wconf 92' lang='lat' dir='ltr'>in</span> <span class='ocrx_word' id='word_1_13' title='bbox 585 378 890 437; x_wconf 89' lang='lat' dir='ltr'>Venerem</span> <span class='ocrx_word' id='word_1_14' title='bbox 920 391 1243 453; x_wconf 88' lang='lat' dir='ltr'>praeceps,</span> <span class='ocrx_word' id='word_1_15' title='bbox 1275 390 1485 436; x_wconf 89' lang='lat' dir='ltr'>amore</span> <span class='ocrx_word' id='word_1_16' title='bbox 1514 376 1796 451; x_wconf 87' lang='lat' dir='ltr'>captivae</span> <span class='ocrx_word' id='word_1_17' title='bbox 1823 377 2016 440; x_wconf 86' lang='lat' dir='ltr'>victor</span> <span class='ocrx_word' id='word_1_18' title='bbox 2045 384 2298 455; x_wconf 66' lang='lat' dir='ltr'>captusn</span> 
     </span>
     <span class='ocr_line' id='line_1_3' title="bbox 343 460 2296 537; baseline -0.001 -13"><span class='ocrx_word' id='word_1_19' title='bbox 343 463 489 526; x_wconf 83' lang='lat' dir='ltr'>data</span> <span class='ocrx_word' id='word_1_20' title='bbox 514 463 732 522; x_wconf 85' lang='lat' dir='ltr'>dextra</span> <span class='ocrx_word' id='word_1_21' title='bbox 758 461 821 520; x_wconf 91' lang='lat' dir='ltr'>in</span> <span class='ocrx_word' id='word_1_22' title='bbox 848 460 913 521; x_wconf 91' lang='lat' dir='ltr'>id</span> <span class='ocrx_word' id='word_1_23' title='bbox 944 462 1114 537; x_wconf 89' lang='lat' dir='ltr'>quod</span> <span class='ocrx_word' id='word_1_24' title='bbox 1140 461 1464 537; x_wconf 73' lang='lat' dir='ltr'>petebatur</span> <span class='ocrx_word' id='word_1_25' title='bbox 1492 460 1860 537; x_wconf 79' lang='lat' dir='ltr'>obligandae</span> <span class='ocrx_word' id='word_1_26' title='bbox 1887 462 2030 523; x_wconf 81' lang='lat' dir='ltr'>fidei</span> <span class='ocrx_word' id='word_1_27' title='bbox 2046 508 2064 536; x_wconf 89' lang='lat'>,</span> <span class='ocrx_word' id='word_1_28' title='bbox 2108 462 2170 524; x_wconf 90' lang='lat' dir='ltr'>in</span> <span class='ocrx_word' id='word_1_29' title='bbox 2199 479 2296 523; x_wconf 87' lang='lat' dir='ltr'>re·</span> 
     </span>
     <span class='ocr_line' id='line_1_4' title="bbox 340 544 2294 623; baseline 0.001 -18"><span class='ocrx_word' id='word_1_30' title='bbox 340 548 517 623; x_wconf 32' lang='lat' dir='ltr'>giam&amp;</span> <span class='ocrx_word' id='word_1_31' title='bbox 544 544 845 606; x_wconf 87' lang='lat' dir='ltr'>concedit.</span> <span class='ocrx_word' id='word_1_32' title='bbox 916 552 1037 605; x_wconf 79' lang='lat' dir='ltr'>tum</span> <span class='ocrx_word' id='word_1_33' title='bbox 1067 560 1205 605; x_wconf 78' lang='lat' dir='ltr'>vero</span> <span class='ocrx_word' id='word_1_34' title='bbox 1230 550 1514 620; x_wconf 77' lang='lat' dir='ltr'>reputare</span> <span class='ocrx_word' id='word_1_35' title='bbox 1541 560 1756 605; x_wconf 87' lang='lat' dir='ltr'>secum</span> <span class='ocrx_word' id='word_1_36' title='bbox 1783 545 1950 622; x_wconf 88' lang='lat' dir='ltr'>ipse,</span> <span class='ocrx_word' id='word_1_37' title='bbox 2004 562 2185 622; x_wconf 88' lang='lat' dir='ltr'>quem</span> <span class='ocrx_word' id='word_1_38' title='bbox 2215 550 2294 607; x_wconf 88' lang='lat' dir='ltr'>ad</span> 
     </span>
     <span class='ocr_line' id='line_1_5' title="bbox 341 626 2296 705; baseline 0.001 -16"><span class='ocrx_word' id='word_1_39' title='bbox 341 631 593 691; x_wconf 86' lang='lat' dir='ltr'>modum</span> <span class='ocrx_word' id='word_1_40' title='bbox 632 626 923 704; x_wconf 83' lang='lat' dir='ltr'>promissi</span> <span class='ocrx_word' id='word_1_41' title='bbox 964 628 1149 687; x_wconf 85' lang='lat' dir='ltr'>fidem</span> <span class='ocrx_word' id='word_1_42' title='bbox 1193 635 1550 703; x_wconf 80' lang='lat' dir='ltr'><strong>praestaret.</strong></span> <span class='ocrx_word' id='word_1_43' title='bbox 1615 628 1784 704; x_wconf 89' lang='lat' dir='ltr'>quod</span> <span class='ocrx_word' id='word_1_44' title='bbox 1829 645 1967 691; x_wconf 89' lang='lat' dir='ltr'>cum</span> <span class='ocrx_word' id='word_1_45' title='bbox 1997 632 2296 705; x_wconf 84' lang='lat' dir='ltr'>expedire</span> 
     </span>
     <span class='ocr_line' id='line_1_6' title="bbox 340 712 2296 789; baseline 0 -15"><span class='ocrx_word' id='word_1_46' title='bbox 340 730 463 774; x_wconf 88' lang='lat' dir='ltr'>non</span> <span class='ocrx_word' id='word_1_47' title='bbox 505 720 751 788; x_wconf 87' lang='lat' dir='ltr'>posset,</span> <span class='ocrx_word' id='word_1_48' title='bbox 794 712 872 771; x_wconf 88' lang='lat' dir='ltr'>ab</span> <span class='ocrx_word' id='word_1_49' title='bbox 914 726 1123 771; x_wconf 84' lang='lat' dir='ltr'>amore</span> <span class='ocrx_word' id='word_1_50' title='bbox 1160 712 1546 772; x_wconf 87' lang='lat' dir='ltr'>temerarium</span> <span class='ocrx_word' id='word_1_51' title='bbox 1585 718 1771 787; x_wconf 87' lang='lat' dir='ltr'>atque</span> <span class='ocrx_word' id='word_1_52' title='bbox 1809 712 2136 789; x_wconf 88' lang='lat' dir='ltr'>impudens</span> <span class='ocrx_word' id='word_1_53' title='bbox 2163 730 2296 775; x_wconf 89' lang='lat' dir='ltr'>mu·</span> 
     </span>
     <span class='ocr_line' id='line_1_7' title="bbox 340 794 2296 873; baseline 0.001 -16"><span class='ocrx_word' id='word_1_54' title='bbox 340 802 543 857; x_wconf 85' lang='lat' dir='ltr'>tuatur</span> <span class='ocrx_word' id='word_1_55' title='bbox 584 794 939 855; x_wconf 80' lang='lat' dir='ltr'>consilium=</span> <span class='ocrx_word' id='word_1_56' title='bbox 993 794 1238 869; x_wconf 77' lang='lat' dir='ltr'><strong>nuptias</strong></span> <span class='ocrx_word' id='word_1_57' title='bbox 1277 794 1340 854; x_wconf 87' lang='lat' dir='ltr'>in</span> <span class='ocrx_word' id='word_1_58' title='bbox 1381 810 1521 856; x_wconf 89' lang='lat' dir='ltr'>eum</span> <span class='ocrx_word' id='word_1_59' title='bbox 1549 796 1753 870; x_wconf 88' lang='lat' dir='ltr'>ipsum</span> <span class='ocrx_word' id='word_1_60' title='bbox 1779 796 1940 857; x_wconf 90' lang='lat' dir='ltr'>diem</span> <span class='ocrx_word' id='word_1_61' title='bbox 1969 796 2170 873; x_wconf 85' lang='lat' dir='ltr'>parari</span> <span class='ocrx_word' id='word_1_62' title='bbox 2198 813 2296 858; x_wconf 90' lang='lat' dir='ltr'>re-</span> 
     </span>
     <span class='ocr_line' id='line_1_8' title="bbox 342 878 2298 957; baseline 0.002 -18"><span class='ocrx_word' id='word_1_63' title='bbox 342 887 526 957; x_wconf 87' lang='lat' dir='ltr'>pente</span> <span class='ocrx_word' id='word_1_64' title='bbox 574 879 767 951; x_wconf 89' lang='lat' dir='ltr'>iubet,</span> <span class='ocrx_word' id='word_1_65' title='bbox 818 893 898 937; x_wconf 88' lang='lat' dir='ltr'>ne</span> <span class='ocrx_word' id='word_1_66' title='bbox 938 879 1087 953; x_wconf 85' lang='lat' dir='ltr'>quid</span> <span class='ocrx_word' id='word_1_67' title='bbox 1124 878 1500 953; x_wconf 86' lang='lat' dir='ltr'>relinqueret</span> <span class='ocrx_word' id='word_1_68' title='bbox 1538 879 1754 955; x_wconf 77' lang='lat' dir='ltr'>integri</span> <span class='ocrx_word' id='word_1_69' title='bbox 1795 887 1900 941; x_wconf 87' lang='lat' dir='ltr'>aut</span> <span class='ocrx_word' id='word_1_70' title='bbox 1941 881 2150 941; x_wconf 90' lang='lat' dir='ltr'>Laelio</span> <span class='ocrx_word' id='word_1_71' title='bbox 2193 888 2298 942; x_wconf 85' lang='lat' dir='ltr'>aut</span> 
     </span>
     <span class='ocr_line' id='line_1_9' title="bbox 340 960 2293 1040; baseline 0.001 -16"><span class='ocrx_word' id='word_1_72' title='bbox 340 964 460 1039; x_wconf 89' lang='lat' dir='ltr'>ipsi</span> <span class='ocrx_word' id='word_1_73' title='bbox 502 960 777 1037; x_wconf 79' lang='lat' dir='ltr'>Scipioni</span> <span class='ocrx_word' id='word_1_74' title='bbox 818 962 1179 1023; x_wconf 90' lang='lat' dir='ltr'>consulendi</span> <span class='ocrx_word' id='word_1_75' title='bbox 1220 962 1385 1023; x_wconf 88' lang='lat' dir='ltr'>velut</span> <span class='ocrx_word' id='word_1_76' title='bbox 1423 962 1484 1022; x_wconf 91' lang='lat' dir='ltr'>in</span> <span class='ocrx_word' id='word_1_77' title='bbox 1525 964 1860 1039; x_wconf 85' lang='lat' dir='ltr'>captivam,</span> <span class='ocrx_word' id='word_1_78' title='bbox 1909 980 2069 1040; x_wconf 86' lang='lat' dir='ltr'>quae</span> <span class='ocrx_word' id='word_1_79' title='bbox 2107 964 2293 1026; x_wconf 87' lang='lat' dir='ltr'>Masi-</span> 
     </span>
     <span class='ocr_line' id='line_1_10' title="bbox 340 1044 2292 1123; baseline 0.001 -16"><span class='ocrx_word' id='word_1_80' title='bbox 340 1046 549 1107; x_wconf 80' lang='lat' dir='ltr'>nissae</span> <span class='ocrx_word' id='word_1_81' title='bbox 577 1046 697 1107; x_wconf 86' lang='lat' dir='ltr'>iam</span> <span class='ocrx_word' id='word_1_82' title='bbox 724 1051 915 1121; x_wconf 88' lang='lat' dir='ltr'>nupta</span> <span class='ocrx_word' id='word_1_83' title='bbox 942 1046 1117 1105; x_wconf 86' lang='lat' dir='ltr'>foret.</span> <span class='ocrx_word' id='word_1_84' title='bbox 1188 1044 1366 1107; x_wconf 76' lang='lat' dir='ltr'>factis</span> <span class='ocrx_word' id='word_1_85' title='bbox 1395 1046 1622 1121; x_wconf 87' lang='lat' dir='ltr'>nuptiis</span> <span class='ocrx_word' id='word_1_86' title='bbox 1651 1048 2006 1123; x_wconf 86' lang='lat' dir='ltr'>supervenit</span> <span class='ocrx_word' id='word_1_87' title='bbox 2029 1048 2292 1121; x_wconf 85' lang='lat' dir='ltr'>Laelius,</span> 
     </span>
     <span class='ocr_line' id='line_1_11' title="bbox 340 1128 2294 1210; baseline 0.001 -19"><span class='ocrx_word' id='word_1_88' title='bbox 340 1136 403 1191; x_wconf 86' lang='lat' dir='ltr'>et</span> <span class='ocrx_word' id='word_1_89' title='bbox 429 1130 587 1192; x_wconf 87' lang='lat' dir='ltr'>adeo</span> <span class='ocrx_word' id='word_1_90' title='bbox 630 1144 753 1189; x_wconf 89' lang='lat' dir='ltr'>non</span> <span class='ocrx_word' id='word_1_91' title='bbox 798 1128 1201 1191; x_wconf 88' lang='lat' dir='ltr'>dissimulavit</span> <span class='ocrx_word' id='word_1_92' title='bbox 1227 1129 1574 1210; x_wconf 88' lang='lat' dir='ltr'>improbare</span> <span class='ocrx_word' id='word_1_93' title='bbox 1603 1146 1676 1192; x_wconf 88' lang='lat' dir='ltr'>se</span> <span class='ocrx_word' id='word_1_94' title='bbox 1705 1133 1958 1206; x_wconf 84' lang='lat' dir='ltr'>factum,</span> <span class='ocrx_word' id='word_1_95' title='bbox 2003 1140 2068 1193; x_wconf 85' lang='lat' dir='ltr'>ut</span> <span class='ocrx_word' id='word_1_96' title='bbox 2095 1132 2294 1207; x_wconf 88' lang='lat' dir='ltr'>primo</span> 
     </span>
     <span class='ocr_line' id='line_1_12' title="bbox 338 1212 2292 1293; baseline 0.001 -19"><span class='ocrx_word' id='word_1_97' title='bbox 338 1214 518 1275; x_wconf 86' lang='lat' dir='ltr'>etiam</span> <span class='ocrx_word' id='word_1_98' title='bbox 546 1228 687 1274; x_wconf 90' lang='lat' dir='ltr'>cum</span> <span class='ocrx_word' id='word_1_99' title='bbox 716 1212 1009 1293; x_wconf 78' lang='lat' dir='ltr'>Syphace</span> <span class='ocrx_word' id='word_1_100' title='bbox 1036 1220 1097 1273; x_wconf 86' lang='lat' dir='ltr'>et</span> <span class='ocrx_word' id='word_1_101' title='bbox 1124 1213 1346 1273; x_wconf 89' lang='lat' dir='ltr'>ceteris</span> <span class='ocrx_word' id='word_1_102' title='bbox 1375 1214 1634 1289; x_wconf 85' lang='lat' dir='ltr'>captivis</span> <span class='ocrx_word' id='word_1_103' title='bbox 1666 1214 1998 1276; x_wconf 78' lang='lat' dir='ltr'>deu-aetam</span> <span class='ocrx_word' id='word_1_104' title='bbox 2027 1230 2164 1275; x_wconf 85' lang='lat' dir='ltr'>eam</span> <span class='ocrx_word' id='word_1_105' title='bbox 2187 1231 2292 1291; x_wconf 89' lang='lat' dir='ltr'>ge-</span> 
     </span>
     <span class='ocr_line' id='line_1_13' title="bbox 337 1295 2284 1374; baseline 0.001 -17"><span class='ocrx_word' id='word_1_106' title='bbox 337 1298 481 1358; x_wconf 90' lang='lat' dir='ltr'>niali</span> <span class='ocrx_word' id='word_1_107' title='bbox 508 1297 741 1359; x_wconf 89' lang='lat' dir='ltr'>mittere</span> <span class='ocrx_word' id='word_1_108' title='bbox 768 1297 849 1357; x_wconf 89' lang='lat' dir='ltr'>ad</span> <span class='ocrx_word' id='word_1_109' title='bbox 871 1295 1225 1372; x_wconf 80' lang='lat' dir='ltr'>Scipionem</span> <span class='ocrx_word' id='word_1_110' title='bbox 1252 1304 1510 1359; x_wconf 86' lang='lat' dir='ltr'>conatus</span> <span class='ocrx_word' id='word_1_111' title='bbox 1541 1298 1640 1359; x_wconf 89' lang='lat' dir='ltr'>sit.</span> <span class='ocrx_word' id='word_1_112' title='bbox 1685 1299 1882 1359; x_wconf 87' lang='lat' dir='ltr'>victus</span> <span class='ocrx_word' id='word_1_113' title='bbox 1906 1298 2129 1359; x_wconf 85' lang='lat' dir='ltr'>deinde</span> <span class='ocrx_word' id='word_1_114' title='bbox 2151 1314 2284 1374; x_wconf 86' lang='lat' dir='ltr'>pre-</span> 
     </span>
     <span class='ocr_line' id='line_1_14' title="bbox 338 1380 2288 1456; baseline -0.001 -13"><span class='ocrx_word' id='word_1_115' title='bbox 338 1382 514 1443; x_wconf 88' lang='lat' dir='ltr'>cibus</span> <span class='ocrx_word' id='word_1_116' title='bbox 542 1380 909 1443; x_wconf 83' lang='lat' dir='ltr'>Masinissae</span> <span class='ocrx_word' id='word_1_117' title='bbox 939 1381 1186 1455; x_wconf 83' lang='lat' dir='ltr'>orantis,</span> <span class='ocrx_word' id='word_1_118' title='bbox 1218 1386 1287 1441; x_wconf 89' lang='lat' dir='ltr'>ut</span> <span class='ocrx_word' id='word_1_119' title='bbox 1311 1381 1640 1456; x_wconf 73' lang='lat' dir='ltr'>arbitrium,</span> <span class='ocrx_word' id='word_1_120' title='bbox 1673 1382 1864 1443; x_wconf 87' lang='lat' dir='ltr'>utrius</span> <span class='ocrx_word' id='word_1_121' title='bbox 1893 1396 2108 1456; x_wconf 85' lang='lat' dir='ltr'>regum</span> <span class='ocrx_word' id='word_1_122' title='bbox 2136 1383 2288 1443; x_wconf 80' lang='lat' dir='ltr'>duo-</span> 
     </span>
     <span class='ocr_line' id='line_1_15' title="bbox 336 1464 2286 1541; baseline 0.002 -16"><span class='ocrx_word' id='word_1_123' title='bbox 336 1481 473 1525; x_wconf 88' lang='lat' dir='ltr'>rum</span> <span class='ocrx_word' id='word_1_124' title='bbox 520 1464 801 1525; x_wconf 84' lang='lat' dir='ltr'>fortunae</span> <span class='ocrx_word' id='word_1_125' title='bbox 848 1464 1129 1525; x_wconf 80' lang='lat' dir='ltr'>accessio</span> <span class='ocrx_word' id='word_1_126' title='bbox 1172 1464 1532 1539; x_wconf 88' lang='lat' dir='ltr'>Sophoniba</span> <span class='ocrx_word' id='word_1_127' title='bbox 1569 1473 1768 1540; x_wconf 87' lang='lat' dir='ltr'>esset,</span> <span class='ocrx_word' id='word_1_128' title='bbox 1819 1466 1901 1525; x_wconf 88' lang='lat' dir='ltr'>ad</span> <span class='ocrx_word' id='word_1_129' title='bbox 1941 1465 2286 1541; x_wconf 84' lang='lat' dir='ltr'>Scipionem</span> 
     </span>
     <span class='ocr_line' id='line_1_16' title="bbox 334 1546 2288 1625; baseline 0.001 -17"><span class='ocrx_word' id='word_1_130' title='bbox 334 1548 622 1622; x_wconf 87' lang='lat' dir='ltr'>reiceret,</span> <span class='ocrx_word' id='word_1_131' title='bbox 663 1548 857 1608; x_wconf 90' lang='lat' dir='ltr'>misso</span> <span class='ocrx_word' id='word_1_132' title='bbox 887 1546 1181 1625; x_wconf 78' lang='lat' dir='ltr'>Syphace</span> <span class='ocrx_word' id='word_1_133' title='bbox 1218 1557 1280 1609; x_wconf 88' lang='lat' dir='ltr'>et</span> <span class='ocrx_word' id='word_1_134' title='bbox 1309 1548 1566 1625; x_wconf 88' lang='lat' dir='ltr'>captivis</span> <span class='ocrx_word' id='word_1_135' title='bbox 1609 1557 1845 1609; x_wconf 87' lang='lat' dir='ltr'>ceteras</span> <span class='ocrx_word' id='word_1_136' title='bbox 1875 1549 2059 1611; x_wconf 90' lang='lat' dir='ltr'>urbes</span> <span class='ocrx_word' id='word_1_137' title='bbox 2087 1550 2288 1609; x_wconf 84' lang='lat' dir='ltr'>Numi</span> 
     </span>
     <span class='ocr_line' id='line_1_17' title="bbox 336 1631 2288 1707; baseline 0.001 -17"><span class='ocrx_word' id='word_1_138' title='bbox 336 1631 507 1704; x_wconf 90' lang='lat' dir='ltr'>diae,</span> <span class='ocrx_word' id='word_1_139' title='bbox 550 1646 710 1705; x_wconf 89' lang='lat' dir='ltr'>quae</span> <span class='ocrx_word' id='word_1_140' title='bbox 751 1632 1077 1707; x_wconf 85' lang='lat' dir='ltr'>praesidiis</span> <span class='ocrx_word' id='word_1_141' title='bbox 1111 1632 1296 1707; x_wconf 89' lang='lat' dir='ltr'>regiis</span> <span class='ocrx_word' id='word_1_142' title='bbox 1326 1632 1712 1707; x_wconf 83' lang='lat' dir='ltr'>tenebantur,</span> <span class='ocrx_word' id='word_1_143' title='bbox 1753 1632 2080 1693; x_wconf 86' lang='lat' dir='ltr'>adiuvante</span> <span class='ocrx_word' id='word_1_144' title='bbox 2105 1633 2288 1693; x_wconf 86' lang='lat' dir='ltr'>Masi·</span> 
     </span>
     <span class='ocr_line' id='line_1_18' title="bbox 339 1714 766 1790; baseline 0.005 -17"><span class='ocrx_word' id='word_1_145' title='bbox 339 1715 507 1775; x_wconf 84' lang='lat' dir='ltr'>nissa</span> <span class='ocrx_word' id='word_1_146' title='bbox 532 1714 766 1790; x_wconf 84' lang='lat' dir='ltr'>recipit.</span> 
     </span>
    </p>

    <p class='ocr_par' dir='ltr' id='par_1_3' title="bbox 325 1797 2290 3546">
     <span class='ocr_line' id='line_1_19' title="bbox 502 1797 2288 1876; baseline 0.001 -19"><span class='ocrx_word' id='word_1_147' title='bbox 502 1798 657 1857; x_wconf 87' lang='lat' dir='ltr'>x111.</span> <span class='ocrx_word' id='word_1_148' title='bbox 703 1797 1053 1876; x_wconf 74' lang='lat' dir='ltr'>Syphacem</span> <span class='ocrx_word' id='word_1_149' title='bbox 1094 1798 1152 1857; x_wconf 89' lang='lat' dir='ltr'>in</span> <span class='ocrx_word' id='word_1_150' title='bbox 1198 1806 1402 1859; x_wconf 88' lang='lat' dir='ltr'>castra</span> <span class='ocrx_word' id='word_1_151' title='bbox 1439 1798 1661 1859; x_wconf 83' lang='lat' dir='ltr'>adduci</span> <span class='ocrx_word' id='word_1_152' title='bbox 1691 1814 1826 1857; x_wconf 87' lang='lat' dir='ltr'>cum</span> <span class='ocrx_word' id='word_1_153' title='bbox 1857 1808 2028 1860; x_wconf 88' lang='lat' dir='ltr'>esset</span> <span class='ocrx_word' id='word_1_154' title='bbox 2053 1800 2288 1860; x_wconf 84' lang='lat' dir='ltr'>nuntia·</span> 
     </span>
     <span class='ocr_line' id='line_1_20' title="bbox 334 1880 2288 1957; baseline 0.001 -16"><span class='ocrx_word' id='word_1_155' title='bbox 334 1890 479 1953; x_wconf 88' lang='lat' dir='ltr'>tum,</span> <span class='ocrx_word' id='word_1_156' title='bbox 498 1880 695 1947; x_wconf 85' lang='lat' dir='ltr'>omnis</span> <span class='ocrx_word' id='word_1_157' title='bbox 717 1883 993 1943; x_wconf 76' lang='lat' dir='ltr'>velutad</span> <span class='ocrx_word' id='word_1_158' title='bbox 999 1884 1418 1957; x_wconf 83' lang='lat' dir='ltr'>spectaculum</span> <span class='ocrx_word' id='word_1_159' title='bbox 1439 1882 1724 1957; x_wconf 85' lang='lat' dir='ltr'>triumphi</span> <span class='ocrx_word' id='word_1_160' title='bbox 1746 1883 2064 1944; x_wconf 78' lang='lat' dir='ltr'>multitudo</span> <span class='ocrx_word' id='word_1_161' title='bbox 2087 1883 2288 1943; x_wconf 84' lang='lat' dir='ltr'>effusa</span> 
     </span>
     <span class='ocr_line' id='line_1_21' title="bbox 334 1965 2288 2041; baseline 0.002 -18"><span class='ocrx_word' id='word_1_162' title='bbox 334 1971 447 2024; x_wconf 88' lang='lat' dir='ltr'>est.</span> <span class='ocrx_word' id='word_1_163' title='bbox 503 1965 955 2039; x_wconf 84' lang='lat' dir='ltr'>praecedebat</span> <span class='ocrx_word' id='word_1_164' title='bbox 939 1981 1077 2040; x_wconf 81' lang='lat' dir='ltr'>ipse</span> <span class='ocrx_word' id='word_1_165' title='bbox 1103 1966 1376 2037; x_wconf 86' lang='lat' dir='ltr'>vinctus,</span> <span class='ocrx_word' id='word_1_166' title='bbox 1419 1966 1792 2041; x_wconf 81' lang='lat' dir='ltr'>sequebatur</span> <span class='ocrx_word' id='word_1_167' title='bbox 1817 1982 1972 2041; x_wconf 82' lang='lat' dir='ltr'>grex</span> <span class='ocrx_word' id='word_1_168' title='bbox 1997 1966 2288 2029; x_wconf 81' lang='lat' dir='ltr'>nobilium</span> 
     </span>
     <span class='ocr_line' id='line_1_22' title="bbox 333 2048 2286 2125; baseline 0.003 -19"><span class='ocrx_word' id='word_1_169' title='bbox 333 2048 745 2107; x_wconf 83' lang='lat' dir='ltr'>Numidarum.</span> <span class='ocrx_word' id='word_1_170' title='bbox 816 2055 973 2121; x_wconf 86' lang='lat' dir='ltr'>tum,</span> <span class='ocrx_word' id='word_1_171' title='bbox 1020 2055 1312 2123; x_wconf 86' lang='lat' dir='ltr'>quantum</span> <span class='ocrx_word' id='word_1_172' title='bbox 1354 2048 1618 2124; x_wconf 88' lang='lat' dir='ltr'>quisque</span> <span class='ocrx_word' id='word_1_173' title='bbox 1659 2049 1983 2125; x_wconf 88' lang='lat' dir='ltr'>plurimum</span> <span class='ocrx_word' id='word_1_174' title='bbox 2029 2058 2286 2125; x_wconf 85' lang='lat' dir='ltr'>poterat,</span> 
     </span>
     <span class='ocr_line' id='line_1_23' title="bbox 334 2129 2286 2209; baseline 0.003 -21"><span class='ocrx_word' id='word_1_175' title='bbox 334 2129 729 2204; x_wconf 81' lang='lat' dir='ltr'>magnitudini</span> <span class='ocrx_word' id='word_1_176' title='bbox 758 2129 1067 2209; x_wconf 77' lang='lat' dir='ltr'>Syphacis</span> <span class='ocrx_word' id='word_1_177' title='bbox 1084 2175 1100 2204; x_wconf 94' lang='lat'>,</span> <span class='ocrx_word' id='word_1_178' title='bbox 1142 2133 1340 2191; x_wconf 83' lang='lat' dir='ltr'>famae</span> <span class='ocrx_word' id='word_1_179' title='bbox 1381 2133 1578 2207; x_wconf 85' lang='lat' dir='ltr'>gentis</span> <span class='ocrx_word' id='word_1_180' title='bbox 1619 2132 1938 2195; x_wconf 85' lang='lat' dir='ltr'>victoriam</span> <span class='ocrx_word' id='word_1_181' title='bbox 1975 2150 2148 2195; x_wconf 87' lang='lat' dir='ltr'>suam</span> <span class='ocrx_word' id='word_1_182' title='bbox 2179 2150 2286 2193; x_wconf 90' lang='lat' dir='ltr'>au-</span> 
     </span>
     <span class='ocr_line' id='line_1_24' title="bbox 332 2212 2286 2290; baseline 0.003 -18"><span class='ocrx_word' id='word_1_183' title='bbox 332 2214 536 2289; x_wconf 87' lang='lat' dir='ltr'>gendo</span> <span class='ocrx_word' id='word_1_184' title='bbox 566 2212 863 2275; x_wconf 72' lang='lat' dir='ltr'>addebatz</span> <span class='ocrx_word' id='word_1_185' title='bbox 898 2216 1065 2275; x_wconf 87' lang='lat' dir='ltr'>illum</span> <span class='ocrx_word' id='word_1_186' title='bbox 1094 2230 1239 2275; x_wconf 89' lang='lat' dir='ltr'>esse</span> <span class='ocrx_word' id='word_1_187' title='bbox 1265 2230 1493 2290; x_wconf 84' lang='lat' dir='ltr'>regem,</span> <span class='ocrx_word' id='word_1_188' title='bbox 1529 2216 1702 2277; x_wconf 90' lang='lat' dir='ltr'>cuius</span> <span class='ocrx_word' id='word_1_189' title='bbox 1733 2224 1966 2277; x_wconf 83' lang='lat' dir='ltr'>tantum</span> <span class='ocrx_word' id='word_1_190' title='bbox 1985 2217 2286 2278; x_wconf 88' lang='lat' dir='ltr'>maiestati</span> 
     </span>
     <span class='ocr_line' id='line_1_25' title="bbox 334 2298 2288 2375; baseline 0.003 -18"><span class='ocrx_word' id='word_1_191' title='bbox 334 2299 459 2358; x_wconf 90' lang='lat' dir='ltr'>duo</span> <span class='ocrx_word' id='word_1_192' title='bbox 491 2298 895 2373; x_wconf 83' lang='lat' dir='ltr'>potentissimi</span> <span class='ocrx_word' id='word_1_193' title='bbox 923 2299 985 2360; x_wconf 91' lang='lat' dir='ltr'>in</span> <span class='ocrx_word' id='word_1_194' title='bbox 1012 2300 1189 2359; x_wconf 87' lang='lat' dir='ltr'>terris</span> <span class='ocrx_word' id='word_1_195' title='bbox 1210 2299 1528 2361; x_wconf 86' lang='lat' dir='ltr'>tribuerint</span> <span class='ocrx_word' id='word_1_196' title='bbox 1547 2300 1780 2375; x_wconf 89' lang='lat' dir='ltr'>populi,</span> <span class='ocrx_word' id='word_1_197' title='bbox 1803 2300 2118 2363; x_wconf 87' lang='lat' dir='ltr'>Romanus</span> <span class='ocrx_word' id='word_1_198' title='bbox 2142 2301 2288 2362; x_wconf 83' lang='lat' dir='ltr'>Car-</span> 
     </span>
     <span class='ocr_line' id='line_1_26' title="bbox 332 2381 2290 2459; baseline 0.002 -18"><span class='ocrx_word' id='word_1_199' title='bbox 332 2381 884 2457; x_wconf 88' lang='lat' dir='ltr'>thaginiensisque,</span> <span class='ocrx_word' id='word_1_200' title='bbox 924 2390 993 2443; x_wconf 87' lang='lat' dir='ltr'>ut</span> <span class='ocrx_word' id='word_1_201' title='bbox 1030 2383 1239 2459; x_wconf 90' lang='lat' dir='ltr'>Scipio</span> <span class='ocrx_word' id='word_1_202' title='bbox 1279 2383 1610 2457; x_wconf 86' lang='lat' dir='ltr'>imperator</span> <span class='ocrx_word' id='word_1_203' title='bbox 1649 2400 1802 2445; x_wconf 86' lang='lat' dir='ltr'>suus</span> <span class='ocrx_word' id='word_1_204' title='bbox 1845 2385 1926 2444; x_wconf 88' lang='lat' dir='ltr'>ad</span> <span class='ocrx_word' id='word_1_205' title='bbox 1966 2384 2290 2445; x_wconf 83' lang='lat' dir='ltr'>amicitiam</span> 
     </span>
     <span class='ocr_line' id='line_1_27' title="bbox 331 2465 2284 2543; baseline 0.001 -19"><span class='ocrx_word' id='word_1_206' title='bbox 331 2465 465 2525; x_wconf 89' lang='lat' dir='ltr'>eius</span> <span class='ocrx_word' id='word_1_207' title='bbox 514 2466 869 2540; x_wconf 86' lang='lat' dir='ltr'>petendam,</span> <span class='ocrx_word' id='word_1_208' title='bbox 920 2466 1129 2527; x_wconf 88' lang='lat' dir='ltr'>relicta</span> <span class='ocrx_word' id='word_1_209' title='bbox 1178 2466 1496 2541; x_wconf 88' lang='lat' dir='ltr'>provincia</span> <span class='ocrx_word' id='word_1_210' title='bbox 1531 2467 1826 2543; x_wconf 87' lang='lat' dir='ltr'>Hispania</span> <span class='ocrx_word' id='word_1_211' title='bbox 1865 2470 2284 2543; x_wconf 87' lang='lat' dir='ltr'>exercituque,</span> 
     </span>
     <span class='ocr_line' id='line_1_28' title="bbox 332 2549 2284 2626; baseline 0.001 -18"><span class='ocrx_word' id='word_1_212' title='bbox 332 2549 571 2609; x_wconf 88' lang='lat' dir='ltr'>duabus</span> <span class='ocrx_word' id='word_1_213' title='bbox 602 2550 1139 2625; x_wconf 85' lang='lat' dir='ltr'>quinqueremibus</span> <span class='ocrx_word' id='word_1_214' title='bbox 1170 2551 1230 2609; x_wconf 89' lang='lat' dir='ltr'>in</span> <span class='ocrx_word' id='word_1_215' title='bbox 1259 2550 1531 2611; x_wconf 84' lang='lat' dir='ltr'>Africam</span> <span class='ocrx_word' id='word_1_216' title='bbox 1559 2551 1966 2626; x_wconf 82' lang='lat' dir='ltr'>navigaverit,</span> <span class='ocrx_word' id='word_1_217' title='bbox 2006 2552 2284 2611; x_wconf 85' lang='lat' dir='ltr'>Hasdru-</span> 
     </span>
     <span class='ocr_line' id='line_1_29' title="bbox 330 2632 2286 2709; baseline 0.002 -18"><span class='ocrx_word' id='word_1_218' title='bbox 330 2632 429 2691; x_wconf 83' lang='lat' dir='ltr'>bal</span> <span class='ocrx_word' id='word_1_219' title='bbox 453 2632 795 2693; x_wconf 86' lang='lat' dir='ltr'>Poenorum</span> <span class='ocrx_word' id='word_1_220' title='bbox 816 2633 1145 2709; x_wconf 86' lang='lat' dir='ltr'>imperator</span> <span class='ocrx_word' id='word_1_221' title='bbox 1166 2651 1292 2695; x_wconf 87' lang='lat' dir='ltr'>non</span> <span class='ocrx_word' id='word_1_222' title='bbox 1315 2633 1454 2709; x_wconf 89' lang='lat' dir='ltr'>ipse</span> <span class='ocrx_word' id='word_1_223' title='bbox 1473 2634 1658 2695; x_wconf 88' lang='lat' dir='ltr'>modo</span> <span class='ocrx_word' id='word_1_224' title='bbox 1682 2635 1775 2695; x_wconf 88' lang='lat' dir='ltr'>ad.</span> <span class='ocrx_word' id='word_1_225' title='bbox 1786 2650 1925 2696; x_wconf 90' lang='lat' dir='ltr'>eum</span> <span class='ocrx_word' id='word_1_226' title='bbox 1945 2635 2007 2695; x_wconf 90' lang='lat' dir='ltr'>in</span> <span class='ocrx_word' id='word_1_227' title='bbox 2027 2650 2286 2709; x_wconf 85' lang='lat' dir='ltr'>regnum</span> 
     </span>
     <span class='ocr_line' id='line_1_30' title="bbox 330 2716 2288 2794; baseline 0.002 -21"><span class='ocrx_word' id='word_1_228' title='bbox 330 2716 577 2789; x_wconf 87' lang='lat' dir='ltr'>venerit,</span> <span class='ocrx_word' id='word_1_229' title='bbox 609 2716 723 2775; x_wconf 90' lang='lat' dir='ltr'>sed</span> <span class='ocrx_word' id='word_1_230' title='bbox 752 2716 931 2777; x_wconf 87' lang='lat' dir='ltr'>etiam</span> <span class='ocrx_word' id='word_1_231' title='bbox 957 2717 1143 2777; x_wconf 83' lang='lat' dir='ltr'>filiam</span> <span class='ocrx_word' id='word_1_232' title='bbox 1165 2717 1223 2778; x_wconf 90' lang='lat' dir='ltr'>ei</span> <span class='ocrx_word' id='word_1_233' title='bbox 1252 2724 1507 2794; x_wconf 86' lang='lat' dir='ltr'>nuptum</span> <span class='ocrx_word' id='word_1_234' title='bbox 1528 2718 1783 2778; x_wconf 86' lang='lat' dir='ltr'>dederit.</span> <span class='ocrx_word' id='word_1_235' title='bbox 1829 2718 2121 2779; x_wconf 86' lang='lat' dir='ltr'>habuisse</span> <span class='ocrx_word' id='word_1_236' title='bbox 2143 2734 2288 2778; x_wconf 86' lang='lat' dir='ltr'>eum</span> 
     </span>
     <span class='ocr_line' id='line_1_31' title="bbox 330 2800 2285 2877; baseline 0.002 -18"><span class='ocrx_word' id='word_1_237' title='bbox 330 2816 454 2860; x_wconf 89' lang='lat' dir='ltr'>uno</span> <span class='ocrx_word' id='word_1_238' title='bbox 484 2804 759 2874; x_wconf 87' lang='lat' dir='ltr'>tempore</span> <span class='ocrx_word' id='word_1_239' title='bbox 788 2800 849 2859; x_wconf 89' lang='lat' dir='ltr'>in</span> <span class='ocrx_word' id='word_1_240' title='bbox 880 2807 1183 2876; x_wconf 85' lang='lat' dir='ltr'>potestate</span> <span class='ocrx_word' id='word_1_241' title='bbox 1212 2802 1370 2864; x_wconf 90' lang='lat' dir='ltr'>duos</span> <span class='ocrx_word' id='word_1_242' title='bbox 1399 2802 1798 2877; x_wconf 88' lang='lat' dir='ltr'>imperatores</span> <span class='ocrx_word' id='word_1_243' title='bbox 1816 2847 1831 2874; x_wconf 93' lang='lat'>,</span> <span class='ocrx_word' id='word_1_244' title='bbox 1862 2803 2132 2865; x_wconf 91' lang='lat' dir='ltr'>Poenum</span> <span class='ocrx_word' id='word_1_245' title='bbox 2158 2802 2285 2862; x_wconf 82' lang='lat' dir='ltr'>Ro-</span> 
     </span>
     <span class='ocr_line' id='line_1_32' title="bbox 330 2883 2282 2962; baseline 0.002 -21"><span class='ocrx_word' id='word_1_246' title='bbox 330 2898 715 2957; x_wconf 86' lang='lat' dir='ltr'>manumque.</span> <span class='ocrx_word' id='word_1_247' title='bbox 786 2883 945 2944; x_wconf 89' lang='lat' dir='ltr'>sicut</span> <span class='ocrx_word' id='word_1_248' title='bbox 988 2885 1067 2944; x_wconf 88' lang='lat' dir='ltr'>ab</span> <span class='ocrx_word' id='word_1_249' title='bbox 1110 2886 1207 2945; x_wconf 91' lang='lat' dir='ltr'>dis</span> <span class='ocrx_word' id='word_1_250' title='bbox 1238 2884 1675 2945; x_wconf 87' lang='lat' dir='ltr'>immortalibus</span> <span class='ocrx_word' id='word_1_251' title='bbox 1709 2902 1856 2961; x_wconf 86' lang='lat' dir='ltr'>pars</span> <span class='ocrx_word' id='word_1_252' title='bbox 1887 2894 2142 2962; x_wconf 87' lang='lat' dir='ltr'>utraque</span> <span class='ocrx_word' id='word_1_253' title='bbox 2171 2884 2282 2945; x_wconf 90' lang='lat' dir='ltr'>ho-</span> 
     </span>
     <span class='ocr_line' id='line_1_33' title="bbox 329 2966 2288 3046; baseline 0.001 -21"><span class='ocrx_word' id='word_1_254' title='bbox 329 2966 463 3025; x_wconf 90' lang='lat' dir='ltr'>stiis</span> <span class='ocrx_word' id='word_1_255' title='bbox 493 2966 830 3027; x_wconf 84' lang='lat' dir='ltr'>mactandis</span> <span class='ocrx_word' id='word_1_256' title='bbox 862 2983 1079 3041; x_wconf 88' lang='lat' dir='ltr'>pacem</span> <span class='ocrx_word' id='word_1_257' title='bbox 1101 2969 1376 3043; x_wconf 87' lang='lat' dir='ltr'>petisset,</span> <span class='ocrx_word' id='word_1_258' title='bbox 1409 2970 1490 3029; x_wconf 84' lang='lat' dir='ltr'>ita</span> <span class='ocrx_word' id='word_1_259' title='bbox 1519 2970 1596 3028; x_wconf 88' lang='lat' dir='ltr'>ab</span> <span class='ocrx_word' id='word_1_260' title='bbox 1625 2984 1700 3030; x_wconf 93' lang='lat' dir='ltr'>eo</span> <span class='ocrx_word' id='word_1_261' title='bbox 1729 2970 2031 3046; x_wconf 87' lang='lat' dir='ltr'>utrimque</span> <span class='ocrx_word' id='word_1_262' title='bbox 2053 2968 2288 3045; x_wconf 85' lang='lat' dir='ltr'>pariter</span> 
     </span>
     <span class='ocr_line' id='line_1_34' title="bbox 329 3048 2282 3129; baseline 0.001 -20"><span class='ocrx_word' id='word_1_263' title='bbox 329 3048 650 3109; x_wconf 88' lang='lat' dir='ltr'>amicitiam</span> <span class='ocrx_word' id='word_1_264' title='bbox 684 3049 949 3125; x_wconf 84' lang='lat' dir='ltr'>petitam.</span> <span class='ocrx_word' id='word_1_265' title='bbox 1006 3050 1126 3111; x_wconf 88' lang='lat' dir='ltr'>iam</span> <span class='ocrx_word' id='word_1_266' title='bbox 1155 3059 1351 3112; x_wconf 86' lang='lat' dir='ltr'>tantas</span> <span class='ocrx_word' id='word_1_267' title='bbox 1381 3051 1673 3113; x_wconf 86' lang='lat' dir='ltr'>habuisse</span> <span class='ocrx_word' id='word_1_268' title='bbox 1702 3068 1874 3129; x_wconf 81' lang='lat' dir='ltr'>opeS,</span> <span class='ocrx_word' id='word_1_269' title='bbox 1907 3060 1972 3113; x_wconf 84' lang='lat' dir='ltr'>ut</span> <span class='ocrx_word' id='word_1_270' title='bbox 1995 3052 2282 3113; x_wconf 87' lang='lat' dir='ltr'>Masinis-</span> 
     </span>
     <span class='ocr_line' id='line_1_35' title="bbox 328 3134 2284 3210; baseline 0.001 -17"><span class='ocrx_word' id='word_1_271' title='bbox 328 3148 461 3193; x_wconf 87' lang='lat' dir='ltr'>sam</span> <span class='ocrx_word' id='word_1_272' title='bbox 489 3148 681 3209; x_wconf 88' lang='lat' dir='ltr'>regno</span> <span class='ocrx_word' id='word_1_273' title='bbox 718 3134 963 3208; x_wconf 90' lang='lat' dir='ltr'>pulsum</span> <span class='ocrx_word' id='word_1_274' title='bbox 984 3150 1068 3199; x_wconf 68' lang='lat' dir='ltr'>⁴eo</span> <span class='ocrx_word' id='word_1_275' title='bbox 1098 3136 1429 3210; x_wconf 81' lang='lat' dir='ltr'>redegerit,</span> <span class='ocrx_word' id='word_1_276' title='bbox 1475 3144 1538 3195; x_wconf 91' lang='lat' dir='ltr'>ut</span> <span class='ocrx_word' id='word_1_277' title='bbox 1568 3136 1690 3196; x_wconf 88' lang='lat' dir='ltr'>vita</span> <span class='ocrx_word' id='word_1_278' title='bbox 1718 3136 1850 3196; x_wconf 87' lang='lat' dir='ltr'>eius</span> <span class='ocrx_word' id='word_1_279' title='bbox 1881 3138 2042 3197; x_wconf 79' lang='lat' dir='ltr'>fama</span> <span class='ocrx_word' id='word_1_280' title='bbox 2068 3135 2284 3197; x_wconf 90' lang='lat' dir='ltr'>mortis</span> 
     </span>
     <span class='ocr_line' id='line_1_36' title="bbox 326 3216 2278 3295; baseline 0.001 -18"><span class='ocrx_word' id='word_1_281' title='bbox 326 3222 389 3277; x_wconf 89' lang='lat' dir='ltr'>et</span> <span class='ocrx_word' id='word_1_282' title='bbox 416 3216 694 3290; x_wconf 85' lang='lat' dir='ltr'>latebris,</span> <span class='ocrx_word' id='word_1_283' title='bbox 737 3218 998 3277; x_wconf 73' lang='lat' dir='ltr'>terarum</span> <span class='ocrx_word' id='word_1_284' title='bbox 1038 3219 1221 3279; x_wconf 91' lang='lat' dir='ltr'>modo</span> <span class='ocrx_word' id='word_1_285' title='bbox 1263 3220 1324 3277; x_wconf 91' lang='lat' dir='ltr'>in</span> <span class='ocrx_word' id='word_1_286' title='bbox 1353 3219 1525 3279; x_wconf 88' lang='lat' dir='ltr'>silvis</span> <span class='ocrx_word' id='word_1_287' title='bbox 1565 3227 1744 3293; x_wconf 81' lang='lat' dir='ltr'>rapto</span> <span class='ocrx_word' id='word_1_288' title='bbox 1775 3220 2069 3292; x_wconf 76' lang='lat' dir='ltr'>viventia,</span> <span class='ocrx_word' id='word_1_289' title='bbox 2113 3228 2278 3295; x_wconf 80' lang='lat' dir='ltr'>tege-</span> 
     </span>
     <span class='ocr_line' id='line_1_37' title="bbox 326 3300 2282 3365; baseline 0.002 -6"><span class='ocrx_word' id='word_1_290' title='bbox 326 3305 508 3359; x_wconf 80' lang='lat' dir='ltr'>retur.</span> <span class='ocrx_word' id='word_1_291' title='bbox 581 3300 678 3361; x_wconf 91' lang='lat' dir='ltr'>his</span> <span class='ocrx_word' id='word_1_292' title='bbox 721 3302 1107 3362; x_wconf 89' lang='lat' dir='ltr'>sermonibus</span> <span class='ocrx_word' id='word_1_293' title='bbox 1147 3301 1665 3363; x_wconf 84' lang='lat' dir='ltr'>circumstantium</span> <span class='ocrx_word' id='word_1_294' title='bbox 1705 3302 2048 3365; x_wconf 86' lang='lat' dir='ltr'>celebratus</span> <span class='ocrx_word' id='word_1_295' title='bbox 2075 3318 2189 3363; x_wconf 85' lang='lat' dir='ltr'>rex</span> <span class='ocrx_word' id='word_1_296' title='bbox 2215 3302 2282 3363; x_wconf 78' lang='lat' dir='ltr'>iu</span> 
     </span>
     <span class='ocr_line' id='line_1_38' title="bbox 325 3382 2279 3463; baseline 0.002 -21"><span class='ocrx_word' id='word_1_297' title='bbox 325 3383 697 3459; x_wconf 87' lang='lat' dir='ltr'>praetorium</span> <span class='ocrx_word' id='word_1_298' title='bbox 726 3384 805 3444; x_wconf 88' lang='lat' dir='ltr'>ad</span> <span class='ocrx_word' id='word_1_299' title='bbox 835 3382 1185 3459; x_wconf 87' lang='lat' dir='ltr'>Scipionem</span> <span class='ocrx_word' id='word_1_300' title='bbox 1213 3391 1312 3445; x_wconf 86' lang='lat' dir='ltr'>est</span> <span class='ocrx_word' id='word_1_301' title='bbox 1337 3387 1690 3461; x_wconf 87' lang='lat' dir='ltr'>perductus.</span> <span class='ocrx_word' id='word_1_302' title='bbox 1735 3388 1924 3449; x_wconf 90' lang='lat' dir='ltr'>movit</span> <span class='ocrx_word' id='word_1_303' title='bbox 1950 3394 2012 3447; x_wconf 86' lang='lat' dir='ltr'>et</span> <span class='ocrx_word' id='word_1_304' title='bbox 2038 3382 2279 3463; x_wconf 81' lang='lat' dir='ltr'>Scipio-</span> 
     </span>
     <span class='ocr_line' id='line_1_39' title="bbox 326 3467 2282 3546; baseline 0.003 -21"><span class='ocrx_word' id='word_1_305' title='bbox 326 3481 467 3525; x_wconf 88' lang='lat' dir='ltr'>nem</span> <span class='ocrx_word' id='word_1_306' title='bbox 508 3482 644 3527; x_wconf 90' lang='lat' dir='ltr'>cum</span> <span class='ocrx_word' id='word_1_307' title='bbox 687 3467 927 3528; x_wconf 78' lang='lat' dir='ltr'>fortuna</span> <span class='ocrx_word' id='word_1_308' title='bbox 966 3467 1221 3545; x_wconf 85' lang='lat' dir='ltr'>pristina</span> <span class='ocrx_word' id='word_1_309' title='bbox 1250 3469 1361 3529; x_wconf 89' lang='lat' dir='ltr'>viri</span> <span class='ocrx_word' id='word_1_310' title='bbox 1391 3470 1700 3545; x_wconf 90' lang='lat' dir='ltr'>praesenti</span> <span class='ocrx_word' id='word_1_311' title='bbox 1729 3471 2008 3533; x_wconf 79' lang='lat' dir='ltr'>fortunae</span> <span class='ocrx_word' id='word_1_312' title='bbox 2037 3470 2282 3546; x_wconf 84' lang='lat' dir='ltr'>collata,</span> 
     </span>
    </p>
   </div>
  </div>
 </body>
</html>
