2550 3959
306 190 439 253 344
622 190 853 251 LIBER
880 190 1061 251 XXX.
1106 190 1272 251 CAP.
1305 200 1394 253 22.
1425 201 1513 254 23.
1561 198 1633 264 [a.
1660 196 1731 250 U.
1762 212 1810 249 c.
1839 196 1966 263 549]

313 343 596 403 adduxit=
636 341 859 417 quibus
899 341 1103 401 vetitis
1146 340 1386 415 ingredi
1423 340 1636 401 urbem
1663 338 1997 415 hospitium
2037 340 2101 399 in
2129 342 2278 401 villa

312 426 573 502 publica,
602 433 853 486 senatus
884 425 966 485 ad
992 426 1211 486 aedem
1222 424 1516 485 Bellonae
1537 425 1726 485 datus
1752 429 1870 485 est.
1909 423 2094 484 XXII.
2125 422 2275 484 Ora-

310 510 538 570 tionem
574 510 834 569 eandem
874 511 1067 570 ferme
1108 526 1292 583 quam
1321 509 1489 585 apud
1517 506 1871 588 Scipionem
1913 508 2276 584 habuerunt,

312 595 555 670 culpam
605 608 846 654 omnem
892 593 1037 653 belli
1076 610 1116 653 a
1159 592 1407 669 publico
1459 592 1718 654 consilio
1766 592 1830 651 in
1868 591 2276 653 Hannibalem

312 686 637 743 vertentes.
702 693 841 737 eum
882 677 1121 737 iniussu
1150 682 1402 738 senatus
1431 692 1558 736 non
1585 678 1782 753 Alpes
1809 675 1996 736 modo
2026 677 2142 737 sed
2169 677 2276 735 Hi·

311 762 523 821 berum
566 770 815 836 quoque
854 768 1340 835 transgressum,
1389 775 1504 820 nec
1543 760 1840 820 Romanis
1883 761 2114 833 solum,
2158 762 2278 820 sed

309 852 449 909 ante
488 848 669 905 etiam
712 844 1062 919 Saguntinis
1104 846 1342 919 privato
1386 844 1644 905 consilio
1685 845 1912 905 bellum
1965 842 2273 905 intulisse·

308 930 546 989 senatui
587 944 661 989 ac
700 931 933 1003 populo
966 928 1478 1003 Carthaginiensi,
1523 929 1578 987 si
1621 929 1759 1004 quis
1790 944 1938 988 vere
1973 930 2272 1002 aestimet,

309 1012 533 1073 foedus
572 1014 653 1073 ad
698 1028 831 1073 eam
862 1013 1023 1073 diem
1062 1013 1418 1073 inviolatum
1447 1028 1592 1073 esse
1621 1028 1758 1073 cum
1783 1012 2097 1073 Romanis.
2163 1011 2272 1071 ita-

311 1113 431 1172 que
461 1097 606 1157 nihil
637 1097 803 1157 aliud
833 1096 950 1157 sibi
980 1097 1332 1157 mandatum
1361 1112 1504 1156 esse
1531 1097 1618 1157 uti
1646 1102 1951 1171 petere-nt,
1995 1112 2182 1171 quam
2209 1103 2277 1156 ut

307 1182 368 1240 in
398 1198 473 1241 ea
503 1198 689 1257 pace,
733 1195 891 1254 quae
922 1187 1233 1256 postremo
1266 1196 1403 1241 cum
1431 1182 1688 1240 consule
1713 1180 1952 1242 Lutatio
1983 1180 2147 1239 sacta
2175 1196 2275 1240 es-

308 1272 419 1337 set,
452 1282 699 1325 manere
728 1265 953 1325 liceret.
1020 1280 1159 1324 cum
1184 1280 1356 1323 more
1383 1264 1603 1324 tradito
1632 1282 1672 1325 a
1700 1262 1975 1341 patribus
2002 1270 2274 1338 potesta-

308 1356 427 1409 tem
468 1347 910 1423 interrogandi,
956 1349 1010 1409 si
1042 1348 1181 1422 quis
1212 1348 1361 1424 quid
1389 1348 1600 1421 vellet,
1644 1349 1882 1423 legatos
1911 1355 2159 1423 praetor
2179 1350 2274 1414 fe-

308 1434 524 1507 cisset,
572 1433 992 1508 senioresque,
1040 1432 1144 1507 qui
1175 1431 1530 1493 foederibus
1559 1432 1980 1503 interfuerant,
2022 1432 2142 1491 alia
2168 1432 2272 1491 alii

306 1516 760 1591 interrogarent,
788 1532 903 1576 nec
924 1516 1275 1576 meminisse
1300 1533 1410 1592 per
1432 1522 1691 1575 aetatem
1709 1548 1796 1562 --
1814 1516 2036 1577 etenim
2057 1532 2273 1577 omnes

308 1601 497 1659 ferme
541 1599 795 1659 iuvenes
838 1608 1011 1659 erant
1036 1632 1123 1644 -—
1164 1600 1437 1660 dicerent
1463 1600 1679 1675 legati,
1723 1602 2167 1660 conclamatum
2193 1616 2276 1659 ex

308 1684 471 1745 omni
512 1691 687 1758 parte
712 1683 917 1743 curiae
958 1691 1054 1743 est
1079 1683 1307 1745 Punica
1351 1684 1568 1745 fraude
1607 1685 1838 1745 electos
1869 1683 1974 1760 qui
2005 1690 2274 1745 veterem

237 1827 255 1839 „
304 1784 519 1843 pacem
534 1774 897 1843 repeterent,
924 1767 1097 1828 cuius
1112 1767 1235 1843 ipsi
1258 1782 1383 1827 non
1397 1767 1836 1828 meminissent.
1863 1766 2274 1828 XXHLEmo-

305 1852 382 1911 tis
404 1851 661 1913 -deinde
711 1852 880 1911 curia
927 1851 1143 1927 legatis
1194 1851 1533 1912 sententiae
1582 1852 1940 1926 interrogari
1990 1858 2269 1928 coeptae.

304 1935 383 1995 M.
415 1935 623 1995 Livius
655 1935 717 1995 C.
752 1934 1075 1997 Servilium
1118 1937 1464 2009 consulem,
1511 1936 1615 2010 qui
1645 1936 1902 2011 propior
1937 1943 2133 2010 esset,
2178 1952 2276 1995 ar-

310 2019 700 2093 cessendum,
732 2026 797 2079 ut
824 2034 1031 2077 coram
1060 2035 1135 2079 eo
1161 2019 1240 2079 de
1261 2036 1418 2095 pace
1448 2026 1746 2095 ageretur,
1779 2018 2090 2079 censebat.
2133 2036 2274 2079 cum

308 2104 389 2163 de
416 2120 483 2162 re
512 2103 759 2176 maiore,
806 2119 988 2177 quam
1020 2110 1244 2178 quanta
1272 2120 1350 2163 ea
1377 2110 1562 2179 esset,
1606 2103 1970 2164 consultatio
2001 2102 2276 2163 incidere

308 2202 430 2247 non
460 2192 705 2262 posset,
752 2202 874 2247 non
906 2187 1097 2247 videri
1132 2186 1249 2247 sibi
1293 2188 1548 2249 absente
1577 2188 1896 2248 consulum
1924 2187 2114 2250 altero
2145 2204 2272 2246 am-

304 2270 584 2331 bobusve
626 2288 759 2331 eam
799 2287 928 2331 rem
972 2272 1071 2346 agi
1114 2271 1263 2331 satis
1305 2287 1386 2331 ex
1426 2274 1715 2347 dignitate
1757 2271 1970 2347 populi
2013 2271 2274 2331 Romani

306 2372 467 2415 esse.
536 2356 603 2429 Q.
644 2356 955 2430 Metellus,
1002 2356 1105 2430 qui
1149 2354 1406 2415 triennio
1447 2364 1589 2415 ante
1627 2357 1844 2417 consul
1887 2356 2273 2431 dictatorque

305 2440 528 2499 suerat:
575 2455 713 2499 cum
752 2439 815 2498 P.
849 2439 1057 2516 Scipio
1100 2439 1418 2499 caedendo
1461 2440 1801 2515 exercitae,
1845 2456 2030 2515 agros
2073 2454 2272 2514 popu·

304 2523 489 2583 lando
520 2523 581 2583 in
612 2539 746 2583 eam
777 2524 1205 2584 necessitatem
1232 2522 1444 2594 hostes
1476 2524 1892 2600 compulisset,
1943 2531 2010 2586 ut
2036 2523 2281 2599 suppli--

304 2622 409 2665 ces
441 2622 657 2681 pacem
701 2613 1003 2681 peterent,
1048 2613 1108 2667 et
1136 2622 1314 2667 nemo
1361 2607 1631 2668 omnium
1669 2608 1880 2669 verius
1921 2608 2273 2668 existimare

305 2696 550 2765 posset,
594 2707 719 2765 qua
746 2697 947 2763 mente
974 2706 1051 2750 ea
1080 2707 1203 2766 pax
1232 2696 1571 2766 peteretur,
1615 2708 1798 2766 quam
1827 2699 1952 2754 tum
1983 2692 2088 2767 qui
2129 2698 2275 2753 ante

307 2781 515 2850 portas
532 2774 911 2848 Carthaginis
940 2774 1166 2835 bellum
1192 2782 1450 2849 gereret,
1481 2775 1703 2835 nullius
1738 2776 1986 2836 alterius
2009 2776 2272 2837 consilio

306 2875 487 2932 quam
518 2858 827 2936 Scipionis
872 2858 1294 2934 accipiendam
1337 2860 1803 2922 abnuendamve
1846 2874 2058 2936 pacem
2103 2874 2276 2920 esse.

302 2942 385 3000 M.
416 2941 699 3001 Valerius
728 2942 1053 3015 Laevinu8‚
1088 2943 1189 3019 qui
1222 2942 1316 3003 bis
1349 2944 1564 3005 consul
1600 2944 1813 3018 suerat,
1843 2944 2270 3019 speculatores

306 3040 425 3085 non
468 3026 707 3099 legatos
746 3026 995 3086 venisse
1038 3026 1362 3102 arguebat,
1406 3026 1838 3104 iubendosque
1877 3028 2048 3088 ltalia
2087 3043 2269 3087 exce-

304 3110 451 3169 dere
482 3116 543 3169 et
570 3108 862 3170 custodes
893 3126 1029 3170 cum
1060 3110 1135 3170 iis
1168 3127 1366 3185 usque
1395 3112 1476 3171 ad
1505 3128 1698 3173 naves
1729 3111 2056 3171 mittendos
2074 3157 2091 3186 ,
2137 3111 2269 3171 Sci-

302 3194 597 3269 pionique
626 3192 1037 3267 scribendum,
1083 3210 1160 3253 ne
1191 3194 1414 3254 bellum
1444 3195 1790 3256 remitteret.
1854 3194 2098 3255 Laelius
2128 3194 2272 3253 Ful·

308 3278 569 3352 viusque
598 3277 972 3352 adiecerunt,
1012 3284 1073 3338 et
1102 3278 1453 3353 Scipionem
1481 3279 1540 3339 in
1571 3294 1647 3339 eo
1681 3279 1944 3355 positam
1973 3278 2276 3339 habuisse

302 3376 478 3436 spem
510 3362 700 3437 paciS,
738 3362 791 3420 si
822 3361 1119 3421 Hannibal
1148 3366 1207 3421 et
1226 3362 1408 3437 Mago
1441 3379 1520 3423 ex
1548 3362 1720 3422 Italia
1749 3379 1871 3423 non
1901 3378 2284 3423 revocaren--

303 3458 418 3505 tur.
482 3446 685 3506 omnia
727 3445 1117 3506 simulaturos
1150 3443 1680 3521 Carthaginienses
1711 3446 1904 3509 duces
1937 3462 2047 3507 eos
2091 3462 2272 3507 exer-
