2550 3959
367 248 450 311 52
559 210 805 309 'LlssER
825 246 1012 307 xxv.
1053 246 1217 307 CAP.
1246 256 1294 307 1.
1318 257 1369 308 a.
1415 251 1802 321 [aumas.
1832 269 1881 305 ι.
1908 248 2124 327 0.,213]

372 401 528 463 ciem
567 405 784 460 nactus
799 444 817 474 ,
859 398 1250 460 tumultuario
1295 397 1570 459 exercitu
1610 404 1825 459 coacto
1869 414 2009 459 cum
2034 398 2342 460 Hannone

373 483 779 546 conflixisset.
824 498 1046 557 magna
1074 482 1158 543 ibi
1183 482 1281 541 vis
1309 480 1644 554 hominum,
1688 483 1804 541 scd
1832 482 2185 543 inconditae
2212 489 2340 544 tur-

373 570 490 629 bae
532 569 867 643 agrestium
909 581 1386 641 servorumque,
1432 580 1619 626 caesa
1648 571 1755 625 aut
1784 571 1967 641 capta
1994 573 2106 627 est.
2162 567 2340 627 mini-

375 668 540 714 mum
596 653 868 713 iacturae
922 651 1033 712 suit
1089 650 1258 726 quod
1316 649 1666 726 praefectus
1734 648 1891 710 inter
1948 656 2188 711 ceteros
2248 657 2346 712 est

376 743 594 813 captus
612 781 627 808 ,
671 741 732 795 et
772 744 897 795 tum
937 734 1301 796 temerariae
1341 748 1588 810 pugnae
1628 738 1844 794 auctor
1885 739 1947 794 et
1974 740 2115 793 ante
2143 735 2343 811 publi·

317 872 338 882 -
378 836 570 881 canus
595 820 876 880 omnibus
906 818 1082 878 malis
1104 818 1338 878 artibus
1361 825 1423 877 et
1442 817 1531 876 rei
1553 816 1838 893 publicae
1860 824 1921 878 et
1945 817 2345 879 societatibus

377 905 606 965 infidus
666 903 1150 978 damnosusque.
1225 900 1628 975 Sempronius
1686 903 1903 962 consul
1960 902 2021 961 in
2076 902 2345 963 Lucanis

378 990 566 1049 multa
594 988 832 1063 proelia
859 1002 1084 1062 parva,
1114 985 1282 1047 haud
1310 986 1498 1046 ullum
1529 983 1782 1060 dignum
1810 991 2152 1046 memoratu
2182 986 2345 1062 fecit,

380 1077 440 1132 et
466 1070 762 1147 ignobilia
791 1070 1021 1147 oppida
1047 1070 1435 1129 Lucanorum
1466 1069 1699 1144 aliquot
1727 1067 2120 1144 expugnavit.

549 1155 680 1229 Quo
712 1155 938 1215 diutius
963 1152 1317 1215 trahebatur
1336 1152 1581 1227 bellum,
1612 1158 1675 1213 et
1693 1151 2016 1214 variabant
2032 1153 2349 1215 secundae

381 1239 806 1314 adversaeque
835 1254 940 1299 res
968 1254 1094 1299 non
1123 1238 1427 1299 fortunam
1456 1237 1653 1312 magis
1682 1252 1866 1312 quam
1894 1236 2131 1297 animos
2152 1236 2347 1298 homi-

382 1339 543 1399 num,
575 1330 740 1384 tanta
765 1322 980 1397 religio
1009 1327 1073 1381 ct
1112 1337 1190 1381 ea
1215 1336 1437 1395 magna
1464 1336 1543 1381 ex
1572 1326 1749 1395 parte
1769 1326 2025 1381 externa
2044 1320 2349 1381 civitatem

381 1407 664 1479 incessit,
709 1413 779 1467 ut
819 1414 925 1469 aut
962 1405 1243 1465 homines
1286 1411 1392 1465 aut
1433 1404 1532 1463 dei
1572 1410 1827 1480 repente
1868 1404 1967 1465 alii
1993 1404 2352 1466 viderentur

383 1490 547 1551 facti.
611 1504 727 1549 nec
767 1488 887 1548 iam
917 1489 978 1549 in
1012 1494 1253 1549 secreto
1283 1486 1468 1548 modo
1500 1494 1685 1563 atquc
1714 1488 1873 1549 intra
1900 1488 2168 1563 parietes
2199 1488 2351 1550 abo-

383 1574 666 1633 lebantur
683 1572 942 1633 Romani
975 1572 1147 1646 ritus,
1179 1572 1387 1633 sedin
1415 1571 1661 1647 publico
1695 1572 1877 1633 etiam
1906 1588 1978 1633 ac
2008 1573 2142 1633 foro
2169 1572 2350 1647 capi-

382 1658 659 1733 tolioque
704 1656 1024 1717 mulierum
1074 1654 1252 1717 turba
1298 1662 1433 1717 erat
1472 1671 1588 1716 nec
1630 1655 2101 1717 sacrificantium
2143 1672 2352 1732 neque

386 1741 763 1817 precantium
807 1741 962 1801 deos
1006 1739 1202 1817 patrio
1242 1756 1434 1800 more.
1502 1739 1830 1801 sacrificuli
1858 1755 1934 1799 ac
1958 1745 2134 1801 vates
2166 1755 2351 1816 cepe-

383 1830 521 1885 rant
565 1824 880 1885 hominum
919 1831 1189 1893 mentes;
1247 1840 1509 1900 quorum
1549 1837 1869 1883 numerum
1908 1823 2079 1883 auxit
2118 1824 2355 1886 rustica

385 1909 564 1984 plebs
603 1924 684 1969 ex
724 1908 964 1969 incultis
1008 1908 1238 1969 diutino
1280 1909 1442 1969 bello
1484 1908 1850 1983 infestisque
1883 1907 2047 1983 agris
2078 1914 2357 1983 egestate

387 1999 448 2052 et
473 1998 639 2052 metu
667 1992 728 2051 in
758 1993 973 2052 urbem
1005 1994 1353 2066 compulsa,
1384 1998 1446 2052 et
1476 1998 1771 2067 quaestus
1800 2006 1881 2051 ex
1908 1992 2109 2053 alieno
2139 2007 2356 2053 errore

386 2076 609 2151 faciliS‚
663 2091 847 2151 quem
895 2075 1064 2136 velut
1100 2089 1180 2135 ex
1223 2090 1563 2137 concessae
1612 2074 1761 2135 artis
1801 2090 1923 2136 usu
1960 2074 2355 2137 exercebant.

387 2158 586 2234 primo
647 2165 926 2221 secretae
975 2159 1283 2220 bonorum
1331 2158 1782 2235 indignationes
1835 2156 2346 2230 exaudiebantur;

387 2242 613 2303 deinde
661 2243 744 2303 ad
783 2250 991 2320 patres
1034 2248 1097 2303 et
1134 2242 1252 2303 iam
1290 2243 1371 2303 ad
1411 2242 1720 2321 publicam
1763 2242 2200 2318 querimoniam
2240 2258 2354 2303 ex-

388 2326 580 2389 cessit
615 2343 738 2387 res.
805 2326 1066 2387 incusati
1107 2326 1375 2402 graviter
1410 2325 1486 2387 ab
1517 2333 1733 2388 senatu
1764 2325 1997 2387 aediles
2027 2324 2357 2387 triumviri—

389 2424 512 2485 que
543 2410 869 2487 capitales,
907 2410 1076 2485 quod
1112 2426 1235 2471 non
1264 2410 1690 2487 prohiberent,
1735 2425 1873 2470 cum
1900 2425 2188 2471 emovere
2214 2426 2359 2471 eam

279 2517 288 2523 -
385 2494 830 2556 multitudinem
860 2510 896 2554 e
936 2495 1072 2555 foro
1114 2510 1189 2555 ac
1229 2494 1495 2555 disicere
1534 2500 1871 2570 apparatus
1901 2508 2217 2556 sacrorum
2246 2510 2357 2556 co-

389 2578 512 2638 nati
540 2586 780 2654 essent,
820 2578 986 2639 haud
1016 2580 1231 2653 procul
1259 2578 1439 2652 afuit,
1484 2577 1631 2653 quin
1656 2578 2050 2639 violarentur.
2105 2576 2211 2638 ubi
2241 2594 2359 2653 po-

385 2662 612 2722 tentius
641 2662 761 2722 iam
788 2677 933 2722 esse
959 2661 1022 2720 id
1050 2663 1275 2721 malum
1304 2661 1606 2736 apparuit,
1638 2677 1821 2737 quam
1848 2668 1917 2723 ut
1942 2662 2208 2723 minores
2238 2678 2363 2738 pcr

386 2747 779 2821 magistratus
821 2744 1168 2819 sedaretur,
1207 2744 1289 2803 M.
1320 2745 1507 2805 Atilio
1542 2744 1813 2821 praetori
1841 2744 2012 2807 urbis
2041 2747 2357 2821 negotium

389 2830 467 2889 ab
498 2836 716 2891 senatu
753 2828 961 2888 datum
989 2834 1113 2902 est,
1155 2834 1223 2888 ut
1251 2829 1343 2899 eis
1375 2828 1773 2905 religionibus
1803 2830 2103 2905 populum
2131 2828 2355 2890 libera-

386 2919 500 2973 ret.
541 2912 595 2972 is
619 2910 763 2973 etin
787 2911 1071 2972 contione
1095 2918 1349 2973 scnatus
1381 2914 1728 2974 consultum
1755 2913 2047 2987 recitavit,
2081 2920 2141 2973 et
2162 2913 2363 2975 edixit

388 3000 472 3068 ut,
506 2995 879 3070 quicumque
906 2994 1098 3056 libros
1125 2995 1450 3058 vaticinios
1479 2997 1869 3074 precationes
1899 3004 2006 3058 aut
2032 3003 2222 3058 artem
2253 3013 2357 3057 sa-

361 3078 704 3140 ·crificandi
733 3077 1144 3154 conscriptam
1172 3079 1453 3155 haberet,
1486 3096 1597 3142 eos
1626 3081 1817 3142 libros
1850 3096 2063 3143 omnes
2092 3080 2359 3142 litteras·

388 3179 512 3238 que
540 3162 621 3223 ad
655 3178 727 3225 se
756 3168 895 3223 ante
922 3162 1044 3223 kal.
1075 3164 1323 3239 Apriles
1354 3164 1647 3237 deferret,
1688 3181 1810 3226 neu
1841 3164 1980 3242 quis
2009 3165 2071 3225 in
2102 3162 2358 3240 publico

389 3262 652 3307 sacrove
691 3248 830 3309 loco
875 3261 1036 3308 novo
1080 3256 1186 3309 aut
1213 3256 1466 3310 externo
1496 3251 1613 3309 ritu
1644 3249 2037 3311 sacrificaret.
2110 3248 2183 3308 11.
2225 3248 2363 3308 Ali-

390 3337 542 3405 quot
567 3331 798 3406 publici
830 3332 1188 3393 sacerdotes
1219 3332 1442 3393 mortui
1467 3348 1540 3394 eo
1566 3348 1725 3393 anno
1752 3340 1913 3407 sunt,
1942 3332 2009 3392 L.
2035 3331 2362 3395 Cornelius

386 3412 679 3475 Lentulus
708 3415 986 3491 pontifex
1013 3415 1317 3477 maximus
1346 3424 1407 3476 et
1428 3416 1489 3478 C.
1511 3416 1791 3492 Papirius
1818 3416 1879 3477 C.
1902 3416 1968 3477 F.
1992 3415 2168 3476 Maso
2199 3432 2363 3491 pon-

391 3496 538 3558 tifex
577 3504 639 3559 et
664 3498 728 3557 P.
757 3497 976 3562 Furius
1003 3499 1212 3561 Philus
1256 3514 1456 3575 augur
1494 3506 1555 3561 et
1584 3500 1645 3561 C.
1673 3499 1957 3576 Papirius
1986 3501 2051 3560 L.
2081 3498 2147 3561 F.
2174 3498 2361 3561 Maso

2524 316 2527 385 l
