2550 3959
356 209 483 274 216
693 209 922 271 LIBER
950 167 1188 269 vau.
1234 209 1402 270 cAP.
1431 217 1518 271 48.
1567 215 1639 284 [a.
1664 210 1736 270 u.
1767 224 1818 268 c.
1841 213 1968 282 545]

356 363 471 424 sed
500 362 604 424 ubi
645 378 860 425 omnes
892 362 1106 441 copias
1137 363 1584 423 coniunxerunt
1612 362 1963 438 directaque
2004 363 2170 421 acies
2199 369 2322 436 est,

358 447 645 510 Claudius
691 447 907 507 dextro
947 448 1008 508 in
1040 461 1257 521 cornu,
1299 447 1509 508 Livius
1540 446 1616 506 ab
1649 447 1894 508 sinistro
1923 461 2194 521 pugnam
2224 447 2323 504 in—

356 533 559 604 struit3
584 530 789 592 media
810 532 976 590 acies
991 529 1259 607 praetori
1272 530 1500 591 tuenda
1513 531 1673 590 data.
1715 529 2060 592 Hasdrubal
2083 528 2320 589 omissa

357 615 689 677 munitione
714 621 1051 676 castrorum
1077 619 1402 691 postquam
1426 615 1820 690 pugnandum
1846 613 2009 690 vidit,
2032 613 2093 673 in
2118 613 2323 688 prima

357 700 489 760 acie
530 705 670 759 ante
712 698 891 773 signa
932 698 1293 774 elephantos
1339 698 1628 772 collocat,
1675 697 1837 758 circa
1879 712 1991 758 eos
2032 697 2210 759 laevo
2256 696 2318 755 in

356 795 548 845 cornu
576 783 875 843 adversus
901 781 1214 844 Claudium
1244 782 1452 843 Gallos
1481 781 1754 858 opponit,
1787 779 1951 841 haud
1979 787 2210 842 tantum
2239 779 2326 841 iis

355 867 588 941 fidenS,
632 872 920 941 quantum
952 865 1027 925 ab
1057 866 1237 927 hoste
1264 865 1461 927 timeri
1490 881 1600 926 eos
1631 865 1937 926 credebat.
1998 863 2133 940 ipse
2165 864 2318 925 dex-

358 958 512 1012 tmm
544 965 736 1011 cornu
762 951 1061 1011 adversus
1088 951 1169 1010 Μ.
1198 950 1435 1011 Livium
1465 949 1582 1011 sibi
1611 956 1794 1025 atque
1821 947 2112 1024 Hispanis
2139 980 2228 993 —
2257 953 2320 1006 et

353 1034 439 1095 ibi
469 1034 730 1093 maxime
760 1034 820 1091 in
842 1040 1050 1095 vetere
1078 1035 1262 1095 milite
1286 1048 1462 1109 spem
1490 1032 1756 1093 habebat
1781 1063 1866 1077 ·-
1893 1031 2175 1107 sumpsit.
2217 1030 2318 1090 Li—

355 1133 539 1193 gures
570 1117 629 1177 in
660 1117 861 1177 medio
894 1125 1039 1192 post
1065 1117 1427 1195 elephantos
1457 1117 1664 1192 positi.
1721 1116 1836 1176 sed
1863 1115 2102 1189 longior
2133 1130 2318 1189 quam

356 1201 536 1262 latior
558 1201 724 1260 acies
745 1207 905 1260 erata
932 1202 1139 1262 Gallos
1157 1201 1512 1278 prominens
1537 1201 1712 1262 collis
1733 1198 1994 1273 tegebat.
2027 1214 2102 1258 ea
2123 1199 2319 1272 fronS,

360 1301 542 1360 quam
569 1284 828 1360 Hispani
857 1284 1172 1360 tenebant,
1218 1301 1356 1346 cum
1387 1283 1634 1347 sinistro
1666 1283 2080 1345 Romanorum
2122 1296 2320 1342 cornu

359 1368 689 1429 concurrit:
750 1368 965 1428 dextra
1008 1369 1204 1430 omnis
1256 1369 1422 1428 acies
1473 1374 1646 1429 extra
1692 1367 1992 1442 proelium
2040 1365 2320 1425 eminens

359 1452 672 1522 cessabat;
721 1451 894 1512 collis
926 1452 1250 1528 oppositus
1281 1451 1544 1526 arcebat,
1576 1467 1654 1513 ne
1684 1457 1787 1512 aut
1814 1465 1850 1508 a
1878 1451 2075 1512 fronte
2104 1455 2210 1510 aut
2240 1448 2318 1506 ab

357 1536 543 1595 latere
586 1535 1079 1609 adgrederentur.
1135 1535 1292 1595 inter
1330 1535 1569 1596 Livium
1610 1533 2184 1607 Hasdrubalemque
2227 1532 2315 1591 in—

357 1634 509 1694 gens
552 1623 925 1678 contractum
968 1626 1269 1680 certamen
1314 1626 1470 1695 erat,
1515 1625 1815 1695 atroxque
1843 1618 2069 1678 caedes
2109 1617 2320 1678 utrim-

359 1718 477 1778 que
520 1701 832 1763 edebatur.
896 1703 980 1762 ibi
1025 1704 1216 1763 duces
1258 1703 1472 1777 ambo,
1519 1702 1600 1762 ibi
1633 1718 1778 1779 pars
1819 1701 2015 1761 maior
2040 1700 2321 1776 peditum

358 1786 753 1862 equitumque
781 1786 1228 1862 Romanorum,
1273 1787 1358 1848 ibi
1389 1786 1676 1863 Hispani,
1723 1791 1897 1845 vetus
1939 1784 2113 1844 miles
2155 1784 2293 1859 peri

360 1877 577 1944 tusque
605 1871 918 1930 Romanae
949 1885 1208 1946 pugnae,
1252 1876 1312 1930 et
1338 1870 1612 1946 Ligures,
1658 1870 1876 1930 durum
1906 1868 1966 1927 in
1997 1866 2182 1928 armis
2213 1882 2320 1940 ge-

359 1960 494 2013 nus.
542 1954 762 2013 eodem
785 1954 946 2012 versi
974 1953 1297 2030 elephanti,
1331 1953 1435 2028 qui
1459 1952 1651 2029 primo
1674 1954 1905 2029 impetu
1927 1950 2324 2024 turbaverant

359 2035 825 2110 antesignanOS,
877 2043 937 2094 et
978 2037 1099 2095 iam
1128 2037 1305 2112 signa
1343 2042 1662 2100 moverant
1687 2039 1859 2107 loco;
1920 2035 2144 2096 deinde
2187 2049 2322 2094 cre-

358 2126 567 2180 scente
599 2119 928 2178 certamine
960 2125 1020 2178 et
1047 2121 1314 2180 clamore
1344 2120 1735 2197 impotentius
1765 2120 1885 2179 iam
1911 2120 2042 2194 regi
2072 2124 2133 2178 et
2163 2117 2324 2177 inter

359 2205 513 2263 duas
557 2202 723 2262 acies
770 2203 1030 2278 versari,
1076 2204 1243 2264 velut
1284 2204 1523 2277 incerti,
1571 2217 1828 2280 quorum
1867 2209 2106 2274 essent,
2150 2201 2324 2261 haud

359 2285 731 2347 dissimiliter
786 2286 1045 2347 navibus
1104 2287 1238 2348 sine
1295 2287 1706 2362 gubernaculo
1764 2287 1960 2362 vagis.
2032 2285 2323 2346 Claudius

358 2370 551 2446 „quid
596 2385 743 2447 ergo
787 2371 1105 2447 praecipiti
1137 2386 1324 2433 cursu
1351 2378 1474 2432 tam
1502 2373 1750 2446 longum
1789 2371 1898 2430 iter
1942 2368 2176 2431 emensi
2221 2385 2324 2428 su-

358 2471 494 2514 mus
512 2459 591 2514 “⁴3
635 2453 948 2515 clamitans
980 2455 1286 2532 militibuS‚
1333 2470 1471 2516 eum
1498 2455 1558 2514 in
1591 2455 1920 2516 adversum
1949 2453 2167 2514 collem
2197 2453 2322 2512 l'ru-

361 2546 488 2599 stra
510 2539 685 2614 signa
715 2539 950 2613 erigere
978 2545 1233 2601 conatus
1264 2545 1449 2613 esset,
1481 2545 1808 2615 postquam
1837 2553 1912 2598 ea
1938 2535 2192 2611 regione
2216 2551 2323 2614 pe-

360 2623 581 2683 netrari
624 2622 703 2681 ad
747 2623 985 2683 hostem
1028 2638 1152 2684 non
1193 2622 1444 2683 videbat
1485 2637 1705 2697 posse,
1756 2621 2042 2683 cohortes
2086 2619 2322 2695 aliquot

361 2706 702 2767 subductas
744 2720 779 2765 e
822 2705 1037 2766 dextro
1080 2721 1300 2782 cornu,
1345 2707 1449 2768 ubi
1492 2707 1814 2768 stationem
1842 2705 2036 2779 magis
2067 2719 2323 2777 segnem

363 2805 543 2865 quam
576 2803 845 2864 pugnam
875 2789 1134 2850 suturam
1166 2789 1482 2866 cernebat,
1527 2796 1674 2865 post
1700 2789 1896 2850 aciem
1926 2786 2327 2849 circumducit

361 2879 421 2933 et
460 2890 581 2933 non
624 2870 906 2933 hostibus
950 2876 1133 2936 modo
1180 2876 1294 2935 sed
1335 2875 1516 2934 etiam
1546 2874 1676 2934 suis
1717 2870 2175 2949 inopinantibus
2215 2870 2324 2928 ho-

362 2957 541 3016 stium
573 2957 728 3016 latus
760 2956 1039 3027 incurrit3
1068 2963 1361 3034 tantaque
1391 2958 1670 3018 celeritas
1699 2957 1827 3032 fuit,
1855 2961 1922 3016 ut
1950 2966 2089 3016 cum
2119 2961 2324 3014 osten-

364 3039 600 3099 dissent
628 3054 696 3099 se
728 3039 803 3099 ab
835 3040 1049 3116 latere,
1091 3055 1235 3102 mox
1265 3041 1330 3103 in
1358 3048 1526 3120 terga
1556 3043 1672 3102 iam
1706 3048 2065 3118 pugnarent.
2136 3037 2218 3097 ita
2246 3051 2344 3096 ex·

364 3123 645 3185 omnibus
678 3123 984 3198 partibus,
1030 3124 1107 3184 ab
1138 3127 1368 3200 fronte,
1415 3126 1493 3187 ab
1521 3129 1736 3200 latere,
1783 3123 1858 3184 ab
1891 3129 2097 3198 tergo,
2143 3119 2324 3181 truci-

363 3207 581 3268 dantur
609 3207 865 3283 Hispani
894 3208 1306 3286 Liguresque;
1352 3216 1411 3270 et
1443 3211 1522 3271 ad
1539 3209 1746 3270 Gallos
1782 3209 1900 3267 iam
1931 3205 2155 3266 caedes
2186 3220 2323 3280 per-

365 3298 628 3351 venerat.
673 3290 757 3350 ibi
785 3293 1097 3353 minimum
1128 3295 1472 3354 certaminis
1503 3293 1640 3353 suit:
1671 3307 1813 3352 nam
1842 3297 1902 3350 et
1930 3305 2075 3365 pars
2105 3301 2325 3362 magna

362 3373 439 3433 ab
481 3373 673 3450 signis
717 3375 997 3451 aberant,
1045 3385 1225 3439 nocte
1254 3378 1479 3454 dilapsi
1519 3377 1814 3450 stratique
1843 3387 2062 3435 somno
2095 3369 2325 3447 passim

362 3471 474 3533 per
501 3473 704 3535 agroS,
749 3466 809 3520 et
839 3461 945 3536 qui
980 3461 1251 3536 aderant,
1296 3460 1512 3521 itinere
1541 3474 1614 3520 ac
1646 3457 1866 3535 vigiliis
1899 3454 2068 3529 fessi,
2112 3454 2323 3514 intole-
