2550 3959
588 218 820 279 LIBER
846 218 1031 303 XXV.
1074 220 1239 279 cAP.
1270 230 1358 282 23.
1407 228 1479 294 sa.
1505 226 1568 280 c.
1600 228 1728 295 212]
2063 219 2148 284 79

168 370 521 445 transfugas
565 368 998 447 Syracusanos
1037 400 1125 413 —-
1165 378 1336 430 erant
1378 378 1579 432 autem
1622 373 1784 449 apud
1827 375 2140 439 Romanos

168 455 355 531 aliqui
386 452 756 515 nobilissimi
789 453 900 513 viri
928 454 1084 515 inter
1114 454 1517 515 desectionem
1552 456 1630 515 ab
1652 458 1964 535 RomaniS,
1999 465 2142 537 quia

168 539 242 599 ab
282 538 473 601 novis
517 536 795 597 consiliis
836 536 1275 612 abhorrebant,
1323 540 1485 615 pulsi
1515 571 1602 585 —-
1633 542 1958 618 colloquiis
1988 560 2140 605 suae

168 620 361 700 partis
390 627 695 698 temptare
722 620 1033 681 hominum
1076 622 1315 688 animos
1345 624 1524 685 iussit
1553 631 1614 685 et
1641 624 1829 685 fidem
1860 626 2039 703 darc,
2085 629 2137 689 si

166 707 427 769 traditae
477 707 680 767 forent
720 703 1105 782 Syracusae,
1170 706 1400 767 liberos
1449 724 1560 768 eos
1605 724 1678 769 ac
1721 710 1851 770 suis
1896 710 2138 786 legibus

166 792 442 853 victuros
486 804 651 850 esse.
713 805 839 850 non
881 796 1012 850 erat
1053 790 1344 867 colloquii
1374 792 1584 867 copia,
1630 792 1775 869 quia
1815 794 2136 855 multorum

167 873 348 935 animi
375 875 651 950 suspecti
682 874 951 935 omnIum
973 889 1180 934 curam
1212 876 1558 951 oculosque
1586 886 2028 953 converterant,
2060 896 2139 939 ne

170 959 317 1035 quid
361 958 601 1019 falleret
641 959 763 1022 tale
803 958 1161 1019 admissum.
1228 975 1450 1020 servus
1494 976 1652 1021 unus
1696 963 1976 1024 exsulum
2020 980 2136 1039 pro

166 1043 488 1118 transfuga
528 1042 919 1103 intromissus
961 1043 1020 1102 in
1065 1043 1279 1102 urbem
1311 1044 1629 1103 conventis
1658 1046 1874 1120 paucis
1901 1046 2137 1108 initium

166 1127 565 1203 colloquendi
595 1125 806 1187 detali
834 1141 904 1186 re
934 1127 1095 1187 fecit.
1162 1127 1304 1186 dein
1335 1128 1668 1203 piscatoria
1699 1129 1942 1205 quidam
1975 1147 2135 1191 nave

162 1210 397 1273 retibus
426 1212 625 1286 operti
656 1210 1168 1287 circumvectique
1197 1211 1279 1271 ita
1309 1212 1387 1271 ad
1417 1220 1620 1271 castra
1639 1213 1916 1273 Romana
1945 1215 2133 1275 collo-

166 1295 419 1370 cutique
448 1309 589 1355 cum
616 1295 979 1370 transfugis,
1026 1303 1086 1357 et
1113 1295 1296 1355 iidem
1329 1296 1577 1370 saepius
1610 1296 1829 1356 eodem
1857 1298 2043 1358 modo
2075 1306 2132 1361 et

163 1379 262 1441 alii
305 1386 498 1454 atque
528 1378 659 1438 alii.
723 1385 1037 1453 postremo
1068 1379 1146 1438 ad
1192 1380 1502 1455 octoginta
1531 1380 1692 1440 facti.
1758 1389 1817 1441 et
1846 1396 1984 1441 cum
2012 1382 2130 1442 iam

164 1462 516 1539 composita
544 1462 751 1523 omnia
778 1462 857 1522 ad
879 1463 1286 1538 proditionem
1318 1472 1543 1537 essent,
1577 1464 1801 1525 indicio
1828 1465 2028 1527 delato
2053 1468 2132 1526 ad

162 1546 489 1627 Epicyden
512 1546 904 1622 perAttalum
936 1548 1240 1622 quendam
1269 1548 1683 1623 indignantem
1707 1550 1823 1610 sibi
1853 1566 1978 1610 rem
2002 1566 2130 1611 cre·

164 1632 356 1692 ditam
386 1648 513 1691 non
544 1646 706 1706 esse,
738 1630 934 1691 necati
964 1646 1178 1691 omnes
1207 1633 1477 1693 cruciatu
1507 1640 1665 1694 sunt.
1719 1634 1838 1693 alia
1867 1635 2132 1695 subinde

163 1732 333 1791 spes,
380 1723 712 1792 postquam
741 1714 895 1798 haec
922 1730 1083 1774 vana
1111 1724 1421 1785 evaserat,
1469 1718 1729 1791 excepit.
1793 1718 2128 1794 Damippus
2215 1750 2222 1757 ·

166 1800 417 1875 quidam
446 1799 1005 1871 LacedaemoniuS,
1046 1798 1273 1858 missus
1317 1798 1394 1857 ab
1425 1798 1757 1875 Syracusis
1800 1800 1875 1859 ad
1907 1800 2130 1876 Philip-

162 1900 309 1959 pum
338 1898 579 1958 regem,
625 1889 841 1957 captus
872 1882 947 1942 ab
978 1883 1269 1943 Romanis
1301 1882 1560 1944 navibus
1601 1890 1748 1943 erat.
1807 1884 1986 1944 huius
2020 1886 2127 1944 uti-

165 1984 285 2041 que
324 1966 667 2027 redimendi
697 1973 757 2026 et
782 1966 1101 2042 Epicydae
1144 1982 1290 2027 cura
1317 1973 1446 2027 erat
1485 1968 1732 2043 ingens,
1778 1983 1893 2027 ncc
1921 1968 2131 2029 abnuit

162 2052 511 2126 Marcellus,
555 2051 673 2110 iam
703 2057 827 2110 tum
855 2050 1232 2126 Aetolorum,
1281 2050 1500 2127 quibus
1531 2051 1686 2112 socii
1716 2051 2126 2113 Lacedaemo-

164 2136 247 2195 nii
269 2142 463 2210 erant,
486 2134 819 2195 amicitiam·
832 2134 1277 2196 adfectantibus
1293 2136 1606 2197 Romanis.
1652 2136 1731 2196 ad
1757 2137 2127 2212 colloquium

166 2220 244 2279 de
284 2219 714 2294 redemptione
757 2219 890 2280 eius
920 2218 1129 2279 missis
1159 2219 1398 2279 medius
1428 2221 1692 2279 maxime
1734 2227 1919 2295 atquc
1947 2221 2117 2281 utris-

164 2319 285 2378 que
315 2308 703 2379 opportunus
732 2302 908 2364 locus
939 2304 1017 2363 ad
1048 2308 1289 2378 portum
1316 2302 1694 2377 Trogilorum
1723 2312 1977 2379 propter
2004 2310 2124 2365 tur-

160 2388 293 2462 rim,
326 2403 511 2463 quam
539 2393 765 2447 vocant
793 2386 1169 2461 Galeagram,
1200 2392 1295 2447 cst
1321 2386 1512 2447 visus.
1557 2403 1680 2461 quo
1712 2403 1848 2447 cum
1878 2389 2125 2464 saepius

163 2477 595 2544 commearent,
625 2487 785 2531 unus
815 2486 893 2530 ex
906 2470 1199 2531 Romanis
1230 2485 1308 2529 ex
1341 2471 1688 2544 propinquo
1718 2487 1952 2530 murum
1983 2487 2122 2531 con-

161 2557 491 2631 templans,
522 2555 898 2617 numerando
922 2554 1163 2630 lapides
1194 2554 1702 2628 aestimandoque
1730 2554 1868 2629 ipse
1895 2569 2125 2630 secum,

162 2639 311 2715 quid
343 2640 407 2699 in
430 2640 631 2701 fronte
651 2646 930 2715 paterent
958 2639 1199 2714 singuli,
1230 2636 1604 2698 altitudinem
1632 2637 1803 2711 muri,
1837 2644 2125 2713 quantum

163 2724 447 2799 proxime
488 2722 839 2786 coniectura
878 2729 1145 2799 poterat,
1189 2737 1581 2798 permensuS,
1627 2719 2127 2798 humilioremque

162 2807 480 2883 aliquanto
510 2807 769 2883 pristina
812 2806 1101 2883 opinione
1132 2823 1243 2867 sua
1274 2813 1334 2865 ct
1363 2811 1699 2867 ceterorum
1738 2805 2002 2865 omnium
2031 2822 2126 2865 ra-

168 2896 263 2952 tus
306 2906 457 2953 csse
496 2900 557 2953 et
582 2892 683 2952 vel
712 2889 1126 2951 mediocribus
1158 2890 1344 2951 scalis
1374 2888 1814 2966 superabilem,
1860 2890 1938 2949 ad
1967 2888 2125 2949 Mar-

162 2975 385 3036 cellum
413 2991 545 3035 rem
574 2975 803 3037 deserti
847 2975 1012 3035 haud
1043 2974 1392 3050 spernenda
1422 2974 1575 3035 visa.
1640 2975 1754 3035 sed
1797 2989 1934 3035 cum
1973 2974 2124 3034 adiri

160 3060 363 3135 locus,
395 3059 540 3136 quia
570 3060 647 3119 ob
679 3059 743 3118 id
772 3059 973 3134 ipsum
1003 3058 1289 3119 intentius
1319 3056 1794 3131 custodiebatur,
1825 3075 1946 3119 non
1977 3073 2123 3133 pos-

160 3150 279 3218 set,
310 3144 563 3215 occasio
590 3142 1027 3219 quaerebatur;
1061 3159 1243 3217 quam
1274 3141 1487 3202 obtulit
1507 3142 1818 3217 transfuga
1842 3142 2124 3201 nuntians

162 3228 331 3289 diem
375 3227 599 3289 festum
627 3227 860 3289 Dianae
900 3243 1012 3303 per
1051 3227 1314 3289 triduum
1344 3226 1472 3301 agi,
1515 3234 1573 3287 ct
1604 3226 1750 3301 quia
1778 3226 1896 3285 alia
1924 3222 1984 3283 in
2017 3223 2124 3283 ob-

161 3312 414 3374 sidione
437 3312 657 3389 desint,
689 3312 835 3374 vino
856 3311 1085 3387 largius
1116 3313 1330 3387 epulas
1357 3310 1651 3370 celebrari
1675 3317 1734 3370 et
1755 3308 1831 3369 ab
1846 3308 2124 3387 Epicyde

160 3396 448 3472 praebito
491 3396 818 3459 universae
857 3396 1057 3472 plebei
1100 3403 1159 3455 et
1186 3410 1300 3471 per
1325 3393 1515 3455 tribus
1547 3410 1582 3453 a
1611 3392 2002 3469 principibus
2035 3386 2125 3451 di-

160 3480 326 3543 viso.
394 3481 459 3541 id
498 3482 603 3543 ubi
646 3482 885 3557 accepit
911 3480 1265 3555 Marcellus,
1314 3494 1450 3539 cuni
1490 3478 1707 3557 paucis
1749 3476 2120 3539 tribunorum
