2550 3959
538 206 773 268 Lmen
798 206 1067 269 xxvm⁶
1118 207 1286 269 CAP.
1315 215 1402 269 35.
1427 213 1517 271 ss.
1565 215 1638 282 [a.
1665 214 1728 268 c.
1755 211 1883 288 206]
2056 212 2184 278 261
2236 271 2246 283 ,

217 359 569 438 praesentis
597 359 911 422 veneratio
943 354 1137 436 cepit;
1183 367 1259 434 et,
1308 367 1742 436 praeterquam
1773 363 1941 438 quod
1971 372 2190 441 suapte

218 451 445 509 natura
472 445 661 506 multa
686 443 979 506 maiestas
1007 444 1234 518 inerat,
1268 443 1611 505 adornabat
1637 445 1948 520 promissa
1978 464 2188 512 caesa-

216 530 343 592 ries
370 529 743 604 habitusque
773 527 1086 605 corporis,
1127 543 1253 588 non
1285 529 1484 590 cultus
1511 527 1820 592 munditiis
1851 531 1966 592 sed
1996 532 2190 594 virilis

218 629 371 675 vere
412 627 489 674 ac
524 611 803 673 militaris
844 618 907 673 et
934 619 1103 672 aetas
1144 611 1205 672 in
1234 612 1438 674 medio
1465 611 1686 674 virium
1714 613 1972 692 robore,
2019 617 2189 693 quod

219 697 465 775 plenius
506 695 883 772 nitidiusque
924 711 1003 756 ex
1030 697 1247 758 morbo
1276 697 1445 759 velut
1468 702 1798 760 renovatus
1827 695 1953 761 flos
1977 697 2189 762 iuven-

215 789 319 844 tae
347 781 627 842 faciebat.
672 795 876 857 prope
903 779 1193 842 attonitus
1223 779 1364 856 ipso
1394 794 1743 858 congressu
1761 781 2023 844 Numida
2049 799 2188 859 gra—

218 865 336 926 tias
380 865 459 925 de
486 864 689 925 fratris
717 865 843 925 filio
873 865 1139 927 remisso
1168 863 1310 940 agit.
1381 879 1462 924 ex
1491 880 1566 926 eo
1599 870 1876 942 tempore
1905 867 2190 930 adfirmat

219 965 356 1012 eam
406 964 478 1010 se
526 949 853 1026 quaesisse
910 948 1334 1022 occasionem,
1395 964 1579 1024 quam
1628 949 1876 1011 tandem
1925 951 2192 1013 oblatam

218 1035 406 1095 deum
444 1033 871 1096 immortalium
898 1031 1203 1094 beneflcio
1231 1049 1356 1094 non
1387 1032 1679 1095 omiserit.
1747 1049 1976 1111 cupere
2005 1052 2077 1097 se
2105 1036 2188 1096 illi

216 1119 582 1194 populoque
606 1117 887 1179 Romano
918 1132 1171 1194 operam
1198 1133 1427 1178 navare
1455 1118 1556 1193 ita,
1585 1124 1653 1179 ut
1678 1133 1858 1180 nemo
1887 1136 2051 1182 unus
2080 1136 2187 1181 ex—

216 1201 655 1277 ternus-magis
685 1202 866 1262 enixe
896 1201 1199 1263 adiuverit
1217 1217 1349 1262 rem
1371 1202 1726 1263 Romanam.
1773 1203 1836 1263 id
1857 1219 1948 1280 se,
1979 1204 2186 1266 etiam-

216 1287 272 1348 si
302 1285 423 1346 iam
449 1285 689 1362 pridem
716 1286 917 1361 vellet,
944 1284 1146 1347 minus
1175 1293 1496 1362 praestare
1523 1285 1586 1346 in
1611 1287 1942 1364 Hispania,
1986 1289 2188 1348 aliena

217 1377 407 1448 atque
446 1369 655 1446 ignota
692 1378 885 1444 terra,
928 1364 1243 1446 po‘tuissee
1285 1371 1346 1430 in
1379 1387 1506 1446 qua
1531 1375 1733 1432 autem
1763 1370 2006 1446 genitus
2037 1371 2198 1432 edu-

216 1462 519 1531 catusque
546 1453 608 1514 in
638 1470 818 1531 spem
839 1454 1077 1530 paterni
1098 1455 1274 1530 regni
1297 1462 1482 1531 esset,
1511 1454 1692 1516 facile
1716 1461 2190 1532 praestaturum,

216 1540 271 1602 si
304 1539 549 1616 quidem
592 1539 856 1602 eundem
885 1538 1239 1616 Scipionem
1283 1539 1508 1601 ducem
1534 1539 1595 1600 in
1621 1538 1896 1600 Africam
1923 1536 2188 1604 Romani

214 1624 482 1698 mittant,
525 1623 675 1685 satis
718 1637 973 1700 sperare
1015 1623 1334 1700 perbrevis
1375 1624 1513 1684 aevi
1557 1623 1982 1699 carthaginem
2023 1640 2184 1687 esse.

216 1711 416 1770 laetus
456 1721 597 1768 eum
626 1706 835 1784 Scipio
874 1707 1029 1768 vidit
1066 1707 1420 1782 audivitque
1434 1753 1451 1782 ‚
1497 1723 1640 1768 cum
1679 1715 1866 1783 caput
1889 1723 2094 1770 rerum
2123 1708 2186 1768 in

220 1793 387 1854 omni
427 1791 695 1853 hostium
741 1790 1017 1869 equitatu
1042 1791 1436 1853 Masinissam
1477 1791 1674 1852 fuisse
1704 1792 1918 1868 sciret,
1961 1791 2188 1868 etipse

217 1875 461 1938 iuvenis
491 1877 805 1953 specimen
834 1876 1017 1936 animi
1048 1891 1199 1953 prae
1226 1891 1298 1936 se
1326 1876 1528 1937 ferret.
1572 1875 1698 1936 fide
1727 1876 1872 1937 data
1901 1883 2186 1952 accepta·

225 1977 351 2039 que
378 1961 691 2037 proreems
716 1967 883 2022 retro
911 1961 1320 2022 Tarraconem
1344 1965 1458 2021 est.
1514 1959 1849 2022 Masinissa
1877 1959 2188 2036 permissu

212 2047 647 2120 Romanorum,
673 2060 751 2105 ne
777 2045 911 2106 sine
934 2061 1128 2107 causa
1148 2043 1468 2106 traiecisse
1497 2044 1560 2104 in
1585 2043 1993 2106 continentem
2014 2045 2186 2106 vide·

215 2136 399 2208 retur,
429 2130 762 2205 populatus
793 2129 1114 2206 proximos
1146 2145 1332 2204 agros
1365 2129 1570 2190 Gades
1597 2129 1798 2191 rediit.

266 2209 271 2215 '
383 2212 654 2275 XXXVI.
698 2212 949 2289 Magoni
1004 2213 1356 2289 desperatis
1407 2213 1472 2273 in
1511 2213 1814 2289 Hispania
1851 2213 2072 2288 rebuS‚
2124 2213 2187 2273 in

220 2312 480 2374 quarum
521 2311 701 2372 spem
740 2297 963 2360 seditio
1008 2297 1270 2374 primum
1309 2297 1619 2372 militaris,
1669 2296 1894 2358 deinde
1923 2294 2187 2368 defectio

214 2380 507 2443 Indebilis
536 2381 776 2443 animos
808 2381 943 2444 eius
972 2383 1368 2455 sustulerant,
1397 2380 1638 2457 paranti
1660 2380 1920 2441 traicere
1941 2379 2006 2440 in
2025 2380 2187 2441 Afri-

217 2463 352 2527 cain
400 2465 739 2528 nuntiatum
778 2466 855 2526 ab
900 2464 1262 2542 Carthagine
1310 2471 1436 2538 est,
1499 2463 1713 2524 iubere
1761 2470 2041 2524 senatum
2054 2507 2071 2538 ,
2121 2471 2190 2525 ut

217 2552 502 2624 classem,
535 2565 715 2626 quam
744 2548 1017 2612 Gadi-bus
1046 2549 1324 2623 haberet,
1349 2547 1414 2608 in
1441 2547 1678 2610 Italiam
1706 2546 2006 2619 traiceret,
2039 2562 2186 2608 con-

216 2633 401 2695 ducta
428 2633 511 2692 ibi
540 2633 853 2696 Gallorum
880 2650 957 2694 ac
977 2634 1267 2710 Ligurum
1297 2640 1528 2710 quanta
1553 2631 1822 2692 maxima
1848 2637 2069 2706 posset
2097 2632 2186 2693 iu-

214 2721 470 2778 ventute
506 2719 906 2794 coniungeret
946 2733 1018 2778 se
1043 2717 1400 2792 Hannibali,
1445 2733 1572 2777 neu
1599 2730 1930 2778 senescere
1958 2715 2188 2778 bellum

215 2800 485 2862 maximo
514 2802 761 2878 impetu,
793 2803 1029 2863 maiore
1057 2804 1302 2866 fortuna
1331 2807 1616 2878 coeptum
1649 2799 1897 2862 sineret.
1941 2799 2024 2860 ad
2052 2815 2188 2860 eam

214 2901 347 2945 rem
376 2891 440 2946 et
464 2901 505 2945 a
534 2885 896 2962 Carthagine
926 2887 1192 2962 pecunia
1215 2886 1466 2968 Magoni
1501 2884 1764 2946 advecta
1793 2888 1916 2958 est,
1961 2889 2023 2944 et
2049 2883 2189 2959 ipse

219 2975 509 3046 quantam
540 2971 739 3046 potuit
766 2987 804 3031 a
833 2968 1149 3032 Gaditanis
1178 2971 1394 3047 exigit,
1437 2987 1563 3032 non
1595 2967 1833 3030 aerario
1861 2965 2050 3029 modo
2082 2982 2186 3030 eo-

216 3068 353 3114 rum
382 3053 497 3114 sed
528 3054 707 3115 etiam
734 3055 981 3131 templis
1010 3054 1323 3133 spoliatiS,
1366 3061 1428 3117 et
1455 3053 1740 3132 privatim
1767 3049 2052 3114 omuibus
2085 3067 2188 3112 co·

217 3137 371 3198 actis
429 3151 644 3198 aurum
700 3145 1147 3217 argentumque
1193 3138 1255 3198 in
1307 3137 1618 3216 publicum
1676 3138 1976 3199 conferre.
2050 3151 2188 3196 cum

216 3221 788 3298 praeterveheretur
806 3223 1143 3300 Hispaniae
1172 3239 1360 3299 oram,
1388 3222 1556 3285 haud
1587 3223 1800 3299 procul
1829 3219 2190 3294 Carthagine

216 3321 383 3367 nova
422 3308 725 3384 expositis
762 3310 824 3369 in
853 3314 1077 3370 terram
1106 3307 1394 3369 militibus
1424 3307 1746 3384 proximos
1775 3305 2190 3382 depopulatur

218 3405 404 3466 agros
419 3437 437 3466 ,
476 3389 627 3452 inde
666 3393 748 3454 ad
772 3393 991 3454 urbem
1030 3393 1295 3454 classem
1323 3391 1577 3468 appulit.
1646 3389 1730 3450 ibi
1759 3405 1900 3451 cum
1926 3387 2188 3450 interdiu

213 3474 441 3536 milites
480 3474 543 3535 in
588 3475 851 3558 navibus
892 3476 1225 3547 tenuisset,
1267 3481 1452 3536 nocte
1493 3473 1554 3534 in
1586 3473 1728 3535 litus
1759 3472 2080 3550 expositos
2113 3471 2192 3530 ad
