2550 3959
558 231 789 292 LIBER
815 230 997 291 xxx.
1042 230 1208 290 CAP.
1240 242 1329 293 ιε».
1361 240 1446 295 16.
1492 236 1566 305 [a.
1597 238 1662 290 c.
1690 239 1815 305 203]
2047 234 2178 299 337

206 386 469 445 duorum
490 398 721 458 regum,
754 380 976 456 quibus
1006 388 1199 459 nupta
1216 382 1456 459 fuisset,
1487 383 1605 443 sibi
1633 383 1772 460 ipsa
1801 387 2172 447 consuleret.

207 470 369 528 hunc
409 466 685 527 nuntium
710 481 787 525 ac
816 465 996 527 simul
1036 482 1344 528 venenum
1373 469 1578 528 ferens
1621 468 1895 529 minister
1921 486 2060 532 curn
2089 472 2170 532 ad

122 568 127 575 ’
206 552 630 630 Sophonibam
661 550 963 625 venisset,
1004 551 1326 627 „accipio“
1355 551 1550 627 inquit
1587 552 1898 629 „nuptiale
1926 570 2166 629 munuS,

210 653 413 714 neque
442 638 760 712 ingratum,
791 635 845 695 si
872 634 1021 694 nihil
1050 636 1247 696 maius
1281 636 1374 695 vir
1399 636 1582 696 uxori
1609 644 1926 711 praestare
1953 640 2166 714 potuit:

206 724 325 782 hoc
352 730 553 781 tamen
584 720 809 791 nuntia,
856 720 1073 780 melius
1103 736 1202 779 me
1229 720 1581 781 morituram
1609 719 1822 795 fuisse,
1868 722 1924 782 si
1953 739 2075 783 non
2107 724 2168 783 in

209 808 417 866 sunere
459 820 596 865 ineo
638 804 1053 880 nupsissem“.
1127 819 1249 866 non
1291 805 1496 865 locuta
1535 812 1632 866 est
1672 805 1939 867 ferocius
1984 824 2166 883 quam

207 898 525 965 acceptum
571 888 858 964 poculum
900 888 1065 947 nullo
1110 887 1534 963 trepidationis
1579 890 1756 963 signo
1789 891 1932 951 dato
1975 892 2167 967 impa-

208 974 351 1033 vide
390 973 609 1033 hausit.
678 972 849 1047 quod
891 970 996 1031 ubi
1037 972 1373 1032 nuntiatum
1413 981 1510 1034 est
1549 972 1851 1049 Scipioni,
1899 992 1978 1035 ne
2021 977 2171 1050 quid

204 1072 389 1132 aeger
408 1056 591 1115 animi
612 1057 789 1115 ferox
810 1056 1049 1114 iuvenis
1075 1056 1328 1131 gravius
1353 1058 1715 1131 consuleret,
1745 1060 2006 1119 accitum
2029 1075 2169 1121 eum

202 1140 511 1215 extemplo
540 1154 701 1198 nunc
731 1140 982 1214 solatur,
1012 1154 1190 1214 nunc,
1224 1141 1394 1216 quod
1414 1140 1809 1201 temeritatem
1839 1144 2172 1205 temeritate

208 1226 327 1284 alia
354 1223 549 1298 luerit,
592 1222 1044 1299 tristioremque
1072 1239 1219 1297 rem,
1266 1240 1451 1300 quam
1480 1239 1743 1286 necesse
1773 1226 1966 1301 fuerit,
2009 1228 2170 1287 fece·

202 1310 304 1381 rit,
360 1307 577 1367 leniter
617 1307 892 1383 castigat.
978 1316 1229 1384 postero
1283 1309 1416 1385 die,
1468 1316 1536 1369 ut
1575 1325 1614 1369 a
1656 1314 1963 1385 praesenti
2004 1320 2174 1375 motu

201 1398 504 1453 averteret
541 1392 806 1452 animum
836 1392 1000 1467 eiuS,
1046 1393 1108 1451 in
1136 1392 1398 1453 tribunal
1429 1393 1708 1454 escendit
1736 1400 1797 1454 et
1825 1396 2170 1457 contionem

202 1477 494 1539 advocari
525 1476 720 1537 iussit.
786 1476 869 1537 ibi
898 1476 1324 1553 Masinissam,
1369 1478 1632 1555 primum
1659 1494 1870 1553 regem
1897 1482 2169 1556 appella-

202 1570 327 1622 tum
369 1561 737 1637 eximiisque
778 1568 1057 1621 ornatum
1098 1561 1414 1636 laudibus,
1459 1577 1650 1623 aurea
1680 1578 1940 1638 corona,
1985 1582 2174 1627 aurea

201 1652 435 1721 patera,
480 1645 637 1705 sella
664 1646 857 1706 curuli
890 1653 949 1705 et
978 1646 1259 1721 scipione
1291 1645 1545 1721 eburno,
1587 1653 1730 1722 toga
1757 1648 1924 1723 picta
1952 1654 2012 1709 et
2039 1650 2172 1724 pal-

201 1736 361 1789 mata
390 1728 593 1790 tunica
620 1729 826 1790 donat.
856 1760 859 1763 ·
894 1730 1067 1789 addit
1094 1730 1302 1791 verbis
1333 1730 1663 1791 honoremz
1709 1747 1911 1806 neque
1938 1734 2170 1807 magni-

202 1814 479 1873 ficentius
512 1814 843 1890 quicquam
871 1814 1175 1891 triumpho
1206 1814 1376 1891 apud
1391 1816 1703 1875 Romanos
1733 1832 1938 1891 neque
1965 1817 2172 1877 trium-

199 1897 531 1974 phantibus
573 1898 932 1973 ampliorem
962 1915 1037 1960 eo
1068 1906 1287 1960 ornatu
1315 1914 1487 1972 esse,
1537 1914 1659 1975 quo
1691 1915 1872 1959 unum
1905 1900 2174 1959 omnium

200 1990 589 2042 externorum
624 1981 873 2057 dignum
900 1984 1296 2045 Masinissam
1326 1984 1594 2061 populus
1623 1984 1936 2044 Romanus
1967 1985 2169 2044 ducat.

199 2068 472 2128 Laelium
514 2068 739 2127 deinde
779 2074 841 2127 et
878 2068 1083 2145 ipsum
1128 2069 1544 2130 collaudatum
1578 2084 1768 2127 aurea
1799 2083 2030 2129 corona
2059 2069 2166 2129 do-

199 2158 320 2211 nat.
388 2158 447 2210 et
488 2151 590 2209 alIi
633 2152 923 2212 militares
964 2154 1110 2226 viri,
1156 2162 1342 2230 prout
1368 2170 1406 2213 a
1436 2168 1688 2230 quoque
1718 2160 1940 2213 navata
1982 2169 2174 2229 opera

200 2242 345 2308 erat,
378 2234 603 2294 donati.
650 2234 747 2294 his
772 2234 1111 2296 honoribus
1134 2238 1400 2297 mollitus
1425 2237 1590 2311 regis
1613 2236 1870 2311 animus,
1901 2246 2171 2297 erectus-

203 2334 326 2394 que
366 2318 426 2377 in
470 2330 647 2394 spem
688 2318 1101 2394 propinquam
1140 2319 1384 2383 sublato
1416 2320 1707 2397 Syphace
1737 2319 1936 2380 omnis
1965 2320 2174 2381 Numi-

202 2402 343 2461 diae
373 2402 729 2478 potiundae.

368 2486 529 2547 XVI.
572 2485 781 2563 Scipio
808 2486 871 2548 C.
894 2487 1103 2548 Laelio
1132 2503 1271 2549 cum
1296 2488 1588 2567 Syphace
1617 2489 1879 2564 aliisque
1911 2490 2170 2568 captivis

202 2572 460 2632 Romam
499 2571 727 2645 misse,
768 2586 907 2632 cum
938 2572 1161 2647 quibus
1192 2579 1252 2632 et
1277 2572 1648 2637 Masinissae
1689 2573 1870 2648 legati
1916 2574 2173 2651 profecti

202 2663 373 2731 sunt,
417 2656 554 2732 ipse
582 2656 662 2716 ad
690 2656 927 2736 Tyneta
954 2673 1169 2717 rursus
1199 2664 1403 2717 castra
1430 2658 1642 2732 refert,
1688 2665 1748 2718 et
1777 2673 1938 2734 quae
1977 2658 2170 2719 muni-

203 2747 407 2799 menta
434 2740 849 2815 inchoaverat,
894 2740 1217 2817 permunit.
1285 2742 1819 2816 Carthaginienses
1849 2757 1970 2800 non
2001 2742 2176 2802 brevi

200 2826 404 2884 solum
432 2825 547 2885 sed
577 2840 776 2901 prope
804 2841 965 2886 vano
996 2826 1222 2901 gaudio
1265 2825 1344 2886 ab
1377 2826 1526 2887 satis
1571 2841 1875 2901 prospera
1903 2826 1964 2885 in
1994 2842 2174 2902 prae-

201 2924 349 2969 sens
394 2908 851 2985 oppugnatione
882 2911 1102 2971 classis
1130 2911 1396 2986 perfusi,
1437 2918 1582 2987 post
1611 2911 1833 2970 famam
1863 2910 2025 2987 capti
2055 2909 2173 2987 Sy·

202 2992 449 3067 phacis,
493 2994 553 3053 in
586 3010 707 3069 quo
738 2994 879 3069 plus
910 3010 1106 3071 prope
1138 3012 1320 3069 quam
1349 2995 1407 3055 in
1438 2995 1824 3055 Hasdrubale
1852 3002 2036 3071 atque
2065 3010 2172 3055 ex—

201 3076 395 3135 ercitu
426 3091 541 3137 suo
572 3078 711 3153 spei
737 3079 1197 3154 reposuerunt,
1224 3080 1521 3161 perculsi,
1563 3081 1684 3139 iam
1713 3080 1881 3141 nullo
1923 3086 2174 3139 auctore

117 3216 125 3224 .
200 3159 346 3220 belli
385 3160 543 3221 ultra
596 3162 803 3222 audito
858 3168 1135 3223 oratores
1179 3164 1260 3223 ad
1307 3179 1524 3239 pacem
1567 3164 1894 3239 petendam
1937 3164 2174 3224 mittunt

200 3244 448 3318 triginta
488 3246 799 3307 seniorum
831 3246 1164 3323 principes·
1230 3248 1295 3307 id
1339 3256 1468 3308 erat
1509 3248 1782 3309 sanctius
1823 3248 1992 3323 apud
2032 3247 2172 3308 illos

200 3327 527 3388 consilium
568 3330 955 3406 maximaque
994 3330 1077 3392 ad
1120 3330 1324 3407 ipsum
1366 3339 1646 3393 senatum
1688 3332 2022 3407 regendum
2053 3331 2169 3391 vis.

201 3412 309 3487 qui
349 3411 453 3473 ubi
498 3412 558 3471 in
600 3421 803 3474 castra
832 3416 1111 3476 Romana
1139 3422 1199 3473 et
1238 3416 1301 3475 in
1330 3416 1702 3491 praetorium
1739 3423 2169 3491 pervenerunt,

202 3512 374 3557 more
402 3496 777 3556 adulantium
804 3532 879 3543 --
914 3506 1189 3577 accept0,
1219 3500 1428 3575 credo,
1459 3500 1578 3581 ritu
1607 3516 1686 3560 ex
1715 3514 1792 3558 ea
1813 3499 2064 3573 regione
2093 3504 2178 3559 ex

288 3598 342 3640 τ.
372 3597 496 3641 1.1v1
526 3596 679 3640 mas
709 3580 809 3640 111.
1691 3591 1762 3645 22
