<?xml version="1.0" encoding="UTF-8"?>
<!DOCTYPE html PUBLIC "-//W3C//DTD XHTML 1.0 Transitional//EN"
    "http://www.w3.org/TR/xhtml1/DTD/xhtml1-transitional.dtd">
<html xmlns="http://www.w3.org/1999/xhtml" xml:lang="en" lang="en">
 <head>
  <title>
</title>
<meta http-equiv="Content-Type" content="text/html;charset=utf-8" />
  <meta name='ocr-system' content='tesseract 3.04.00' />
  <meta name='ocr-capabilities' content='ocr_page ocr_carea ocr_par ocr_line ocrx_word'/>
</head>
<body>
  <div class='ocr_page' id='page_1' title='image "./aburbeconditali13livygoog_0209.png"; bbox 0 0 2550 3959; ppageno 0'>
   <div class='ocr_carea' id='block_1_1' title="bbox 339 258 1957 333">
    <p class='ocr_par' dir='ltr' id='par_1_1' title="bbox 339 258 1957 333">
     <span class='ocr_line' id='line_1_1' title="bbox 339 258 1957 333; baseline -0.001 -11"><span class='ocrx_word' id='word_1_1' title='bbox 339 258 465 323; x_wconf 76' lang='lat'><strong>182</strong></span> <span class='ocrx_word' id='word_1_2' title='bbox 662 261 895 323; x_wconf 80' lang='lat' dir='ltr'><strong>LIBER</strong></span> <span class='ocrx_word' id='word_1_3' title='bbox 922 259 1163 321; x_wconf 89' lang='lat' dir='ltr'>XXVll.</span> <span class='ocrx_word' id='word_1_4' title='bbox 1208 261 1376 321; x_wconf 82' lang='lat' dir='ltr'>CAJ&#39;.</span> <span class='ocrx_word' id='word_1_5' title='bbox 1413 267 1497 322; x_wconf 84' lang='lat'><strong>17.</strong></span> <span class='ocrx_word' id='word_1_6' title='bbox 1545 266 1618 333; x_wconf 82' lang='lat' dir='ltr'><strong>[a.</strong></span> <span class='ocrx_word' id='word_1_7' title='bbox 1651 265 1720 317; x_wconf 87' lang='lat' dir='ltr'><strong>U.</strong></span> <span class='ocrx_word' id='word_1_8' title='bbox 1753 281 1800 316; x_wconf 88' lang='lat' dir='ltr'><strong>c.</strong></span> <span class='ocrx_word' id='word_1_9' title='bbox 1831 265 1957 330; x_wconf 77' lang='lat'>543]</span> 
     </span>
    </p>
   </div>
   <div class='ocr_carea' id='block_1_2' title="bbox 309 408 2306 3595">
    <p class='ocr_par' dir='ltr' id='par_1_2' title="bbox 309 408 2306 3595">
     <span class='ocr_line' id='line_1_2' title="bbox 336 408 2306 484; baseline 0 -13"><span class='ocrx_word' id='word_1_10' title='bbox 336 408 722 472; x_wconf 80' lang='lat' dir='ltr'>Hasdrubale</span> <span class='ocrx_word' id='word_1_11' title='bbox 742 410 1079 470; x_wconf 84' lang='lat' dir='ltr'><strong>secedendi</strong></span> <span class='ocrx_word' id='word_1_12' title='bbox 1108 409 1168 468; x_wconf 91' lang='lat' dir='ltr'><strong>in</strong></span> <span class='ocrx_word' id='word_1_13' title='bbox 1199 411 1582 470; x_wconf 78' lang='lat' dir='ltr'><strong>imminentes</strong></span> <span class='ocrx_word' id='word_1_14' title='bbox 1607 410 1824 470; x_wconf 86' lang='lat' dir='ltr'><strong>castris</strong></span> <span class='ocrx_word' id='word_1_15' title='bbox 1857 409 1989 470; x_wconf 89' lang='lat' dir='ltr'><strong>cius</strong></span> <span class='ocrx_word' id='word_1_16' title='bbox 2019 409 2306 484; x_wconf 63' lang='lat' dir='ltr'><strong>tumulos»,</strong></span> 
     </span>
     <span class='ocr_line' id='line_1_3' title="bbox 334 493 2305 572; baseline -0.001 -18"><span class='ocrx_word' id='word_1_17' title='bbox 334 495 499 554; x_wconf 88' lang='lat' dir='ltr'><strong>unde</strong></span> <span class='ocrx_word' id='word_1_18' title='bbox 517 509 631 572; x_wconf 89' lang='lat' dir='ltr'><strong>per</strong></span> <span class='ocrx_word' id='word_1_19' title='bbox 642 494 1014 555; x_wconf 86' lang='lat' dir='ltr'><strong>continentia</strong></span> <span class='ocrx_word' id='word_1_20' title='bbox 1039 493 1181 567; x_wconf 87' lang='lat' dir='ltr'><strong>iuga</strong></span> <span class='ocrx_word' id='word_1_21' title='bbox 1192 499 1362 553; x_wconf 86' lang='lat' dir='ltr'><strong>tutus</strong></span> <span class='ocrx_word' id='word_1_22' title='bbox 1375 500 1660 568; x_wconf 86' lang='lat' dir='ltr'><strong>receptus</strong></span> <span class='ocrx_word' id='word_1_23' title='bbox 1684 495 1766 553; x_wconf 87' lang='lat' dir='ltr'><strong>ad</strong></span> <span class='ocrx_word' id='word_1_24' title='bbox 1781 495 2094 554; x_wconf 87' lang='lat' dir='ltr'><strong>Romanos</strong></span> <span class='ocrx_word' id='word_1_25' title='bbox 2117 500 2305 554; x_wconf 75' lang='lat' dir='ltr'><strong>esset.</strong></span> 
     </span>
     <span class='ocr_line' id='line_1_4' title="bbox 332 574 2301 652; baseline 0 -14"><span class='ocrx_word' id='word_1_26' title='bbox 332 578 698 652; x_wconf 83' lang='lat' dir='ltr'>Hasdrubal,</span> <span class='ocrx_word' id='word_1_27' title='bbox 741 593 879 638; x_wconf 87' lang='lat' dir='ltr'><strong>cum</strong></span> <span class='ocrx_word' id='word_1_28' title='bbox 907 574 1173 638; x_wconf 89' lang='lat' dir='ltr'><strong>hostium</strong></span> <span class='ocrx_word' id='word_1_29' title='bbox 1200 591 1304 638; x_wconf 86' lang='lat' dir='ltr'><strong>res</strong></span> <span class='ocrx_word' id='word_1_30' title='bbox 1326 577 1514 638; x_wconf 78' lang='lat' dir='ltr'><strong>tantis</strong></span> <span class='ocrx_word' id='word_1_31' title='bbox 1543 593 1880 652; x_wconf 77' lang='lat' dir='ltr'><strong>augescere</strong></span> <span class='ocrx_word' id='word_1_32' title='bbox 1908 577 2301 638; x_wconf 78' lang='lat' dir='ltr'><strong>incrementis</strong></span> 
     </span>
     <span class='ocr_line' id='line_1_5' title="bbox 334 660 2306 736; baseline -0.001 -14"><span class='ocrx_word' id='word_1_33' title='bbox 334 670 641 734; x_wconf 88' lang='lat' dir='ltr'><strong>cerneret,</strong></span> <span class='ocrx_word' id='word_1_34' title='bbox 680 677 827 722; x_wconf 89' lang='lat' dir='ltr'><strong>suas</strong></span> <span class='ocrx_word' id='word_1_35' title='bbox 858 660 1159 736; x_wconf 87' lang='lat' dir='ltr'><strong>imminui,</strong></span> <span class='ocrx_word' id='word_1_36' title='bbox 1206 677 1282 720; x_wconf 87' lang='lat' dir='ltr'><strong>ae</strong></span> <span class='ocrx_word' id='word_1_37' title='bbox 1310 661 1441 720; x_wconf 81' lang='lat' dir='ltr'><strong>sore</strong></span> <span class='ocrx_word' id='word_1_38' title='bbox 1469 667 1555 736; x_wconf 88' lang='lat' dir='ltr'><strong>ut,</strong></span> <span class='ocrx_word' id='word_1_39' title='bbox 1601 661 1719 721; x_wconf 88' lang='lat' dir='ltr'><strong>nisi</strong></span> <span class='ocrx_word' id='word_1_40' title='bbox 1750 661 2038 722; x_wconf 87' lang='lat' dir='ltr'><strong>audendo</strong></span> <span class='ocrx_word' id='word_1_41' title='bbox 2067 661 2306 736; x_wconf 84' lang='lat' dir='ltr'><strong>aliquid</strong></span> 
     </span>
     <span class='ocr_line' id='line_1_6' title="bbox 331 744 2302 821; baseline 0.001 -17"><span class='ocrx_word' id='word_1_42' title='bbox 331 752 624 820; x_wconf 86' lang='lat' dir='ltr'><strong>moveret,</strong></span> <span class='ocrx_word' id='word_1_43' title='bbox 672 761 796 820; x_wconf 89' lang='lat' dir='ltr'><strong>qua</strong></span> <span class='ocrx_word' id='word_1_44' title='bbox 819 746 1175 820; x_wconf 85' lang='lat' dir='ltr'><strong>coepissent</strong></span> <span class='ocrx_word' id='word_1_45' title='bbox 1196 744 1474 821; x_wconf 83' lang='lat' dir='ltr'><strong>fluerent,</strong></span> <span class='ocrx_word' id='word_1_46' title='bbox 1507 745 1798 806; x_wconf 81' lang='lat' dir='ltr'><strong>dimicare</strong></span> <span class='ocrx_word' id='word_1_47' title='bbox 1828 761 2010 821; x_wconf 83' lang='lat' dir='ltr'><strong>quam</strong></span> <span class='ocrx_word' id='word_1_48' title='bbox 2039 745 2302 820; x_wconf 87' lang='lat' dir='ltr'><strong>primum</strong></span> 
     </span>
     <span class='ocr_line' id='line_1_7' title="bbox 333 827 2303 906; baseline 0 -16"><span class='ocrx_word' id='word_1_49' title='bbox 333 831 555 891; x_wconf 83' lang='lat' dir='ltr'><strong>statuit.</strong></span> <span class='ocrx_word' id='word_1_50' title='bbox 615 827 825 904; x_wconf 80' lang='lat' dir='ltr'><strong>Scipio</strong></span> <span class='ocrx_word' id='word_1_51' title='bbox 862 828 1102 889; x_wconf 77' lang='lat' dir='ltr'><strong>avidior</strong></span> <span class='ocrx_word' id='word_1_52' title='bbox 1128 829 1309 888; x_wconf 84' lang='lat' dir='ltr'><strong>etiam</strong></span> <span class='ocrx_word' id='word_1_53' title='bbox 1339 829 1686 889; x_wconf 77' lang='lat' dir='ltr'><strong>certaminis</strong></span> <span class='ocrx_word' id='word_1_54' title='bbox 1715 837 1861 900; x_wconf 81' lang='lat' dir='ltr'><strong>erat,</strong></span> <span class='ocrx_word' id='word_1_55' title='bbox 1896 845 2033 890; x_wconf 83' lang='lat' dir='ltr'><strong>cum</strong></span> <span class='ocrx_word' id='word_1_56' title='bbox 2063 845 2140 890; x_wconf 89' lang='lat' dir='ltr'><strong>ea</strong></span> <span class='ocrx_word' id='word_1_57' title='bbox 2167 845 2303 906; x_wconf 88' lang='lat' dir='ltr'><strong>spe,</strong></span> 
     </span>
     <span class='ocr_line' id='line_1_8' title="bbox 334 913 2303 989; baseline 0 -15"><span class='ocrx_word' id='word_1_58' title='bbox 334 930 515 988; x_wconf 78' lang='lat' dir='ltr'><strong>quam</strong></span> <span class='ocrx_word' id='word_1_59' title='bbox 534 926 875 974; x_wconf 79' lang='lat' dir='ltr'><strong>successus</strong></span> <span class='ocrx_word' id='word_1_60' title='bbox 897 928 1100 973; x_wconf 86' lang='lat' dir='ltr'><strong>rerum</strong></span> <span class='ocrx_word' id='word_1_61' title='bbox 1124 913 1401 989; x_wconf 81' lang='lat' dir='ltr'><strong>augebat,</strong></span> <span class='ocrx_word' id='word_1_62' title='bbox 1426 921 1553 974; x_wconf 86' lang='lat' dir='ltr'><strong>tum</strong></span> <span class='ocrx_word' id='word_1_63' title='bbox 1579 914 1764 988; x_wconf 90' lang='lat' dir='ltr'><strong>quod,</strong></span> <span class='ocrx_word' id='word_1_64' title='bbox 1789 913 2146 989; x_wconf 82' lang='lat' dir='ltr'><strong>priusquam</strong></span> <span class='ocrx_word' id='word_1_65' title='bbox 2171 914 2303 974; x_wconf 90' lang='lat' dir='ltr'><strong>iun·</strong></span> 
     </span>
     <span class='ocr_line' id='line_1_9' title="bbox 330 997 2300 1074; baseline 0 -16"><span class='ocrx_word' id='word_1_66' title='bbox 330 1003 615 1074; x_wconf 74' lang='lat' dir='ltr'><strong>gerentur</strong></span> <span class='ocrx_word' id='word_1_67' title='bbox 638 997 902 1057; x_wconf 83' lang='lat' dir='ltr'><strong>hostium</strong></span> <span class='ocrx_word' id='word_1_68' title='bbox 922 997 1252 1072; x_wconf 76' lang='lat' dir='ltr'><strong>exercituS,</strong></span> <span class='ocrx_word' id='word_1_69' title='bbox 1279 1011 1416 1056; x_wconf 85' lang='lat' dir='ltr'><strong>eum</strong></span> <span class='ocrx_word' id='word_1_70' title='bbox 1436 1013 1561 1058; x_wconf 86' lang='lat' dir='ltr'><strong>uno</strong></span> <span class='ocrx_word' id='word_1_71' title='bbox 1577 997 1868 1058; x_wconf 81' lang='lat' dir='ltr'><strong>dimicare</strong></span> <span class='ocrx_word' id='word_1_72' title='bbox 1885 998 2042 1057; x_wconf 89' lang='lat' dir='ltr'><strong>duce</strong></span> <span class='ocrx_word' id='word_1_73' title='bbox 2063 999 2300 1059; x_wconf 84' lang='lat' dir='ltr'><strong>exerci-</strong></span> 
     </span>
     <span class='ocr_line' id='line_1_10' title="bbox 332 1081 2300 1165; baseline -0.001 -22"><span class='ocrx_word' id='word_1_74' title='bbox 332 1089 521 1158; x_wconf 88' lang='lat' dir='ltr'><strong>tuque</strong></span> <span class='ocrx_word' id='word_1_75' title='bbox 542 1097 725 1156; x_wconf 84' lang='lat' dir='ltr'><strong>quam</strong></span> <span class='ocrx_word' id='word_1_76' title='bbox 746 1081 927 1142; x_wconf 87' lang='lat' dir='ltr'><strong>simul</strong></span> <span class='ocrx_word' id='word_1_77' title='bbox 947 1094 1086 1142; x_wconf 84' lang='lat' dir='ltr'><strong>cum</strong></span> <span class='ocrx_word' id='word_1_78' title='bbox 1110 1081 1415 1142; x_wconf 81' lang='lat' dir='ltr'><strong>universis</strong></span> <span class='ocrx_word' id='word_1_79' title='bbox 1439 1081 1720 1144; x_wconf 78' lang='lat' dir='ltr'><strong>malebat.</strong></span> <span class='ocrx_word' id='word_1_80' title='bbox 1731 1089 2036 1165; x_wconf 52' lang='lat' dir='ltr'><strong>xceterum,</strong></span> <span class='ocrx_word' id='word_1_81' title='bbox 2061 1082 2300 1142; x_wconf 87' lang='lat' dir='ltr'><strong>etiamsi</strong></span> 
     </span>
     <span class='ocr_line' id='line_1_11' title="bbox 331 1164 2300 1244; baseline -0.001 -18"><span class='ocrx_word' id='word_1_82' title='bbox 331 1182 465 1226; x_wconf 88' lang='lat' dir='ltr'><strong>curn</strong></span> <span class='ocrx_word' id='word_1_83' title='bbox 497 1164 775 1244; x_wconf 86' lang='lat' dir='ltr'><strong>pluribus</strong></span> <span class='ocrx_word' id='word_1_84' title='bbox 804 1166 1034 1240; x_wconf 82' lang='lat' dir='ltr'><strong>pariter</strong></span> <span class='ocrx_word' id='word_1_85' title='bbox 1062 1164 1476 1226; x_wconf 86' lang='lat' dir='ltr'><strong>dimicandum</strong></span> <span class='ocrx_word' id='word_1_86' title='bbox 1505 1166 1692 1240; x_wconf 80' lang='lat' dir='ltr'><strong>soret,</strong></span> <span class='ocrx_word' id='word_1_87' title='bbox 1735 1172 1866 1225; x_wconf 81' lang='lat' dir='ltr'><strong>arte</strong></span> <span class='ocrx_word' id='word_1_88' title='bbox 1895 1165 2161 1240; x_wconf 84' lang='lat' dir='ltr'><strong>quadam</strong></span> <span class='ocrx_word' id='word_1_89' title='bbox 2191 1181 2300 1225; x_wconf 87' lang='lat' dir='ltr'><strong>co-</strong></span> 
     </span>
     <span class='ocr_line' id='line_1_12' title="bbox 331 1249 2299 1326; baseline 0.001 -18"><span class='ocrx_word' id='word_1_90' title='bbox 331 1251 466 1325; x_wconf 82' lang='lat' dir='ltr'><strong>pias</strong></span> <span class='ocrx_word' id='word_1_91' title='bbox 496 1255 770 1310; x_wconf 77' lang='lat' dir='ltr'><strong>auxerat.</strong></span> <span class='ocrx_word' id='word_1_92' title='bbox 815 1265 954 1309; x_wconf 86' lang='lat' dir='ltr'><strong>nam</strong></span> <span class='ocrx_word' id='word_1_93' title='bbox 975 1263 1117 1310; x_wconf 82' lang='lat' dir='ltr'><strong>eum</strong></span> <span class='ocrx_word' id='word_1_94' title='bbox 1138 1249 1377 1310; x_wconf 84' lang='lat' dir='ltr'><strong>videret</strong></span> <span class='ocrx_word' id='word_1_95' title='bbox 1398 1251 1629 1312; x_wconf 78' lang='lat' dir='ltr'><strong>nuttam</strong></span> <span class='ocrx_word' id='word_1_96' title='bbox 1655 1265 1802 1308; x_wconf 86' lang='lat' dir='ltr'><strong>esse</strong></span> <span class='ocrx_word' id='word_1_97' title='bbox 1825 1249 2069 1308; x_wconf 87' lang='lat' dir='ltr'><strong>navium</strong></span> <span class='ocrx_word' id='word_1_98' title='bbox 2097 1266 2299 1326; x_wconf 83' lang='lat' dir='ltr'><strong>usum,</strong></span> 
     </span>
     <span class='ocr_line' id='line_1_13' title="bbox 330 1331 2300 1410; baseline 0 -16"><span class='ocrx_word' id='word_1_99' title='bbox 330 1336 473 1409; x_wconf 86' lang='lat' dir='ltr'><strong>quia</strong></span> <span class='ocrx_word' id='word_1_100' title='bbox 502 1350 699 1394; x_wconf 84' lang='lat' dir='ltr'><strong>vacua</strong></span> <span class='ocrx_word' id='word_1_101' title='bbox 729 1334 931 1394; x_wconf 89' lang='lat' dir='ltr'><strong>omnis</strong></span> <span class='ocrx_word' id='word_1_102' title='bbox 962 1333 1297 1410; x_wconf 82' lang='lat' dir='ltr'><strong>Hispaniae</strong></span> <span class='ocrx_word' id='word_1_103' title='bbox 1328 1335 1438 1394; x_wconf 79' lang='lat' dir='ltr'><strong>ora</strong></span> <span class='ocrx_word' id='word_1_104' title='bbox 1466 1341 1595 1394; x_wconf 88' lang='lat' dir='ltr'><strong>erat</strong></span> <span class='ocrx_word' id='word_1_105' title='bbox 1624 1331 1947 1410; x_wconf 75' lang='lat' dir='ltr'><strong>classibus,</strong></span> <span class='ocrx_word' id='word_1_106' title='bbox 1979 1333 2300 1394; x_wconf 85' lang='lat' dir='ltr'><strong>subductis</strong></span> 
     </span>
     <span class='ocr_line' id='line_1_14' title="bbox 331 1416 2299 1493; baseline 0.001 -16"><span class='ocrx_word' id='word_1_107' title='bbox 331 1419 586 1478; x_wconf 83' lang='lat' dir='ltr'><strong>navibus</strong></span> <span class='ocrx_word' id='word_1_108' title='bbox 614 1417 960 1480; x_wconf 83' lang='lat' dir='ltr'><strong>Tarracone</strong></span> <span class='ocrx_word' id='word_1_109' title='bbox 999 1419 1253 1477; x_wconf 89' lang='lat' dir='ltr'><strong>navales</strong></span> <span class='ocrx_word' id='word_1_110' title='bbox 1285 1417 1494 1478; x_wconf 82' lang='lat' dir='ltr'><strong>socios</strong></span> <span class='ocrx_word' id='word_1_111' title='bbox 1533 1417 1926 1478; x_wconf 78' lang='lat' dir='ltr'><strong>terrestribus</strong></span> <span class='ocrx_word' id='word_1_112' title='bbox 1953 1416 2154 1493; x_wconf 86' lang='lat' dir='ltr'><strong>copiis</strong></span> <span class='ocrx_word' id='word_1_113' title='bbox 2189 1419 2299 1478; x_wconf 86' lang='lat' dir='ltr'><strong>ad·</strong></span> 
     </span>
     <span class='ocr_line' id='line_1_15' title="bbox 329 1500 2301 1577; baseline 0.001 -15"><span class='ocrx_word' id='word_1_114' title='bbox 329 1501 497 1562; x_wconf 86' lang='lat' dir='ltr'><strong>didit.</strong></span> <span class='ocrx_word' id='word_1_115' title='bbox 540 1508 599 1561; x_wconf 84' lang='lat' dir='ltr'><strong>et</strong></span> <span class='ocrx_word' id='word_1_116' title='bbox 624 1516 933 1561; x_wconf 86' lang='lat' dir='ltr'><strong>armorum</strong></span> <span class='ocrx_word' id='word_1_117' title='bbox 962 1500 1213 1562; x_wconf 82' lang='lat' dir='ltr'><strong>adfatim</strong></span> <span class='ocrx_word' id='word_1_118' title='bbox 1244 1509 1390 1577; x_wconf 87' lang='lat' dir='ltr'><strong>erat,</strong></span> <span class='ocrx_word' id='word_1_119' title='bbox 1436 1507 1496 1562; x_wconf 90' lang='lat' dir='ltr'><strong>et</strong></span> <span class='ocrx_word' id='word_1_120' title='bbox 1521 1507 1833 1577; x_wconf 72' lang='lat' dir='ltr'><strong>captorum</strong></span> <span class='ocrx_word' id='word_1_121' title='bbox 1858 1502 2222 1577; x_wconf 68' lang='lat' dir='ltr'><strong>Carthaoz‘ne</strong></span> <span class='ocrx_word' id='word_1_122' title='bbox 2242 1511 2301 1564; x_wconf 85' lang='lat' dir='ltr'><strong>et</strong></span> 
     </span>
     <span class='ocr_line' id='line_1_16' title="bbox 328 1585 2293 1662; baseline 0.002 -19"><span class='ocrx_word' id='word_1_123' title='bbox 328 1601 487 1660; x_wconf 87' lang='lat' dir='ltr'><strong>quae</strong></span> <span class='ocrx_word' id='word_1_124' title='bbox 528 1591 674 1662; x_wconf 83' lang='lat' dir='ltr'><strong>post</strong></span> <span class='ocrx_word' id='word_1_125' title='bbox 700 1590 940 1660; x_wconf 87' lang='lat' dir='ltr'><strong>captam</strong></span> <span class='ocrx_word' id='word_1_126' title='bbox 970 1599 1104 1646; x_wconf 85' lang='lat' dir='ltr'><strong>eam</strong></span> <span class='ocrx_word' id='word_1_127' title='bbox 1140 1587 1369 1645; x_wconf 75' lang='lat' dir='ltr'><strong>fecerat</strong></span> <span class='ocrx_word' id='word_1_128' title='bbox 1395 1591 1562 1646; x_wconf 84' lang='lat' dir='ltr'><strong>tanto</strong></span> <span class='ocrx_word' id='word_1_129' title='bbox 1589 1585 1884 1660; x_wconf 84' lang='lat' dir='ltr'><strong>opificum</strong></span> <span class='ocrx_word' id='word_1_130' title='bbox 1909 1603 2158 1646; x_wconf 80' lang='lat' dir='ltr'><strong>numero</strong></span> <span class='ocrx_word' id='word_1_131' title='bbox 2192 1590 2293 1646; x_wconf 82' lang='lat' dir='ltr'><strong>in·-</strong></span> 
     </span>
     <span class='ocr_line' id='line_1_17' title="bbox 324 1668 2295 1746; baseline 0 -16"><span class='ocrx_word' id='word_1_132' title='bbox 324 1674 505 1730; x_wconf 81' lang='lat' dir='ltr'><strong>cluso.</strong></span> <span class='ocrx_word' id='word_1_133' title='bbox 571 1684 709 1730; x_wconf 85' lang='lat' dir='ltr'><strong>cum</strong></span> <span class='ocrx_word' id='word_1_134' title='bbox 738 1669 813 1729; x_wconf 88' lang='lat' dir='ltr'><strong>iis</strong></span> <span class='ocrx_word' id='word_1_135' title='bbox 844 1669 1040 1745; x_wconf 86' lang='lat' dir='ltr'><strong>copiis</strong></span> <span class='ocrx_word' id='word_1_136' title='bbox 1076 1668 1286 1746; x_wconf 83' lang='lat' dir='ltr'><strong>Scipio</strong></span> <span class='ocrx_word' id='word_1_137' title='bbox 1317 1669 1482 1730; x_wconf 81' lang='lat' dir='ltr'><strong>veris</strong></span> <span class='ocrx_word' id='word_1_138' title='bbox 1513 1668 1817 1745; x_wconf 80' lang='lat' dir='ltr'><strong>principio</strong></span> <span class='ocrx_word' id='word_1_139' title='bbox 1845 1669 1924 1729; x_wconf 89' lang='lat' dir='ltr'><strong>ab</strong></span> <span class='ocrx_word' id='word_1_140' title='bbox 1947 1669 2295 1730; x_wconf 82' lang='lat' dir='ltr'><strong>Tarracone</strong></span> 
     </span>
     <span class='ocr_line' id='line_1_18' title="bbox 326 1751 2296 1828; baseline -0.001 -15"><span class='ocrx_word' id='word_1_141' title='bbox 326 1769 619 1828; x_wconf 89' lang='lat' dir='ltr'><strong>egressus</strong></span> <span class='ocrx_word' id='word_1_142' title='bbox 647 1785 733 1798; x_wconf 92' lang='lat'><strong>-—-</strong></span> <span class='ocrx_word' id='word_1_143' title='bbox 762 1755 882 1812; x_wconf 84' lang='lat' dir='ltr'><strong>iam</strong></span> <span class='ocrx_word' id='word_1_144' title='bbox 922 1753 1085 1812; x_wconf 87' lang='lat' dir='ltr'><strong>enim</strong></span> <span class='ocrx_word' id='word_1_145' title='bbox 1112 1761 1176 1812; x_wconf 88' lang='lat' dir='ltr'><strong>et</strong></span> <span class='ocrx_word' id='word_1_146' title='bbox 1201 1751 1448 1812; x_wconf 82' lang='lat' dir='ltr'><strong>Laelius</strong></span> <span class='ocrx_word' id='word_1_147' title='bbox 1475 1753 1745 1811; x_wconf 86' lang='lat' dir='ltr'><strong>redierat</strong></span> <span class='ocrx_word' id='word_1_148' title='bbox 1782 1753 1860 1810; x_wconf 89' lang='lat' dir='ltr'><strong>ab</strong></span> <span class='ocrx_word' id='word_1_149' title='bbox 1889 1751 2114 1823; x_wconf 88' lang='lat' dir='ltr'><strong>Roma,</strong></span> <span class='ocrx_word' id='word_1_150' title='bbox 2159 1751 2296 1812; x_wconf 85' lang='lat' dir='ltr'><strong>sine</strong></span> 
     </span>
     <span class='ocr_line' id='line_1_19' title="bbox 328 1833 2292 1912; baseline -0.002 -15"><span class='ocrx_word' id='word_1_151' title='bbox 328 1852 448 1912; x_wconf 87' lang='lat' dir='ltr'><strong>quo</strong></span> <span class='ocrx_word' id='word_1_152' title='bbox 481 1837 627 1897; x_wconf 86' lang='lat' dir='ltr'><strong>nihil</strong></span> <span class='ocrx_word' id='word_1_153' title='bbox 652 1836 900 1896; x_wconf 85' lang='lat' dir='ltr'><strong>maioris</strong></span> <span class='ocrx_word' id='word_1_154' title='bbox 928 1835 1018 1896; x_wconf 88' lang='lat' dir='ltr'><strong>rei</strong></span> <span class='ocrx_word' id='word_1_155' title='bbox 1040 1843 1269 1896; x_wconf 86' lang='lat' dir='ltr'><strong>motum</strong></span> <span class='ocrx_word' id='word_1_156' title='bbox 1299 1834 1548 1894; x_wconf 70' lang='lat' dir='ltr'><strong>volebat</strong></span> <span class='ocrx_word' id='word_1_157' title='bbox 1571 1865 1662 1880; x_wconf 86' lang='lat'><strong>--·</strong></span> <span class='ocrx_word' id='word_1_158' title='bbox 1688 1834 1914 1894; x_wconf 86' lang='lat' dir='ltr'><strong>ducere</strong></span> <span class='ocrx_word' id='word_1_159' title='bbox 1941 1834 2025 1894; x_wconf 86' lang='lat' dir='ltr'><strong>ad</strong></span> <span class='ocrx_word' id='word_1_160' title='bbox 2051 1833 2292 1894; x_wconf 83' lang='lat' dir='ltr'><strong>hostem</strong></span> 
     </span>
     <span class='ocr_line' id='line_1_20' title="bbox 326 1918 2292 2000; baseline -0.002 -18"><span class='ocrx_word' id='word_1_161' title='bbox 326 1922 539 1997; x_wconf 87' lang='lat' dir='ltr'><strong>pergit.</strong></span> <span class='ocrx_word' id='word_1_162' title='bbox 606 1936 719 2000; x_wconf 85' lang='lat' dir='ltr'><strong>per</strong></span> <span class='ocrx_word' id='word_1_163' title='bbox 746 1921 950 1980; x_wconf 87' lang='lat' dir='ltr'><strong>omnia</strong></span> <span class='ocrx_word' id='word_1_164' title='bbox 978 1927 1199 1996; x_wconf 86' lang='lat' dir='ltr'><strong>pacata</strong></span> <span class='ocrx_word' id='word_1_165' title='bbox 1228 1919 1424 1993; x_wconf 86' lang='lat' dir='ltr'><strong>eunti,</strong></span> <span class='ocrx_word' id='word_1_166' title='bbox 1467 1926 1535 1980; x_wconf 87' lang='lat' dir='ltr'><strong>ut</strong></span> <span class='ocrx_word' id='word_1_167' title='bbox 1565 1919 1864 1993; x_wconf 84' lang='lat' dir='ltr'><strong>cuiusque</strong></span> <span class='ocrx_word' id='word_1_168' title='bbox 1893 1918 2104 1993; x_wconf 82' lang='lat' dir='ltr'><strong>populi</strong></span> <span class='ocrx_word' id='word_1_169' title='bbox 2133 1919 2292 1980; x_wconf 87' lang='lat' dir='ltr'><strong>fines</strong></span> 
     </span>
     <span class='ocr_line' id='line_1_21' title="bbox 323 2001 2293 2079; baseline -0.001 -13"><span class='ocrx_word' id='word_1_170' title='bbox 323 2005 636 2078; x_wconf 84' lang='lat' dir='ltr'><strong>transiret,</strong></span> <span class='ocrx_word' id='word_1_171' title='bbox 684 2005 1199 2079; x_wconf 87' lang='lat' dir='ltr'><strong>prosequentibus</strong></span> <span class='ocrx_word' id='word_1_172' title='bbox 1240 2003 1818 2079; x_wconf 82' lang='lat' dir='ltr'><strong>excipientibusque</strong></span> <span class='ocrx_word' id='word_1_173' title='bbox 1831 2001 2036 2070; x_wconf 71' lang='lat' dir='ltr'><strong>sociis</strong></span> <span class='ocrx_word' id='word_1_174' title='bbox 2053 2049 2068 2077; x_wconf 91' lang='lat'><strong>,</strong></span> <span class='ocrx_word' id='word_1_175' title='bbox 2113 2002 2293 2064; x_wconf 89' lang='lat' dir='ltr'><strong>Inde·</strong></span> 
     </span>
     <span class='ocr_line' id='line_1_22' title="bbox 321 2087 2294 2162; baseline 0 -14"><span class='ocrx_word' id='word_1_176' title='bbox 321 2089 463 2150; x_wconf 85' lang='lat' dir='ltr'><strong>bilis</strong></span> <span class='ocrx_word' id='word_1_177' title='bbox 501 2095 560 2152; x_wconf 80' lang='lat' dir='ltr'><strong>et</strong></span> <span class='ocrx_word' id='word_1_178' title='bbox 576 2089 947 2150; x_wconf 81' lang='lat' dir='ltr'><strong>Mandonius</strong></span> <span class='ocrx_word' id='word_1_179' title='bbox 976 2093 1390 2149; x_wconf 73' lang='lat' dir='ltr'><strong>occurrerunt.</strong></span> <span class='ocrx_word' id='word_1_180' title='bbox 1451 2087 1741 2148; x_wconf 75' lang='lat' dir='ltr'><strong>Indebilis</strong></span> <span class='ocrx_word' id='word_1_181' title='bbox 1765 2101 1881 2162; x_wconf 84' lang='lat' dir='ltr'><strong>pro</strong></span> <span class='ocrx_word' id='word_1_182' title='bbox 1907 2092 2172 2161; x_wconf 82' lang='lat' dir='ltr'><strong>utroque</strong></span> <span class='ocrx_word' id='word_1_183' title='bbox 2199 2087 2294 2148; x_wconf 87' lang='lat' dir='ltr'><strong>lo-</strong></span> 
     </span>
     <span class='ocr_line' id='line_1_23' title="bbox 328 2169 2291 2250; baseline -0.002 -16"><span class='ocrx_word' id='word_1_184' title='bbox 328 2180 517 2246; x_wconf 73' lang='lat' dir='ltr'><strong>zutuS,</strong></span> <span class='ocrx_word' id='word_1_185' title='bbox 543 2173 1019 2250; x_wconf 86' lang='lat' dir='ltr'><strong>haudquaquam</strong></span> <span class='ocrx_word' id='word_1_186' title='bbox 1043 2179 1356 2246; x_wconf 89' lang='lat' dir='ltr'><strong>tamquam</strong></span> <span class='ocrx_word' id='word_1_187' title='bbox 1377 2170 1680 2231; x_wconf 83' lang='lat' dir='ltr'><strong>barbarus</strong></span> <span class='ocrx_word' id='word_1_188' title='bbox 1699 2171 1928 2232; x_wconf 86' lang='lat' dir='ltr'><strong>stolide</strong></span> <span class='ocrx_word' id='word_1_189' title='bbox 1948 2169 2291 2246; x_wconf 89' lang='lat' dir='ltr'><strong>incauteve,</strong></span> 
     </span>
     <span class='ocr_line' id='line_1_24' title="bbox 323 2254 2292 2334; baseline -0.001 -17"><span class='ocrx_word' id='word_1_190' title='bbox 323 2258 435 2318; x_wconf 88' lang='lat' dir='ltr'><strong>sed</strong></span> <span class='ocrx_word' id='word_1_191' title='bbox 478 2258 682 2334; x_wconf 87' lang='lat' dir='ltr'><strong>potius</strong></span> <span class='ocrx_word' id='word_1_192' title='bbox 713 2273 851 2316; x_wconf 87' lang='lat' dir='ltr'><strong>eum</strong></span> <span class='ocrx_word' id='word_1_193' title='bbox 880 2256 1255 2317; x_wconf 84' lang='lat' dir='ltr'><strong>verecundia</strong></span> <span class='ocrx_word' id='word_1_194' title='bbox 1290 2271 1364 2316; x_wconf 91' lang='lat' dir='ltr'><strong>ac</strong></span> <span class='ocrx_word' id='word_1_195' title='bbox 1392 2255 1716 2331; x_wconf 74' lang='lat' dir='ltr'><strong>gravitate,</strong></span> <span class='ocrx_word' id='word_1_196' title='bbox 1762 2254 2141 2331; x_wconf 82' lang='lat' dir='ltr'><strong>propiorque</strong></span> <span class='ocrx_word' id='word_1_197' title='bbox 2184 2271 2292 2316; x_wconf 86' lang='lat' dir='ltr'><strong>ex-</strong></span> 
     </span>
     <span class='ocr_line' id='line_1_25' title="bbox 322 2339 2296 2416; baseline -0.001 -14"><span class='ocrx_word' id='word_1_198' title='bbox 322 2342 556 2403; x_wconf 89' lang='lat' dir='ltr'><strong>cusanti</strong></span> <span class='ocrx_word' id='word_1_199' title='bbox 576 2340 994 2402; x_wconf 83' lang='lat' dir='ltr'><strong>transitionem</strong></span> <span class='ocrx_word' id='word_1_200' title='bbox 1006 2347 1077 2402; x_wconf 85' lang='lat' dir='ltr'><strong>ut</strong></span> <span class='ocrx_word' id='word_1_201' title='bbox 1097 2341 1513 2401; x_wconf 85' lang='lat' dir='ltr'><strong>necessariam</strong></span> <span class='ocrx_word' id='word_1_202' title='bbox 1536 2353 1718 2415; x_wconf 78' lang='lat' dir='ltr'><strong>quam</strong></span> <span class='ocrx_word' id='word_1_203' title='bbox 1737 2339 2021 2416; x_wconf 72' lang='lat' dir='ltr'><strong>glorianti</strong></span> <span class='ocrx_word' id='word_1_204' title='bbox 2037 2354 2112 2399; x_wconf 90' lang='lat' dir='ltr'><strong>ea</strong></span> <span class='ocrx_word' id='word_1_205' title='bbox 2123 2340 2296 2401; x_wconf 87' lang='lat' dir='ltr'><strong>velut</strong></span> 
     </span>
     <span class='ocr_line' id='line_1_26' title="bbox 320 2423 2292 2502; baseline -0.001 -16"><span class='ocrx_word' id='word_1_206' title='bbox 320 2427 397 2486; x_wconf 87' lang='lat' dir='ltr'><strong>ad</strong></span> <span class='ocrx_word' id='word_1_207' title='bbox 442 2425 696 2500; x_wconf 85' lang='lat' dir='ltr'><strong>primam</strong></span> <span class='ocrx_word' id='word_1_208' title='bbox 743 2425 1132 2486; x_wconf 81' lang='lat' dir='ltr'><strong>occasionem</strong></span> <span class='ocrx_word' id='word_1_209' title='bbox 1172 2431 1378 2502; x_wconf 63' lang='lat' dir='ltr'><strong>raptat</strong></span> <span class='ocrx_word' id='word_1_210' title='bbox 1423 2424 1584 2485; x_wconf 86' lang='lat' dir='ltr'><strong>seire</strong></span> <span class='ocrx_word' id='word_1_211' title='bbox 1627 2423 1789 2484; x_wconf 88' lang='lat' dir='ltr'><strong>enim</strong></span> <span class='ocrx_word' id='word_1_212' title='bbox 1819 2439 1892 2484; x_wconf 90' lang='lat' dir='ltr'><strong>se</strong></span> <span class='ocrx_word' id='word_1_213' title='bbox 1931 2423 2292 2498; x_wconf 76' lang='lat' dir='ltr'><strong>transfugae</strong></span> 
     </span>
     <span class='ocr_line' id='line_1_27' title="bbox 319 2507 2289 2585; baseline -0.001 -16"><span class='ocrx_word' id='word_1_214' title='bbox 319 2525 538 2569; x_wconf 89' lang='lat' dir='ltr'><strong>nomen</strong></span> <span class='ocrx_word' id='word_1_215' title='bbox 566 2509 948 2570; x_wconf 84' lang='lat' dir='ltr'><strong>exsecrabile</strong></span> <span class='ocrx_word' id='word_1_216' title='bbox 962 2509 1270 2570; x_wconf 87' lang='lat' dir='ltr'><strong>veteribus</strong></span> <span class='ocrx_word' id='word_1_217' title='bbox 1295 2507 1502 2584; x_wconf 62' lang='lat' dir='ltr'><strong>soene,</strong></span> <span class='ocrx_word' id='word_1_218' title='bbox 1525 2508 1706 2569; x_wconf 86' lang='lat' dir='ltr'><strong>novis</strong></span> <span class='ocrx_word' id='word_1_219' title='bbox 1729 2514 2085 2585; x_wconf 86' lang='lat' dir='ltr'><strong>suspectum</strong></span> <span class='ocrx_word' id='word_1_220' title='bbox 2110 2523 2289 2579; x_wconf 74' lang='lat' dir='ltr'><strong>esse3</strong></span> 
     </span>
     <span class='ocr_line' id='line_1_28' title="bbox 318 2592 2288 2670; baseline -0.001 -17"><span class='ocrx_word' id='word_1_221' title='bbox 318 2609 523 2670; x_wconf 86' lang='lat' dir='ltr'><strong>neque</strong></span> <span class='ocrx_word' id='word_1_222' title='bbox 552 2609 692 2654; x_wconf 87' lang='lat' dir='ltr'><strong>eum</strong></span> <span class='ocrx_word' id='word_1_223' title='bbox 722 2609 801 2654; x_wconf 84' lang='lat' dir='ltr'><strong>se</strong></span> <span class='ocrx_word' id='word_1_224' title='bbox 816 2594 1272 2669; x_wconf 82' lang='lat' dir='ltr'><strong>reprehendere</strong></span> <span class='ocrx_word' id='word_1_225' title='bbox 1307 2609 1540 2654; x_wconf 88' lang='lat' dir='ltr'><strong>morem</strong></span> <span class='ocrx_word' id='word_1_226' title='bbox 1567 2593 1902 2668; x_wconf 76' lang='lat' dir='ltr'><strong>hominum,</strong></span> <span class='ocrx_word' id='word_1_227' title='bbox 1941 2592 1997 2652; x_wconf 90' lang='lat' dir='ltr'><strong>si</strong></span> <span class='ocrx_word' id='word_1_228' title='bbox 2027 2599 2148 2651; x_wconf 84' lang='lat' dir='ltr'><strong>tam</strong></span> <span class='ocrx_word' id='word_1_229' title='bbox 2181 2608 2288 2652; x_wconf 89' lang='lat' dir='ltr'><strong>an-</strong></span> 
     </span>
     <span class='ocr_line' id='line_1_29' title="bbox 319 2676 2286 2752; baseline -0.001 -15"><span class='ocrx_word' id='word_1_230' title='bbox 319 2694 469 2752; x_wconf 90' lang='lat' dir='ltr'><strong>ceps</strong></span> <span class='ocrx_word' id='word_1_231' title='bbox 500 2677 707 2737; x_wconf 89' lang='lat' dir='ltr'><strong>odium</strong></span> <span class='ocrx_word' id='word_1_232' title='bbox 737 2693 945 2751; x_wconf 85' lang='lat' dir='ltr'><strong>causa,</strong></span> <span class='ocrx_word' id='word_1_233' title='bbox 989 2692 1111 2737; x_wconf 89' lang='lat' dir='ltr'><strong>non</strong></span> <span class='ocrx_word' id='word_1_234' title='bbox 1146 2693 1369 2738; x_wconf 90' lang='lat' dir='ltr'><strong>nomen</strong></span> <span class='ocrx_word' id='word_1_235' title='bbox 1401 2678 1603 2738; x_wconf 75' lang='lat' dir='ltr'><strong>faeiat.</strong></span> <span class='ocrx_word' id='word_1_236' title='bbox 1663 2677 1878 2737; x_wconf 86' lang='lat' dir='ltr'><strong>merita</strong></span> <span class='ocrx_word' id='word_1_237' title='bbox 1908 2677 2052 2736; x_wconf 89' lang='lat' dir='ltr'><strong>inde</strong></span> <span class='ocrx_word' id='word_1_238' title='bbox 2081 2692 2196 2736; x_wconf 92' lang='lat' dir='ltr'><strong>sua</strong></span> <span class='ocrx_word' id='word_1_239' title='bbox 2225 2676 2286 2736; x_wconf 90' lang='lat' dir='ltr'><strong>in</strong></span> 
     </span>
     <span class='ocr_line' id='line_1_30' title="bbox 317 2761 2288 2836; baseline -0.001 -14"><span class='ocrx_word' id='word_1_240' title='bbox 317 2762 511 2823; x_wconf 88' lang='lat' dir='ltr'><strong>duces</strong></span> <span class='ocrx_word' id='word_1_241' title='bbox 554 2761 1087 2836; x_wconf 86' lang='lat' dir='ltr'><strong>Carthaginienses</strong></span> <span class='ocrx_word' id='word_1_242' title='bbox 1130 2761 1657 2836; x_wconf 86' lang='lat' dir='ltr'><strong>commemoravit,</strong></span> <span class='ocrx_word' id='word_1_243' title='bbox 1715 2761 2031 2821; x_wconf 87' lang='lat' dir='ltr'><strong>avaritiam</strong></span> <span class='ocrx_word' id='word_1_244' title='bbox 2073 2765 2288 2821; x_wconf 87' lang='lat' dir='ltr'><strong>contra</strong></span> 
     </span>
     <span class='ocr_line' id='line_1_31' title="bbox 317 2843 2287 2921; baseline -0.001 -16"><span class='ocrx_word' id='word_1_245' title='bbox 317 2862 528 2907; x_wconf 91' lang='lat' dir='ltr'><strong>eorum</strong></span> <span class='ocrx_word' id='word_1_246' title='bbox 553 2843 1031 2921; x_wconf 85' lang='lat' dir='ltr'><strong>superbiamque</strong></span> <span class='ocrx_word' id='word_1_247' title='bbox 1059 2853 1119 2905; x_wconf 80' lang='lat' dir='ltr'><strong>et</strong></span> <span class='ocrx_word' id='word_1_248' title='bbox 1147 2846 1347 2906; x_wconf 89' lang='lat' dir='ltr'><strong>omnis</strong></span> <span class='ocrx_word' id='word_1_249' title='bbox 1370 2845 1614 2920; x_wconf 78' lang='lat' dir='ltr'><strong>generis</strong></span> <span class='ocrx_word' id='word_1_250' title='bbox 1643 2845 1894 2906; x_wconf 85' lang='lat' dir='ltr'><strong>iniurias</strong></span> <span class='ocrx_word' id='word_1_251' title='bbox 1917 2845 1976 2905; x_wconf 91' lang='lat' dir='ltr'><strong>in</strong></span> <span class='ocrx_word' id='word_1_252' title='bbox 2003 2860 2074 2906; x_wconf 86' lang='lat' dir='ltr'><strong>se</strong></span> <span class='ocrx_word' id='word_1_253' title='bbox 2099 2851 2287 2920; x_wconf 83' lang='lat' dir='ltr'><strong>atque</strong></span> 
     </span>
     <span class='ocr_line' id='line_1_32' title="bbox 315 2929 2284 3006; baseline -0.001 -16"><span class='ocrx_word' id='word_1_254' title='bbox 315 2932 671 3006; x_wconf 82' lang='lat' dir='ltr'><strong>populares.</strong></span> <span class='ocrx_word' id='word_1_255' title='bbox 736 2929 945 3006; x_wconf 87' lang='lat' dir='ltr'><strong>itaque</strong></span> <span class='ocrx_word' id='word_1_256' title='bbox 988 2945 1215 3006; x_wconf 86' lang='lat' dir='ltr'><strong>eorpus</strong></span> <span class='ocrx_word' id='word_1_257' title='bbox 1258 2931 1576 2991; x_wconf 84' lang='lat' dir='ltr'><strong>dumtaxat</strong></span> <span class='ocrx_word' id='word_1_258' title='bbox 1617 2945 1793 2990; x_wconf 85' lang='lat' dir='ltr'><strong>suum</strong></span> <span class='ocrx_word' id='word_1_259' title='bbox 1838 2930 1916 2989; x_wconf 90' lang='lat' dir='ltr'><strong>ad</strong></span> <span class='ocrx_word' id='word_1_260' title='bbox 1947 2930 2012 2990; x_wconf 88' lang='lat' dir='ltr'><strong>id</strong></span> <span class='ocrx_word' id='word_1_261' title='bbox 2039 2936 2284 3004; x_wconf 83' lang='lat' dir='ltr'><strong>tempus</strong></span> 
     </span>
     <span class='ocr_line' id='line_1_33' title="bbox 315 3013 2284 3090; baseline -0.001 -17"><span class='ocrx_word' id='word_1_262' title='bbox 315 3014 484 3089; x_wconf 85' lang='lat' dir='ltr'><strong>apud</strong></span> <span class='ocrx_word' id='word_1_263' title='bbox 512 3029 622 3073; x_wconf 92' lang='lat' dir='ltr'><strong>eos</strong></span> <span class='ocrx_word' id='word_1_264' title='bbox 654 3014 886 3089; x_wconf 71' lang='lat' dir='ltr'><strong>ruisse2</strong></span> <span class='ocrx_word' id='word_1_265' title='bbox 927 3014 1193 3074; x_wconf 88' lang='lat' dir='ltr'><strong>animum</strong></span> <span class='ocrx_word' id='word_1_266' title='bbox 1223 3015 1344 3074; x_wconf 87' lang='lat' dir='ltr'><strong>iam</strong></span> <span class='ocrx_word' id='word_1_267' title='bbox 1373 3014 1611 3090; x_wconf 83' lang='lat' dir='ltr'><strong>pridem</strong></span> <span class='ocrx_word' id='word_1_268' title='bbox 1639 3013 1722 3072; x_wconf 87' lang='lat' dir='ltr'><strong>ibi</strong></span> <span class='ocrx_word' id='word_1_269' title='bbox 1753 3029 1914 3086; x_wconf 90' lang='lat' dir='ltr'><strong>esse,</strong></span> <span class='ocrx_word' id='word_1_270' title='bbox 1945 3013 2048 3074; x_wconf 88' lang='lat' dir='ltr'><strong>ubi</strong></span> <span class='ocrx_word' id='word_1_271' title='bbox 2081 3013 2178 3073; x_wconf 90' lang='lat' dir='ltr'><strong>ius</strong></span> <span class='ocrx_word' id='word_1_272' title='bbox 2207 3027 2284 3072; x_wconf 88' lang='lat' dir='ltr'><strong>ac</strong></span> 
     </span>
     <span class='ocr_line' id='line_1_34' title="bbox 316 3097 2279 3174; baseline -0.001 -17"><span class='ocrx_word' id='word_1_273' title='bbox 316 3098 412 3158; x_wconf 77' lang='lat' dir='ltr'><strong>sas</strong></span> <span class='ocrx_word' id='word_1_274' title='bbox 445 3097 767 3158; x_wconf 86' lang='lat' dir='ltr'><strong>crederent</strong></span> <span class='ocrx_word' id='word_1_275' title='bbox 796 3098 935 3159; x_wconf 87' lang='lat' dir='ltr'><strong>coli.</strong></span> <span class='ocrx_word' id='word_1_276' title='bbox 1002 3098 1083 3158; x_wconf 89' lang='lat' dir='ltr'><strong>ad</strong></span> <span class='ocrx_word' id='word_1_277' title='bbox 1114 3098 1268 3160; x_wconf 88' lang='lat' dir='ltr'><strong>deos</strong></span> <span class='ocrx_word' id='word_1_278' title='bbox 1302 3113 1551 3174; x_wconf 88' lang='lat' dir='ltr'><strong>quoque</strong></span> <span class='ocrx_word' id='word_1_279' title='bbox 1581 3099 1913 3173; x_wconf 79' lang='lat' dir='ltr'><strong>confugere</strong></span> <span class='ocrx_word' id='word_1_280' title='bbox 1944 3097 2279 3174; x_wconf 76' lang='lat' dir='ltr'><strong>suppliceS,</strong></span> 
     </span>
     <span class='ocr_line' id='line_1_35' title="bbox 314 3180 2282 3259; baseline 0 -17"><span class='ocrx_word' id='word_1_281' title='bbox 314 3181 418 3258; x_wconf 89' lang='lat' dir='ltr'><strong>qui</strong></span> <span class='ocrx_word' id='word_1_282' title='bbox 450 3188 756 3258; x_wconf 84' lang='lat' dir='ltr'><strong>nequeant</strong></span> <span class='ocrx_word' id='word_1_283' title='bbox 782 3181 1094 3244; x_wconf 87' lang='lat' dir='ltr'><strong>hominum</strong></span> <span class='ocrx_word' id='word_1_284' title='bbox 1126 3182 1250 3242; x_wconf 82' lang='lat' dir='ltr'><strong>viru</strong></span> <span class='ocrx_word' id='word_1_285' title='bbox 1282 3189 1464 3258; x_wconf 89' lang='lat' dir='ltr'><strong>atque</strong></span> <span class='ocrx_word' id='word_1_286' title='bbox 1493 3181 1745 3243; x_wconf 86' lang='lat' dir='ltr'><strong>iniurias</strong></span> <span class='ocrx_word' id='word_1_287' title='bbox 1769 3183 1931 3259; x_wconf 70' lang='lat' dir='ltr'><strong>-patiz</strong></span> <span class='ocrx_word' id='word_1_288' title='bbox 1964 3197 2036 3243; x_wconf 89' lang='lat' dir='ltr'><strong>se</strong></span> <span class='ocrx_word' id='word_1_289' title='bbox 2062 3181 2125 3242; x_wconf 92' lang='lat' dir='ltr'><strong>id</strong></span> <span class='ocrx_word' id='word_1_290' title='bbox 2149 3180 2282 3242; x_wconf 86' lang='lat' dir='ltr'><strong>Sci·</strong></span> 
     </span>
     <span class='ocr_line' id='line_1_36' title="bbox 314 3266 2282 3344; baseline 0.001 -20"><span class='ocrx_word' id='word_1_291' title='bbox 314 3266 558 3342; x_wconf 89' lang='lat' dir='ltr'><strong>pionem</strong></span> <span class='ocrx_word' id='word_1_292' title='bbox 604 3281 809 3343; x_wconf 88' lang='lat' dir='ltr'><strong>orare,</strong></span> <span class='ocrx_word' id='word_1_293' title='bbox 856 3272 924 3327; x_wconf 90' lang='lat' dir='ltr'><strong>ut</strong></span> <span class='ocrx_word' id='word_1_294' title='bbox 959 3267 1232 3327; x_wconf 85' lang='lat' dir='ltr'><strong>transitio</strong></span> <span class='ocrx_word' id='word_1_295' title='bbox 1263 3268 1382 3328; x_wconf 88' lang='lat' dir='ltr'><strong>sibi</strong></span> <span class='ocrx_word' id='word_1_296' title='bbox 1412 3283 1527 3328; x_wconf 91' lang='lat' dir='ltr'><strong>nee</strong></span> <span class='ocrx_word' id='word_1_297' title='bbox 1557 3266 1756 3326; x_wconf 67' lang='lat' dir='ltr'><strong>fraudi</strong></span> <span class='ocrx_word' id='word_1_298' title='bbox 1799 3267 1966 3344; x_wconf 87' lang='lat' dir='ltr'><strong>apud</strong></span> <span class='ocrx_word' id='word_1_299' title='bbox 1996 3281 2134 3327; x_wconf 88' lang='lat' dir='ltr'><strong>eum</strong></span> <span class='ocrx_word' id='word_1_300' title='bbox 2163 3280 2282 3325; x_wconf 83' lang='lat' dir='ltr'><strong>nee</strong></span> 
     </span>
     <span class='ocr_line' id='line_1_37' title="bbox 311 3349 2284 3428; baseline 0 -20"><span class='ocrx_word' id='word_1_301' title='bbox 311 3349 531 3411; x_wconf 86' lang='lat' dir='ltr'><strong>honori</strong></span> <span class='ocrx_word' id='word_1_302' title='bbox 561 3352 657 3411; x_wconf 82' lang='lat' dir='ltr'><strong>sit.</strong></span> <span class='ocrx_word' id='word_1_303' title='bbox 726 3352 940 3428; x_wconf 81' lang='lat' dir='ltr'><strong>quales</strong></span> <span class='ocrx_word' id='word_1_304' title='bbox 971 3367 1050 3411; x_wconf 86' lang='lat' dir='ltr'><strong>ex</strong></span> <span class='ocrx_word' id='word_1_305' title='bbox 1078 3351 1196 3411; x_wconf 90' lang='lat' dir='ltr'><strong>hac</strong></span> <span class='ocrx_word' id='word_1_306' title='bbox 1227 3352 1328 3411; x_wconf 89' lang='lat' dir='ltr'><strong>die</strong></span> <span class='ocrx_word' id='word_1_307' title='bbox 1371 3351 1756 3428; x_wconf 83' lang='lat' dir='ltr'><strong>experiundo</strong></span> <span class='ocrx_word' id='word_1_308' title='bbox 1787 3351 2096 3427; x_wconf 86' lang='lat' dir='ltr'><strong>cognorit,</strong></span> <span class='ocrx_word' id='word_1_309' title='bbox 2143 3365 2284 3425; x_wconf 87' lang='lat' dir='ltr'><strong>per-</strong></span> 
     </span>
     <span class='ocr_line' id='line_1_38' title="bbox 309 3433 2284 3513; baseline -0.001 -18"><span class='ocrx_word' id='word_1_310' title='bbox 309 3433 455 3496; x_wconf 90' lang='lat' dir='ltr'><strong>inde</strong></span> <span class='ocrx_word' id='word_1_311' title='bbox 486 3450 712 3513; x_wconf 85' lang='lat' dir='ltr'><strong>operae</strong></span> <span class='ocrx_word' id='word_1_312' title='bbox 742 3451 953 3497; x_wconf 88' lang='lat' dir='ltr'><strong>eorum</strong></span> <span class='ocrx_word' id='word_1_313' title='bbox 978 3434 1235 3512; x_wconf 89' lang='lat' dir='ltr'><strong>pretium</strong></span> <span class='ocrx_word' id='word_1_314' title='bbox 1260 3437 1509 3496; x_wconf 86' lang='lat' dir='ltr'><strong>faceret.</strong></span> <span class='ocrx_word' id='word_1_315' title='bbox 1553 3436 1636 3495; x_wconf 84' lang='lat' dir='ltr'><strong>ita</strong></span> <span class='ocrx_word' id='word_1_316' title='bbox 1661 3451 1918 3510; x_wconf 87' lang='lat' dir='ltr'><strong>prorsus</strong></span> <span class='ocrx_word' id='word_1_317' title='bbox 1941 3434 2284 3510; x_wconf 87' lang='lat' dir='ltr'><strong>respondet</strong></span> 
     </span>
     <span class='ocr_line' id='line_1_39' title="bbox 313 3515 2281 3595; baseline 0 -19"><span class='ocrx_word' id='word_1_318' title='bbox 313 3519 605 3580; x_wconf 72' lang='lat' dir='ltr'><strong>facturum</strong></span> <span class='ocrx_word' id='word_1_319' title='bbox 618 3520 953 3594; x_wconf 87' lang='lat' dir='ltr'><strong>Romanus,</strong></span> <span class='ocrx_word' id='word_1_320' title='bbox 982 3535 1097 3580; x_wconf 86' lang='lat' dir='ltr'><strong>nec</strong></span> <span class='ocrx_word' id='word_1_321' title='bbox 1129 3535 1239 3595; x_wconf 87' lang='lat' dir='ltr'><strong>pro</strong></span> <span class='ocrx_word' id='word_1_322' title='bbox 1263 3518 1596 3594; x_wconf 75' lang='lat' dir='ltr'><strong>transfugis</strong></span> <span class='ocrx_word' id='word_1_323' title='bbox 1623 3519 1988 3593; x_wconf 87' lang='lat' dir='ltr'><strong>habiturum,</strong></span> <span class='ocrx_word' id='word_1_324' title='bbox 2021 3515 2125 3594; x_wconf 91' lang='lat' dir='ltr'><strong>qui</strong></span> <span class='ocrx_word' id='word_1_325' title='bbox 2155 3533 2281 3576; x_wconf 89' lang='lat' dir='ltr'><strong>non</strong></span> 
     </span>
    </p>
   </div>
  </div>
 </body>
</html>
