2550 3959
378 256 505 320 202
656 255 885 314 LIBER
911 254 1152 315 XXVII.
1195 254 1359 314 CAP.
1389 263 1478 315 34.
1507 263 1596 316 35.
1641 263 1712 324 [a.
1744 257 1814 311 U.
1845 277 1893 312 c.
1923 260 2049 326 545]

376 409 690 471 saevitiam
722 407 811 466 sic
834 407 1067 481 patriae
1089 405 1378 480 patiendo
1411 420 1485 464 ac
1515 404 1767 466 serendo
1799 406 2142 466 leniendam
2169 423 2342 470 esse.

374 492 577 553 adnisi
602 505 815 551 omncs
838 505 976 549 cum
993 490 1054 549 C.
1072 487 1324 547 Claudio
1347 487 1427 546 M.
1443 487 1680 548 Livium
1702 489 2020 550 consulem
2042 491 2342 553 fecerum.

541 575 781 635 XXXV.
823 572 971 632 Post
998 571 1158 631 diem
1186 573 1427 630 tertium
1456 571 1586 632 eius
1617 573 1739 632 diei
1769 581 2120 648 praetorum
2149 576 2343 636 comi-

373 660 457 720 tia
484 658 708 718 habita.
754 662 1071 732 praetores
1102 655 1287 715 creati
1309 655 1376 714 L.
1402 654 1654 716 Porcius
1677 655 1922 716 Licinus
1949 657 2010 718 C.
2035 655 2342 720 Mamilius

376 743 439 802 C.
465 749 525 802 et
541 742 618 800 A.
635 739 875 800 Hostilii
890 739 1173 799 Catones,
1233 739 1497 799 comitiis
1523 740 1814 814 perfecti-s
1845 740 2132 816 ludisque
2159 743 2342 803 factis

374 827 636 886 dictator
674 830 735 884 et
762 823 1050 898 magister
1080 823 1350 898 equitum
1377 822 1735 898 magistratu
1774 823 2071 884 abierunt.
2135 826 2200 886 C.
2227 827 2341 886 Te-

374 908 607 970 rentius
634 909 834 967 Varro
876 907 936 966 in
962 907 1261 966 Etruriam
1307 921 1418 982 pro
1449 912 1731 982 praetore
1757 908 2020 979 missus,
2061 913 2130 968 ut
2151 923 2236 970 ex
2265 925 2343 970 ea

253 1035 269 1046 .
378 991 693 1068 provincia
736 992 798 1051 C.
838 991 1136 1052 Hostilius
1163 991 1490 1051 Tarentum
1528 990 1609 1049 ad
1651 1005 1789 1050 eum
1831 996 2165 1052 exercitum
2208 993 2340 1069 ioet,

376 1091 554 1152 quem
592 1075 657 1133 T.
700 1075 1006 1147 Quinctius
1045 1079 1253 1136 consul
1290 1076 1602 1135 habuerat.
1665 1081 1726 1134 et
1769 1075 1835 1135 T.
1864 1074 2129 1136 Manlius
2169 1083 2342 1138 trans

373 1172 541 1220 mare
569 1159 807 1233 legatus
850 1160 993 1233 iret,
1032 1159 1390 1233 viseretque
1420 1173 1580 1234 qnae
1619 1155 1703 1216 ibi
1731 1165 2114 1232 gererentur=
2158 1161 2343 1222 simul

375 1243 547 1319 quod
578 1241 898 1318 Olympiae
938 1241 1237 1302 ludicrum
1280 1257 1355 1302 ea
1389 1247 1622 1302 aestate
1661 1241 1924 1302 futurum
1966 1248 2125 1319 erat,
2169 1245 2343 1318 quod

372 1327 639 1387 maximo
670 1332 851 1388 coetu
881 1325 1306 1397 celebraretur,
1337 1332 1420 1398 ut,
1451 1325 1507 1384 si
1535 1331 1663 1384 tuto
1694 1339 1807 1400 per
1833 1325 2074 1400 hostem
2102 1335 2340 1403 posset,

374 1411 571 1470 adiret
598 1411 659 1469 id
690 1409 1032 1483 concilium,
1075 1415 1141 1468 ut
1170 1410 1274 1482 qui
1305 1408 1492 1469 Siculi
1520 1407 1683 1468 bello
1714 1408 1796 1468 ibi
1825 1410 2070 1485 profugi
2097 1417 2203 1470 aut
2227 1410 2340 1472 Ta-

373 1493 593 1553 rentini
615 1493 785 1553 cives
806 1492 1061 1568 relegati
1086 1491 1163 1551 ab
1177 1492 1520 1552 Hannibale
1549 1499 1776 1567 essent,
1805 1493 2027 1553 domos
2049 1493 2341 1568 redirent,

374 1574 755 1651 scirentque,
807 1591 923 1636 sua
956 1575 1159 1637 omnia
1186 1576 1294 1649 iis,
1338 1591 1496 1651 quae
1525 1581 1666 1636 ante
1691 1575 1916 1636 bellum
1958 1576 2342 1654 habuissent,

373 1659 635 1720 reddere
663 1661 957 1735 populum
985 1660 1346 1719 Romanum.

544 1742 695 1818 Quia
716 1743 1280 1818 periculosis-simus
1305 1757 1501 1802 annus
1525 1741 1839 1801 imminere
1861 1739 2200 1818 videbatur,
2231 1758 2333 1804 nc-

370 1840 498 1901 que
527 1828 817 1901 consules
846 1827 907 1886 in
934 1843 1003 1886 re
1033 1825 1281 1901 publica
1322 1831 1524 1898 erant,
1568 1824 1629 1883 in
1659 1825 1952 1886 consules
1981 1825 2340 1900 designatos

368 1924 590 1972 3omnes
632 1911 827 1983 versi,
888 1925 1070 1985 quam
1127 1909 1388 1985 primum
1431 1923 1542 1970 eos
1585 1908 1790 1968 sortiri
1840 1909 2224 1985 provincias,
2281 1918 2346 1974 et

375 1994 817 2069 praesciscere,
866 2010 1049 2069 quam
1073 1992 1337 2067 quisque
1367 2008 1578 2052 eorum
1607 1993 1986 2067 provinciam
2018 2007 2202 2069 quem
2227 1993 2338 2055 ho·

375 2082 533 2136 stem
560 2075 843 2150 haberet,
888 2079 992 2136 vol
1001 2076 1200 2136 ebant.
1266 2077 1345 2136 de
1373 2075 1870 2137 reconciliatione
1897 2076 2079 2136 etiam
2106 2079 2344 2152 gratiae

366 2174 589 2219 eorum
616 2159 677 2218 in
706 2167 919 2220 senatu
950 2165 1149 2220 actum
1186 2165 1283 2218 est
1311 2159 1613 2235 principio
1645 2160 1806 2220 racto
1833 2177 1874 2220 a
1903 2159 1970 2233 Q.
1994 2158 2182 2220 Fabio
2211 2161 2343 2222 Ma-

376 2243 562 2303 ximo.
626 2243 973 2303 inimicitiae
1014 2249 1220 2303 autem
1251 2243 1492 2303 nobiles
1533 2245 1692 2304 inter
1719 2259 1830 2304 eos
1872 2251 2044 2304 erant
2071 2251 2132 2303 et
2167 2259 2344 2304 acer-

374 2327 583 2386 biores
636 2343 744 2388 eas
797 2326 1301 2402 indignioresque
1339 2327 1514 2388 Livio
1565 2343 1681 2387 sua
1728 2328 2042 2388 calamitas
2094 2327 2354 2402 iecora&

366 2410 547 2484 -quod
577 2417 849 2486 spretum
880 2426 951 2471 se
979 2411 1041 2470 in
1072 2425 1149 2470 ea
1178 2412 1424 2472 fortuna
1451 2410 1760 2472 credebat.
1823 2409 2030 2485 itaque
2058 2409 2114 2470 is
2142 2412 2345 2486 magis

375 2493 781 2569 implacabilis
826 2503 987 2570 erat,
1032 2501 1092 2554 et
1119 2495 1263 2554 nihil
1311 2511 1470 2570 opus
1509 2510 1655 2554 esse
1681 2494 2176 2554 reconciliatione
2215 2495 2344 2555 aie-

371 2577 511 2639 batz
552 2579 755 2639 acrius
782 2585 844 2638 et
873 2579 1163 2639 intentius
1204 2577 1409 2638 omnia
1436 2583 1723 2653 gesturos
1752 2578 2055 2653 timentes,
2102 2591 2182 2638 ne
2209 2593 2343 2639 cre-

370 2660 593 2720 scendi
624 2675 704 2720 ex
732 2677 804 2722 se
834 2661 1079 2722 inimico
1111 2662 1389 2736 collegae
1416 2667 1694 2736 potestas
1723 2661 1916 2740 fleret.
1960 2661 2112 2722 vicit
2141 2667 2343 2722 tamen

372 2743 709 2805 auctoritas
734 2751 1004 2820 senatus,
1034 2751 1101 2806 ut
1119 2745 1343 2820 positis
1375 2745 1780 2806 simultatibus
1804 2743 2106 2806 communi
2135 2745 2345 2805 animo

371 2827 761 2902 consilioque
805 2829 1297 2889 administrarent
1324 2844 1452 2889 rem
1480 2828 1806 2905 publicam.
1874 2827 2232 2904 provinciae
2264 2829 2345 2889 iis

374 2926 501 2970 non
532 2913 870 2986 permixtae
896 2912 1284 2987 regionibus,
1335 2913 1494 2973 sicut
1521 2911 1944 2988 superioribus
1973 2911 2180 2983 annis,
2227 2912 2345 2972 sed

374 2992 666 3053 diversae
708 2995 997 3055 extremis
1038 2994 1248 3055 Italiae
1273 2995 1501 3057 finibus
1515 3041 1533 3070 ‚
1578 2996 1750 3056 alteri
1782 2995 2088 3056 adversus
2113 2994 2344 3054 Hanni-

377 3075 580 3136 balem
605 3076 818 3137 Bruttii
847 3078 1094 3151 Lucani,
1126 3078 1298 3139 alteri
1329 3078 1523 3139 Gallia
1549 3080 1852 3139 adversus
1875 3077 2342 3153 Hasdrubalem,

382 3176 565 3236 quem
594 3159 713 3220 iam
734 3161 999 3236 Alpibus
1030 3162 1530 3238 appropinquare
1557 3163 1721 3222 fama
1748 3169 1894 3236 erat,
1925 3161 2190 3222 decreta.
2231 3175 2346 3220 ex·
2373 3235 2379 3238 ῃ

382 3245 631 3306 ercitum
673 3260 709 3305 e
753 3243 1025 3319 duobus,
1071 3245 1175 3320 qui
1214 3246 1275 3306 in
1307 3246 1500 3306 Gallia
1531 3246 1758 3321 quique
1787 3245 1848 3304 in
1875 3244 2114 3305 Etruria
2153 3250 2345 3320 esset,

382 3326 591 3388 addito
634 3330 904 3403 urbano,
946 3329 1200 3404 eligeret
1241 3345 1424 3405 quein
1463 3329 1693 3402 mallet,
1743 3329 1852 3404 qui
1879 3328 2134 3388 Galliam
2173 3335 2346 3388 esset

385 3411 655 3472 sortitus.
712 3412 810 3472 cui
837 3412 1052 3472 Bruttii
1083 3412 1402 3488 provincia
1429 3412 1756 3484 evenisset,
1787 3411 1968 3472 novis
1997 3407 2345 3486 legionibus

384 3492 635 3554 urbanis
676 3495 951 3570 scriptiS,
994 3495 1187 3556 utrius
1216 3495 1424 3555 mallet
1451 3494 1770 3568 consulum
1801 3494 2022 3570 prioris
2051 3493 2194 3554 anni
2233 3508 2344 3556 ex·

2533 375 2536 462 1
