2550 3959
335 196 461 262 264
649 198 883 260 LIBER
909 199 1174 259 XXVIII.
1224 199 1390 260 (ζ’-ΛΡ.
1414 208 1501 262 38.
1526 206 1614 264 39.
1660 207 1733 274 [α.
1763 205 1827 270 U,
1854 225 1902 261 c.
1928 208 2056 277 547]

331 371 469 417 eum
522 361 765 414 centum
812 353 1015 416 bobus
1059 353 1219 414 votis
1269 353 1330 413 in
1371 353 1672 430 Hispania
1712 353 1842 416 Iovi
1885 355 2302 429 sacrificaret3

330 437 847 516 spondebantque
876 437 1120 512 animiS,
1164 437 1324 499 sicut
1353 437 1416 498 C.
1447 437 1722 500 Lutatius
1753 439 2040 515 superius
2067 439 2302 504 bellum

327 522 620 584 Punicum
648 522 905 598 finisset,
948 522 1031 581 ita
1058 521 1122 581 id
1152 519 1322 596 quod
1350 521 1604 582 instaret
1629 521 1693 582 P.
1727 520 2070 585 Cornelium
2099 525 2298 586 finitu-

326 623 481 682 rum,
514 609 697 684 atque
728 605 813 666 uti
831 603 1131 691 Hispania
1160 605 1324 666 omni
1347 603 1592 667 Poenos
1623 602 1980 692 expulisset,
2011 608 2105 668 sic
2126 609 2299 670 ltalia

328 692 649 768 pulsurum
690 701 867 758 esse3
911 684 1308 764 Africamque
1337 687 1412 762 ei,
1446 689 1702 767 perinde
1731 697 1806 752 ac
1836 691 2204 754 debellatum
2231 692 2296 752 in

329 775 497 836 Italia
525 774 701 847 foret,
734 773 1113 849 provinciam
1143 771 1550 834 destinabant.
1594 773 1904 863 praetoria
1933 774 2076 836 inde
2106 777 2294 838 eomi-

328 859 411 920 tia
450 851 674 918 habita.
747 857 932 918 creati
976 855 1099 918 duo
1144 857 1249 935 qui
1289 863 1416 919 turn
1443 856 1678 920 aediles
1707 857 1906 936 plebis
1937 867 2137 936 erant,
2183 857 2296 938 Sp.

326 941 642 1003 Lucretius
676 941 781 1002 Cn.
818 936 1137 1018 Octavius,
1180 947 1242 1002 et
1270 955 1351 1002 ex
1391 941 1644 1018 privatis
1677 943 1781 1003 Cn.
1815 941 2110 1004 Servilius
2143 943 2295 1005 Cae-

330 1025 434 1102 pio
465 1033 527 1086 et
552 1025 621 1086 L.
650 1021 948 1086 Aemilius
978 1020 1205 1102 Papus.
1255 1102 1259 1107 ·
1635 1104 1638 1106 Ὗ

496 1107 721 1184 Quarto
752 1107 989 1170 decimo
1022 1125 1181 1170 anno
1211 1104 1422 1169 Punici
1453 1109 1595 1171 belli
1621 1102 1686 1168 Ρ.
1720 1107 2037 1172 Cornelius
2069 1110 2280 1188 Scipio

326 1200 387 1255 et
414 1191 480 1252 P.
512 1193 779 1255 Licinius
811 1191 1075 1254 crassus
1102 1198 1173 1254 ut
1200 1193 1585 1255 consulatum
1613 1192 1906 1270 inierunt,
1947 1196 2298 1258 nominatae

327 1277 685 1339 consulibus
715 1276 1073 1356 provinciae
1101 1283 1262 1352 sunt,
1295 1270 1504 1341 Sicilia
1530 1275 1810 1352 Scipioni
1837 1286 2011 1341 extra
2039 1286 2286 1351 sortem

327 1363 707 1425 concedente
740 1358 995 1438 collega,
1027 1360 1173 1437 quia
1202 1367 1522 1422 sacrorum
1546 1377 1695 1422 cura
1723 1359 2075 1438 pontificem
2095 1363 2289 1424 maxi-

324 1463 489 1508 mum
532 1447 594 1507 in
634 1445 807 1509 Italia
843 1443 1171 1520 retinebat,
1210 1441 1429 1506 Bruttii
1460 1443 1703 1506 Crasso:
1774 1449 1902 1508 tuni
1946 1448 2298 1522 praetoriae

324 1531 683 1608 provinciae
725 1531 787 1590 in
818 1529 1047 1591 sortem
1078 1528 1415 1590 coniectae.
1483 1529 1723 1592 urbana
1753 1524 1858 1590 Cn.
1893 1529 2149 1592 Servilio
2179 1532 2292 1592 ob-

324 1615 472 1691 tigit,
515 1611 855 1676 Ariminum
882 1613 1080 1693 —ita
1108 1613 1363 1674 Galliam
1391 1613 1786 1690 appellabant
1809 1647 1899 1659 —
1925 1614 2032 1691 Sp.
2063 1613 2283 1676 Lucre-

324 1695 667 1773 tiO‚‘Sicilia
693 1695 759 1758 L.
796 1696 1077 1772 Aemilio,
1110 1695 1217 1757 Cn.
1252 1696 1504 1759 Octavio
1535 1696 1838 1758 Sardinia.

495 1773 759 1842 XXXIX.
808 1771 1072 1842 Senatus
1114 1781 1176 1840 in
1210 1779 1506 1858 Capitolio
1537 1779 1802 1843 habitus.
1875 1781 1966 1844 ibi.
1986 1783 2292 1844 referente

322 1866 387 1927 P.
420 1862 712 1941 Scipione
744 1867 994 1927 senatus
1026 1864 1374 1926 consultum
1408 1867 1632 1927 factum
1661 1873 1773 1941 est,
1815 1872 1883 1926 ut
1913 1883 2072 1942 quos
2103 1867 2288 1929 ludos

324 1951 481 2011 inter
510 1949 875 2010 seditionem
904 1948 1221 2011 militarem
1248 1949 1312 2009 in
1335 1943 1638 2026 Hispania
1655 1950 1950 2024 vovisset,
1983 1961 2062 2010 ex
2083 1965 2160 2011 ea
2181 1966 2290 2027 pe·

325 2033 505 2095 cunia
548 2049 730 2109 quam
759 2035 899 2110 ipse
927 2033 987 2093 in
1018 2031 1321 2094 aerarium
1351 2033 1674 2094 detulisset
1701 2034 1948 2094 faceret.
2023 2039 2150 2094 tum
2180 2034 2292 2096 Sa-

320 2116 712 2194 guntinorum
735 2117 971 2193 legatos
995 2113 1056 2176 in
1080 2112 1360 2178 senatum
1383 2117 1734 2179 introduxit.
1769 2133 1845 2178 ex
1871 2117 1961 2178 eis
1985 2118 2292 2180 maximus

320 2209 495 2263 natu=
560 2201 718 2277 „etsi
761 2199 909 2261 nihil
948 2203 1108 2262 ultra
1154 2201 1455 2262 malorum
1496 2208 1622 2278 est,
1673 2208 1882 2277 patres
1935 2203 2288 2278 conscripti,

324 2302 502 2362 quam
540 2285 708 2362 quod
738 2285 911 2362 passi
940 2285 1174 2361 sumus,
1203 2292 1271 2347 ut
1299 2285 1380 2346 ad
1405 2286 1679 2347 ultimum
1701 2285 1888 2346 fidem
1909 2285 2088 2348 vobis
2110 2301 2290 2363 prae-

192 2345 197 2350 *
321 2376 645 2448 staremuS‚
676 2372 877 2431 tamen
908 2371 983 2430 ea
1002 2377 1211 2431 vestra
1231 2369 1447 2430 merita
1468 2370 2028 2446 imperatorumque
2049 2377 2290 2432 vestro-

318 2468 453 2516 rum
502 2451 649 2530 erga
698 2463 815 2516 nos
856 2452 1140 2530 merant,
1182 2460 1260 2541 ‘ut
1309 2468 1428 2514 nos
1471 2451 1733 2514 cladium
1775 2457 2122 2516 nostrarum
2163 2469 2290 2516 non

320 2537 644 2615 paeniteat.
712 2537 941 2598 bellum
994 2545 1249 2616 propter
1305 2553 1424 2600 nos
1479 2537 1877 2614 suscepistiS,
1927 2545 2292 2614 susceptum

204 2614 207 2618 ’
320 2625 601 2698 quartum
660 2621 964 2682 decimum
1021 2636 1247 2682 annum
1302 2628 1426 2682 tam
1474 2621 1866 2698 pertinaciter
1915 2621 2122 2698 geritis
2138 2668 2155 2699 ,
2218 2629 2287 2684 ut

319 2713 512 2782 saepe
552 2703 634 2765 ad
674 2704 948 2767 ultimum
990 2705 1318 2766 discrimen
1347 2712 1409 2766 et
1433 2705 1556 2782 ipsi
1582 2705 1876 2767 veneritis
1903 2712 1964 2766 et
1989 2708 2292 2784 populum

318 2781 881 2866 Carthaginiensem
909 2788 1310 2853 adduxeritis.
1357 2792 1496 2852 curii
1525 2786 1779 2852 initalia
1804 2797 1927 2852 tam·
1955 2796 2132 2852 atrox
2160 2790 2294 2850 bel·'

316 2874 443 2936 lum
472 2879 532 2934 et
550 2863 954 2936 Hannibalem
982 2875 1224 2938 hostem
1244 2869 1575 2948 haberetis,
1609 2875 1926 2936 consulem
1949 2882 2090 2936 eum
2111 2889 2289 2935 exer·

317 2957 443 3019 citu
470 2957 532 3034 in
559 2954 920 3035 Hispaniam
947 2959 1119 3020 velut
1144 2959 1225 3020 ad
1256 2958 1634 3036 colligendas
1662 2957 1956 3037 reliquias
1984 2957 2288 3034 naufragii

320 3035 515 3104 nostri
555 3039 831 3103 misistis.
895 3041 961 3102 P.
993 3049 1055 3104 et
1084 3043 1189 3105 Cn.
1222 3041 1485 3107 Cornelii
1529 3059 1609 3104 ex
1650 3043 1866 3122 quoin
1906 3041 2284 3120 provinciam

317 3119 645 3201 venerunt,
692 3128 860 3188 nullo
902 3133 1180 3206 tempore
1220 3127 1584 3190 destiterunt
1613 3143 1773 3205 quae
1793 3124 1982 3190 nobis
2011 3126 2290 3188 secunda

317 3213 604 3289 quaeque
659 3211 926 3285 adversa
976 3211 1261 3274 hostibus
1319 3213 1550 3274 nostris
1609 3218 1823 3274 essent
1875 3209 2100 3274 faeere.
2168 3210 2288 3270 iam

316 3295 587 3358 omnium
618 3295 878 3371 primum
908 3297 1207 3374 oppidum
1236 3296 1416 3359 nobis
1443 3295 1858 3372 restituerunt,
1899 3311 2014 3373 per
2043 3309 2288 3358 omnem

314 3376 677 3454 Hispaniam
708 3379 876 3442 cives
904 3387 1155 3443 nostros
1183 3393 1411 3443 venum
1441 3381 1617 3442 datos
1635 3427 1652 3456 ‚
1695 3378 1970 3441 dimissis
2003 3379 2108 3457 qui
2137 3393 2287 3440 con·

320 3460 647 3540 quirerent,
678 3477 757 3525 ex
785 3463 1076 3527 servitute
1103 3465 1167 3525 in
1195 3465 1532 3526 libertatem
1559 3465 1969 3528 restituerunt.
2004 3462 2288 3525 cumiani
