2550 3959
396 253 519 317 368
606 255 835 315 LlBER
863 254 1043 315 XXX.
1091 254 1257 315 CAP.
1291 260 1484 315 4445.
1529 254 1768 330 [a.U.c.
1797 264 1916 315 551.
1947 261 2235 334 a.c.201}

403 416 524 466 tum
564 405 643 465 ad
672 402 945 479 privatas
975 420 1075 463 res
1107 403 1399 479 pertinet;
1446 420 1559 464 nec
1587 405 1647 464 in
1679 405 1754 464 iis
1786 405 2114 481 quicquam
2157 409 2367 469 acrius
2474 408 2475 411 ’

402 506 583 565 quam
606 488 905 565 pecuniae
928 488 1215 547 damnum
1238 488 1518 549 stimulat.
1561 489 1766 564 itaque
1787 504 1923 548 cum
1945 491 2148 565 spolia
2170 493 2364 552 victo·
2474 472 2475 495 ³

398 574 523 633 riae
538 572 883 649 Carthagini
906 570 1395 644 detrahebantur,
1421 586 1560 632 cum
1583 572 1872 632 inermem
1897 572 2016 633 iam
2039 590 2112 634 ac
2135 576 2372 637 nudam
2474 602 2475 657 3

400 656 641 717 destitui
673 656 829 717 inter
854 662 943 717 tot
970 662 1234 717 armatas
1264 662 1479 731 gentes
1497 655 1756 715 Africae
1787 658 2134 732 cerneretis,
2179 674 2368 720 nemo

397 740 715 815 ingemuit=
746 757 906 801 nunc
934 738 1081 815 quia
1102 739 1388 801 tributum
1416 754 1494 799 ex
1516 740 1755 815 privato
1779 740 2215 802 conferendum
2247 752 2368 817 est,
2474 758 2475 809 3

398 833 705 900 tamquam
735 824 792 883 in
816 824 1061 901 publico
1090 825 1299 883 funere
1327 824 1742 898 comploratis.
1801 832 1984 900 quarn
2015 842 2252 899 vereor,
2285 844 2368 888 ne
2474 838 2475 845 ’

399 910 760 985 propediem
800 907 1075 970 sentiatis
1115 908 1432 968 levissimo
1482 908 1552 973 in,
1593 908 1751 968 malo
1801 924 1918 969 vos
1957 909 2144 969 hodie
2187 910 2365 971 lacri-

398 997 663 1052 masse.“
728 993 880 1053 haec
908 991 1211 1053 Hannibal
1239 992 1409 1067 apud
1439 992 1988 1067 Carthaginienses.

568 1075 775 1151 Scipio
807 1078 1088 1139 contione
1120 1076 1424 1136 advocata
1445 1076 1836 1136 Masinissam
1865 1077 1946 1137 ad
1969 1091 2225 1153 regnum
2254 1096 2362 1155 pa-

400 1168 631 1221 ternum
662 1160 822 1221 Cirta
850 1160 1083 1237 oppido
1116 1167 1175 1219 et
1200 1160 1420 1219 ceteris
1449 1159 1702 1221 urbibus
1731 1162 2048 1235 agrisque,
2097 1178 2256 1236 quae
2285 1179 2366 1223 ex
2474 1192 2475 1197 κ

400 1261 586 1319 regno
620 1244 925 1321 Syphacis
966 1244 1025 1303 in
1068 1242 1280 1319 populi
1319 1244 1578 1303 Romani
1622 1250 1986 1320 potestatem
2028 1246 2362 1319 venissent,

398 1328 651 1389 adiectis
674 1328 945 1389 donavit.
987 1330 1091 1389 Cn.
1110 1327 1422 1389 Octavium
1455 1329 1718 1389 classem
1745 1328 1806 1387 in
1821 1328 2090 1389 Siciliam
2121 1330 2366 1391 ductam

398 1414 503 1472 Cn.
534 1412 813 1475 Cornelio
846 1412 1084 1473 consuli
1113 1412 1354 1472 tradere
1393 1410 1600 1487 iussit,
1643 1412 1880 1488 legatos
1913 1413 2363 1489 Carthaginien-

398 1496 819 1557 siumRomam
848 1496 1176 1575 proficisci,
1206 1502 1290 1569 ut,
1322 1512 1480 1570 quae
1510 1512 1548 1555 a
1575 1512 1646 1555 se
1675 1512 1754 1555 ex
1779 1496 1992 1556 decem
2021 1499 2364 1572 legatorum
2474 1506 2475 1513 ’

396 1580 699 1640 sententia
734 1587 871 1640 acta
908 1586 1148 1652 essent,
1220 1592 1296 1637 ea
1337 1585 1573 1653 patrum
1623 1580 1983 1640 auctoritate
2026 1580 2365 1655 populique

396 1664 569 1724 iussu
612 1663 1133 1725 confirmarentur.
1228 1662 1410 1722 XLV.
1463 1662 1622 1721 Pace
1662 1669 1824 1723 terra
1863 1666 2136 1738 marique
2169 1674 2360 1739 parta,

380 1746 672 1807 exercitu
701 1746 763 1807 in
793 1762 985 1807 naves
1020 1746 1328 1821 imposita,
1359 1746 1420 1805 in
1436 1744 1702 1807 Siculam
1724 1746 2084 1823 Lilybaeum
2107 1747 2354 1807 traiecit.

399 1830 540 1889 inde
568 1846 791 1905 magna
819 1838 993 1907 parte
1033 1830 1286 1890 militum
1315 1828 1576 1891 navibus
1607 1830 1796 1891 missa
1837 1831 1974 1905 ipse
2002 1848 2116 1907 per
2144 1832 2363 1892 laetam

399 1929 701 1989 paee‘non
726 1914 923 1975 minus
950 1929 1133 1990 quam
1155 1912 1411 1975 victori-a
1425 1914 1672 1989 Italiam,
1705 1913 1920 1976 effusis
1951 1932 2073 1976 non
2106 1914 2360 1976 urbibus

397 1998 581 2058 modo
628 1998 708 2058 ad
747 1998 1069 2058 habendos
1110 1997 1412 2072 honoreS,
1458 1998 1574 2059 sed
1615 1998 1945 2073 agrestium
1981 2000 2161 2059 etiam
2188 1998 2362 2059 turba
2474 2064 2475 2069 ἵ

398 2080 719 2141 obsidente
764 2098 926 2155 vles,
968 2083 1226 2141 Romam
1267 2082 1574 2156 pervenit,
1621 2082 2050 2159 triumphoque
2095 2082 2360 2144 omnium

344 2186 349 2189 ·
398 2164 737 2225 clarissimo
782 2164 994 2225 urbem
1023 2171 1117 2225 est
1155 2164 1455 2227 invectus.
1525 2166 1762 2241 argenti
1787 2167 1922 2227 tulit
1954 2166 2017 2227 in
2059 2166 2359 2228 aerarium

403 2248 607 2325 pondo
640 2255 881 2310 eentum
911 2248 1125 2323 viginti
1153 2249 1269 2309 tria
1297 2249 1482 2311 milia.
1525 2249 1811 2312 militibus
1843 2268 1922 2311 ex
1939 2252 2186 2327 *praeda
2215 2268 2361 2326 qua·
2474 2298 2475 2309 t

400 2334 733 2407 dringenos
764 2332 927 2394 aeris
958 2333 1181 2394 divisit.
1250 2340 1448 2394 morte
1477 2334 1824 2395 subtractus
1855 2336 2207 2411 spectaculo
2237 2350 2362 2394 ma-
2474 2344 2475 2395 3

397 2415 491 2491 gis
523 2416 834 2477 hominum
866 2434 1051 2493 quam
1093 2416 1520 2493 triumphantis
1547 2418 1782 2493 gloriae
1814 2418 2071 2495 Syphax
2101 2425 2224 2493 est,
2267 2418 2360 2477 Ti·

398 2500 530 2561 buri
557 2499 723 2561 haud
752 2500 833 2561 ita
861 2504 1047 2563 multo
1078 2508 1217 2561 ante
1244 2508 1518 2562 mortuus
1537 2547 1552 2575 ‚
1600 2518 1724 2576 quo
1754 2502 1830 2563 ab
1861 2502 2022 2564 Alba
2049 2503 2362 2564 traductus
2471 2534 2476 2587 4

398 2586 611 2645 suerat.
678 2592 1013 2661 conspecta
1042 2601 1208 2645 mors
1238 2591 1439 2645 tamen
1470 2586 1602 2646 eius
1635 2585 1773 2661 l'uit,
1823 2587 1965 2661 quia
1995 2585 2239 2663 publico
2270 2586 2363 2647 fu·
2474 2592 2475 2653 Q

400 2684 543 2727 nere
570 2676 666 2729 est
692 2670 909 2730 elatusa
940 2670 1103 2731 hunc
1132 2685 1342 2744 regern
1369 2669 1430 2729 in
1455 2669 1760 2745 triumpho
1785 2670 2030 2732 ductum
2049 2670 2362 2747 PolybiuS‚

398 2751 871 2827 haudquaquam
908 2752 1294 2827 spernendus
1325 2759 1554 2825 auctor,
1583 2752 1782 2813 tradit.
1847 2759 2096 2814 secutus
2123 2752 2362 2831 Scipio-
2473 2794 2475 2837 3

397 2852 536 2895 nem
567 2835 1037 2911 triumphantem
1066 2842 1162 2897 est
1189 2836 1373 2911 pilleo
1407 2836 1588 2913 capiti
1628 2835 1916 2912 imposito
1947 2838 2014 2912 Q.
2045 2837 2360 2899 Terentius
2474 2850 2475 2897 ÷

398 2920 635 2991 Culleo;
682 2919 970 2996 omnique
1012 2919 1235 2980 deinde
1276 2920 1430 2994 vita,
1474 2925 1539 2980 ut
1573 2919 1820 2997 dignum
1865 2928 2023 2997 erat,
2070 2920 2362 2982 libertatis

400 3010 713 3076 auctorem
724 3002 926 3063 coluit.
959 3002 1232 3065 Africani
1248 3019 1590 3080 cognomen
1613 3004 1885 3067 militaris
1901 3006 2071 3081 prius
2095 3005 2271 3066 favor
2285 3022 2358 3065 an
2474 3024 2475 3081 j

398 3086 713 3163 popularis
746 3104 895 3149 aura
922 3087 1350 3161 celebraverit,
1397 3104 1491 3162 an,
1533 3088 1714 3149 sicuti
1741 3089 1960 3150 Felicis
1994 3088 2204 3167 Syllae
2233 3089 2357 3149 Ma·
2474 3156 2475 3169 ἶ

396 3172 623 3247 gaique
638 3169 907 3249 Pompeii
930 3178 1167 3249 patrum
1190 3171 1500 3253 memoria,
1527 3178 1810 3248 coeptum
1833 3174 1911 3233 ab
1935 3174 2360 3235 adsentatione
2474 3196 2475 3203 ¹

400 3255 671 3315 familiari
704 3256 811 3329 sit,
857 3273 1073 3333 parum
1102 3263 1478 3333 compertum
1511 3255 1732 3318 habeo.
1805 3257 2037 3333 primus
2067 3264 2232 3318 certe
2262 3256 2360 3316 hic

398 3339 727 3415 imperator
746 3343 991 3403 nomine
1017 3339 1211 3401 victae
1234 3357 1273 3401 a
1301 3356 1372 3400 se
1393 3339 1589 3415 gentls
1619 3349 1714 3402 est
1736 3340 2108 3403 nobilitatus.
2154 3356 2359 3401 exem-
2425 3336 2430 3341 ’
2474 3376 2475 3379 =

396 3424 499 3499 plo
532 3422 755 3483 deinde
784 3424 962 3486 huius
995 3440 1382 3499 nequaquam
1412 3422 1666 3485 victoria
1692 3440 1874 3500 pares
1907 3424 2182 3499 insignes
2212 3424 2358 3483 ima—
2474 3442 2475 3449 ¹

396 3502 603 3580 glnum
630 3506 837 3569 titulos
868 3509 1153 3587 claraque
1186 3510 1432 3567 nomina
1462 3508 1721 3569 familiae
1751 3508 2076 3584 liquerunt.

1553 3650 1662 3661 a...
