2550 3959
326 223 559 285 LIBER
582 221 795 283 XXVI.
840 219 1008 281 CAP.
1030 228 1118 281 25.
1140 225 1228 281 26.
1274 222 1348 293 [a.
1373 222 1442 275 U.
1467 240 1516 275 c.
1538 224 1664 279 ⁵42.
1693 237 1744 274 a.
1767 222 1814 275 C
1859 222 1987 288 210]
2076 214 2199 279 131

238 372 429 434 obvia
438 370 605 433 hosti
624 375 982 447 posuerunt.
1011 366 1235 429 nuntiis
1257 366 1336 429 ad
1351 364 1696 443 Philippum
1715 364 1944 443 missis,
1967 376 2200 447 quantu

238 472 341 517 res
362 455 425 515 in
450 454 803 515 discrimine
826 458 1011 525 esset,
1044 450 1319 513 omittere
1341 449 1680 527 Philippum
1709 450 1774 511 id
1800 450 1968 525 quod
1988 452 2049 509 in
2071 466 2200 511 ma·

234 539 421 601 nibus
460 543 593 599 erat
618 543 953 611 coegerunt
977 534 1202 595 bellum
1230 533 1644 613 Iamphoryna
1669 548 1784 610 per
1824 532 2196 596 deditionem

234 628 489 699 recepta
514 626 579 681 et
597 634 908 697 prospero
936 618 1059 679 alio
1088 632 1390 682 successu
1415 634 1638 679 rerum.
1701 617 2058 679 Aetolorum
2088 618 2198 677 im·

236 712 449 783 petum
473 705 823 765 tardaverat
846 702 1047 779 primo
1089 702 1524 762 coniurationis
1555 702 1718 762 fama
1741 700 2196 773 Acarnanicam

237 789 465 851 deinde
492 787 739 852 auditus
758 785 1020 863 Philippi
1048 784 1356 846 adventus
1383 786 1628 861 regredi
1653 784 1834 845 etiam
1863 785 1924 845 in
1952 785 2199 847 intimos

236 872 439 949 coegit
466 872 643 933 fines.
686 886 803 931 nec
814 870 1154 960 Philippum
1186 884 1574 947 quamquam,
1603 884 1682 929 ne
1711 870 2201 946 opprimerentur

231 959 613 1030 AcarnaneS,
636 954 951 1015 itineribus
974 952 1212 1029 magnis
1234 952 1404 1027 ierat,
1426 952 1585 1013 ultra
1595 951 1773 1012 Dium
1794 959 1890 1015 est
1911 968 2198 1029 progres-

234 1055 366 1101 sus.
410 1038 572 1113 inde,
603 1054 743 1099 cum
772 1038 1049 1097 audisset
1073 1036 1336 1097 reditum
1353 1036 1710 1096 Aetolorum
1737 1051 1818 1096 ex
1830 1037 2196 1113 Acarnania,

232 1122 462 1200 etipse
488 1121 716 1183 Pellam
743 1121 939 1183 rediit.
1026 1120 1242 1181 XXVI.
1293 1119 1598 1180 Laevinus
1625 1119 1792 1179 veris
1820 1120 2126 1197 principio
2159 1138 2198 1183 a

235 1207 511 1283 corcyra
532 1207 851 1283 profectus
879 1204 1141 1265 navibus
1170 1210 1461 1279 superato
1482 1203 1751 1263 Leucata
1776 1206 2195 1279 promuntorio

232 1306 373 1351 cum
410 1290 688 1351 venisset
724 1290 1135 1366 Naupactum,
1186 1286 1544 1363 Anticyram
1583 1285 1728 1346 inde
1763 1302 1832 1349 se
1873 1287 2194 1365 petiturum

238 1373 446 1447 edixit,
476 1379 543 1435 ut
568 1379 818 1451 praesto
846 1372 933 1433 ibi
958 1372 1199 1447 Scopas
1227 1370 1556 1447 Aetolique
1586 1377 1814 1432 essent.
1878 1372 1996 1431 sita
2021 1372 2193 1432 Anti—

236 1473 393 1537 cyra
432 1463 531 1518 est
554 1458 619 1517 in
646 1455 907 1517 Locride
946 1456 1126 1517 laeva
1168 1462 1342 1531 parte
1385 1454 1586 1516 sinum
1615 1452 2061 1517 Corinthiacum
2106 1455 2192 1515 in-

230 1540 432 1601 tranti.
494 1539 687 1601 breve
713 1546 877 1602 terra
901 1540 1017 1601 iter
1043 1553 1119 1600 eo
1136 1584 1151 1609 ‚
1192 1538 1402 1599 brevis
1431 1539 1739 1615 navigatio
1771 1539 1848 1599 ab
1874 1540 2194 1617 Naupacto

228 1631 346 1686 est.
401 1624 579 1687 tertio
608 1624 798 1685 ferme
824 1629 971 1699 post
996 1622 1097 1683 die
1122 1622 1427 1697 utrimque
1455 1623 1802 1700 oppugnari
1831 1631 2050 1701 coepta
2078 1632 2192 1685 est.

230 1706 483 1785 gravior
507 1712 549 1767 a
572 1706 725 1767 mari
766 1705 1140 1784 oppugnatio
1182 1712 1336 1779 crat,
1381 1707 1524 1781 quia
1550 1712 1613 1765 et
1638 1713 1938 1767 tormenta
1965 1707 2192 1769 machi-

230 1805 475 1868 naeque
516 1790 717 1852 omnis
744 1790 987 1867 generis
1026 1788 1089 1849 in
1118 1788 1380 1850 navibus
1421 1795 1620 1861 erant,
1663 1796 1724 1849 et
1748 1790 2009 1851 Romani
2047 1792 2193 1852 inde

234 1873 697 1951 oppugnabant.
753 1875 960 1951 itaque
1000 1872 1159 1933 intra
1185 1889 1424 1950 paucos
1453 1872 1586 1933 dies
1616 1880 1866 1950 recepta
1903 1874 2050 1934 urbs
2079 1891 2194 1951 per

231 1958 607 2019 deditionem
618 1958 853 2037 Aetolis
876 1957 1148 2033 traditur,
1176 1957 1408 2033 praeda
1435 1972 1516 2017 ex
1537 1963 1719 2033 pacto
1733 1956 2028 2019 Romanis
2057 1974 2191 2019 ces-

229 2042 330 2103 sit.
373 2042 635 2103 Litterae
647 2042 914 2115 Laevino
938 2040 1215 2101 redditae
1238 2040 1553 2101 consulem
1575 2056 1713 2101 eum
1743 2040 2060 2103 absentem
2083 2044 2190 2103 de-

230 2126 545 2201 claratum,
566 2131 629 2186 et
646 2139 1072 2186 successorem
1090 2126 1298 2186 venire
1310 2124 1374 2184 P.
1391 2124 1746 2201 Sulpicium.
1777 2132 2042 2187 ceterum
2058 2128 2185 2187 diu-

232 2218 411 2272 turno
429 2208 509 2268 ibi
524 2210 739 2270 morbo
763 2209 1087 2286 implicitus
1102 2209 1302 2269 serius
1318 2224 1432 2283 spe
1449 2208 1718 2269 omnium
1731 2210 1987 2270 Romam
2002 2211 2190 2282 venit.

400 2292 483 2353 M.
510 2290 839 2353 Marcellus
869 2308 1007 2353 cum
1044 2291 1245 2353 idibus
1272 2292 1507 2352 Martiis
1537 2295 1924 2354 consulatum
1951 2294 2190 2367 inisset,

229 2383 512 2437 senatum
542 2392 617 2437 eo
648 2376 750 2436 die
776 2375 966 2438 moris
992 2376 1179 2437 modo
1212 2391 1404 2436 causa
1431 2375 1656 2446 habuit,
1687 2377 2013 2452 professus
2041 2377 2190 2437 nihil

228 2474 307 2521 se
335 2460 590 2522 absente
619 2460 857 2537 collega
882 2474 1085 2535 neque
1114 2460 1192 2519 de
1219 2474 1289 2519 re
1317 2458 1565 2535 publica
1599 2474 1802 2534 neque
1829 2461 1909 2521 de
1939 2462 2187 2536 provin-

226 2543 345 2605 ciis
374 2550 669 2605 acturum.
711 2544 871 2605 scire
900 2559 971 2605 se
997 2545 1352 2617 frequentes
1383 2540 1627 2604 Siculos
1658 2558 1854 2618 prope
1882 2544 2098 2604 urbem
2123 2544 2190 2605 in

220 2626 389 2687 villis
430 2626 904 2689 obtrectatorum
945 2642 1199 2689 suorum
1226 2641 1404 2691 essez
1451 2626 1674 2700 quibus
1701 2632 1934 2687 tantum
1963 2626 2190 2688 abesse

220 2716 301 2771 ut
327 2721 443 2786 per
469 2726 540 2771 se
568 2727 692 2773 non
721 2712 901 2771 liceat
927 2712 1129 2787 palam
1156 2711 1392 2770 Romae
1421 2708 1672 2769 crimina
1701 2710 1893 2785 edita,
1936 2710 2080 2771 ficta
2109 2712 2188 2772 ab

223 2792 523 2864 inimici3‚
555 2794 835 2870 vulgare,
865 2801 963 2869 ut,
994 2793 1053 2854 ni
1084 2794 1443 2855 simularent
1470 2792 1732 2867 aliquem
1764 2792 1881 2855 sibi
1911 2794 2188 2855 timorem

224 2878 485 2939 absente
515 2880 751 2954 collega
769 2878 1012 2939 dicendi
1034 2879 1119 2937 de.
1135 2878 1388 2938 consule
1411 2891 1569 2946 csse,
1603 2876 1740 2953 ipse
1762 2876 1853 2938 eis
1877 2880 2186 2955 extemplo

220 2960 484 3023 daturus
514 2969 789 3022 senatum
823 2962 1019 3022 fuerit.
1064 2962 1167 3021 ubi
1198 2960 1448 3037 quidem
1477 2961 1714 3036 collega
1739 2963 2030 3037 venisset,
2060 2980 2188 3025 non

216 3060 558 3121 passurum
589 3044 914 3121 quicquam
945 3045 1115 3121 prius
1146 3046 1260 3120 agi,
1295 3061 1478 3119 quarn
1504 3053 1572 3105 ut
1601 3042 1789 3105 Siculi
1818 3046 1880 3105 in
1908 3054 2188 3108 senatum

214 3129 705 3192 introducantur.
746 3128 1063 3201 ‚dilectum
1107 3143 1304 3203 prope
1344 3143 1384 3187 a
1408 3126 1490 3187 M.
1523 3126 1801 3189 Cornelio
1847 3145 1959 3205 per
1997 3137 2186 3191 totam

216 3212 493 3275 Siciliam
521 3210 809 3287 habitum,
839 3219 909 3272 ut
938 3227 1118 3286 quam
1149 3210 1392 3286 plurImi
1422 3218 1704 3287 questum
1734 3212 1813 3271 de
1835 3227 1907 3273 se
1927 3214 2182 3273 Romam

216 3297 536 3367 venirent;
576 3296 841 3357 eundem
870 3294 1081 3356 litteris
1114 3294 1286 3353 falsis
1313 3295 1526 3354 urbem
1555 3294 1849 3369 implesse
1871 3296 2098 3357 bellum
2121 3297 2182 3357 in

218 3380 437 3441 Sicilia
464 3395 626 3451 csse,
657 3386 725 3441 ut
751 3394 927 3441 suam
954 3378 1195 3439 laudem
1225 3375 1472 3437 minuat.
1516 3378 1814 3437 moderati
1841 3380 2024 3441 animi
2050 3382 2182 3457 glo-

216 3462 374 3524 riam
420 3479 497 3521 eo
540 3464 641 3524 die
680 3462 943 3540 adeptus
988 3461 1205 3522 consul
1244 3466 1522 3520 senatum
1563 3460 1817 3604 dimgsiu
1870 3479 1943 3524 ac
1982 3479 2180 3541 prope
