2550 3959
551 257 776 318 mBER
803 258 1018 319 xxlv.
1063 257 1230 317 cAP.
1259 266 1349 321 ss.
1376 266 1466 321 39.
1512 265 1585 333 [ι.
1618 266 1684 318 c.
1712 266 1841 335 ιη]
2096 227 2187 325 ω’

215 408 480 488 recepit,
529 415 834 471 convocat
859 424 1042 479 suos3
1090 404 1312 483 quibus
1353 408 1583 483 „credo
1614 422 1729 485 ego
1758 426 1875 471 vos
1905 411 2177 485 audisse,

215 494 500 569 miiitcs,“
539 493 738 567 inquit
777 506 1003 567 „quem
1043 492 1124 553 ad
1150 492 1402 553 modum
1442 493 1755 568 praesidia
1782 495 2059 557 Romana
2098 496 2177 557 ab

217 576 439 655 Siculis
483 576 902 638 eimumventa
939 583 1004 636 et
1041 590 1349 653 oppressa
1388 576 1511 636 sint
1536 592 1649 653 per
1676 576 1793 637 hos
1829 577 1984 639 dies.
2042 595 2177 639 eam

217 678 330 722 vos
357 660 640 721 fraudem
661 661 843 725 deum
866 660 1063 737 primo
1093 660 1481 735 benignitate,
1514 660 1655 721 dein
1684 668 1888 722 vestm
1914 661 2035 739 ipsi
2058 663 2177 722 vir-

217 752 338 807 tute
379 745 520 806 dies
562 750 900 821 noctesque
943 740 1281 820 perstando
1316 758 1391 804 ac
1431 744 1857 821 pervigilando
1886 746 1945 806 in
1990 747 2177 807 armis

215 828 476 890 vitastis.
536 828 767 889 utinam
806 828 1106 903 reliquum
1148 835 1391 904 tempus
1432 842 1549 889 nee
1588 830 1881 906 patiendo
1924 830 2203 913 infanda‘

216 928 326 973 nec
355 912 646 973 faciendo
675 912 912 973 traduci
942 919 1182 989 posset!
1229 912 1387 973 haec
1417 914 1657 973 occulta
1694 914 1755 973 in
1788 914 2005 975 fraude
2033 930 2175 975 cau·

215 998 294 1057 tio
321 1004 443 1072 est,
471 1012 598 1071 qna
625 997 720 1056 usi
752 995 954 1061 adhuc
981 1012 1226 1057 sumum
1271 996 1368 1055 cui
1400 998 1686 1072 quoniam
1716 1014 1931 1073 parum
1962 1014 2175 1059 succe·

218 1082 320 1155 dit,
353 1088 570 1157 aperte
600 1096 676 1141 ac
699 1080 1018 1157 propalam
1035 1082 1248 1147 claves
1273 1088 1585 1156 portarum
1605 1090 1970 1157 reposcunt3
2018 1099 2179 1157 quas

215 1165 395 1225 simul
441 1164 904 1239 tradiderimus,
973 1163 1559 1239 Carthaginiensium
1610 1166 1917 1243 extempio
1960 1166 2175 1227 Henna

216 1250 344 1320 erit,
391 1248 766 1324 foediusque
793 1246 894 1307 hie
919 1248 1355 1313 trucidabimur
1385 1264 1566 1325 quam
1594 1244 1970 1323 Murgantiae
1999 1265 2175 1324 prae·

215 1332 442 1393 sidium
472 1333 852 1397 interiectum
877 1339 994 1391 cst.
1037 1339 1281 1392 noctem
1303 1348 1486 1393 unam
1510 1348 1695 1408 aegre
1722 1333 1803 1392 ad
1826 1334 2161 1394 consultan-

213 1418 358 1477 dum
387 1416 646 1491 sumpsi,
679 1432 800 1490 qua
831 1432 944 1475 vos
973 1417 1266 1481 certiores
1297 1416 1549 1491 periculi
1576 1416 1858 1477 instantis
1890 1418 2175 1477 facerem.

214 1508 348 1561 orta
395 1500 536 1561 luce
585 1501 930 1561 contionem
970 1500 1228 1561 habituri
1271 1508 1415 1561 sunt
1454 1501 1535 1560 ad
1588 1501 2026 1562 criminandum
2077 1516 2178 1560 me

215 1584 770 1660 concitandumque
799 1584 859 1643 in
893 1601 1005 1645 vos
1035 1586 1349 1660 populum.
1412 1585 1619 1661 itaque
1650 1586 1914 1646 crastino
1946 1586 2045 1645 die
2074 1590 2179 1644 aut

214 1674 424 1729 vestro
451 1675 560 1728 aut
585 1668 1000 1731 Hennensium
1029 1668 1331 1744 sanguine
1356 1669 1574 1729 Henna
1610 1669 2019 1731 inundabitur.
2061 1684 2175 1727 nec

214 1751 654 1827 praeoccupati
692 1766 870 1827 spem
911 1753 1094 1812 utiam
1134 1767 1247 1817 nec
1288 1759 1665 1827 occupantes
1708 1753 1960 1827 periculi
2004 1754 2171 1825 quic·

211 1854 398 1911 quam
421 1834 749 1898 habebitis.
815 1836 920 1913 qui
949 1836 1117 1911 prior
1143 1835 1454 1895 strinxerit
1480 1836 1722 1907 sermm,
1757 1836 1889 1901 eius
1918 1836 2170 1895 victoria

153 1964 159 1967 -
215 1920 348 1981 erit.
413 1918 626 1982 intenti
651 1934 800 1995 engo
832 1936 1046 1981 omnes
1077 1920 1413 1995 armatique
1444 1919 1681 1996 signum
1713 1920 2169 1996 exspectabitis.

209 2020 328 2079 ego
373 2005 438 2064 in
479 2004 766 2071 contione
805 2018 912 2063 ero
955 2010 1016 2063 et
1055 2011 1325 2080 tempus,
1390 2005 1595 2079 quoad
1632 2004 1839 2065 omnia
1879 2004 2169 2065 instructa

211 2089 366 2162 sint,
411 2088 724 2163 loquendo
768 2089 1244 2163 altercandoque
1270 2088 1528 2155 traham.
1592 2104 1729 2149 cum
1757 2096 1902 2163 toga
1930 2088 2171 2163 signum

211 2172 478 2246 dedere,
520 2179 646 2232 tum
673 2170 820 2232 mihi
861 2171 1132 2247 undique
1161 2173 1430 2232 clamore
1460 2172 1700 2234 sublato
1731 2172 1966 2233 turbam
2003 2172 2172 2230 inva-

211 2257 334 2317 dite
365 2272 444 2316 ac
469 2257 718 2317 sternite
739 2254 951 2315 omnia
981 2257 1160 2329 terro,
1193 2264 1256 2317 et
1283 2263 1497 2317 cavete
1528 2256 1853 2332 quicquam
1884 2256 2171 2331 supersit,

211 2340 387 2403 cuius
417 2346 525 2401 aut
549 2339 646 2399 vis
675 2336 972 2400 aut'i'raus
999 2340 1195 2401 timeri
1224 2335 1443 2416 possit.
1497 2356 1632 2416 vos,
1666 2339 1849 2400 Ceres
1880 2347 2071 2400 mater
2098 2354 2171 2403 ac

213 2424 596 2499 Proserpina,
642 2438 879 2499 precor,
928 2424 1111 2485 ceteri
1138 2424 1351 2499 superi
1380 2424 1722 2499 infernique
1752 2423 1833 2497 di,
1882 2424 1984 2499 qui
2014 2423 2175 2481 hanc

211 2507 427 2568 urbem
467 2508 584 2568 hos
627 2506 906 2569 sacratos
947 2509 1122 2575 lacus
1163 2508 1463 2582 lucosque
1504 2508 1733 2581 colitis,
1777 2513 1845 2565 ut
1880 2507 1967 2566 ita
1995 2505 2175 2565 nobis

213 2592 492 2654 volentes
519 2588 766 2667 propitii
793 2590 1030 2667 adsitis,
1061 2592 1117 2652 si
1143 2590 1433 2652 vitandae
1460 2604 1585 2653 non
1612 2590 1905 2650 ferendae
1926 2588 2175 2668 *fraudis

212 2690 406 2738 causa
434 2675 556 2737 hoc
586 2676 826 2736 consilii
867 2678 1165 2752 capimus.
1229 2674 1510 2751 pan-ibus
1538 2690 1689 2749 voS,
1735 2673 1986 2749 militeS,
2030 2673 2179 2733 hor-

213 2766 391 2834 tarer,
435 2759 658 2819 sicum
687 2760 932 2820 armatis
963 2758 1268 2825 dimicatio
1300 2758 1501 2821 fumi-a
1530 2766 1727 2819 esset=
1769 2758 2050 2830 inermes,
2082 2758 2175 2816 in-

211 2850 430 2903 cautos
467 2844 553 2903 ad
594 2844 931 2904 sutietatem
967 2842 1377 2915 trucidabitisg
1447 2849 1507 2904 ct
1554 2841 1827 2905 consulis
1868 2849 2071 2903 castra
2112 2842 2171 2902 in

211 2928 562 3003 propinquo
586 2935 749 3002 sunt,
779 2944 856 2987 ne
879 2928 1027 3003 quid
1048 2928 1126 2988 ab
1138 2926 1479 2990 Himilcone
1499 2934 1563 2989 et
1574 2925 2175 3003 Carulaginiensibus

213 3011 408 3076 timeri
437 3014 700 3087 possit-2
755 3010 1018 3072 xxxix.
1047 3011 1144 3071 Ab
1171 3012 1291 3074 hae
1319 3011 1745 3073 adhortatione
1772 3011 2007 3073 dimissi
2038 3026 2218 3073 cora.
2257 3073 2265 3079 .

211 3110 370 3169 pora
395 3103 630 3156 curant.
696 3102 948 3172 postero
977 3096 1079 3157 dic
1107 3095 1210 3158 alii
1235 3094 1373 3157 aiiis
1402 3096 1557 3157 locis
1588 3098 1668 3159 ad
1708 3095 2055 3158 obsidenda
2081 3093 2177 3153 iti-

209 3194 364 3245 nera
403 3180 912 3255 claudendosque
953 3180 1224 3255 oppositi
1267 3188 1412 3241 sunt
1451 3180 1685 3250 exitum
1732 3195 1878 3254 pars
1908 3176 2175 3237 maxima

213 3277 406 3338 super
430 3262 730 3325 theatrum
761 3264 1073 3339 circaque,
1117 3265 1358 3325 adsueti
1388 3271 1448 3324 et
1474 3272 1613 3325 ante
1644 3261 1996 3338 spectaculo
2026 3275 2173 3321 con-

209 3346 478 3421 tionum,
521 3348 882 3409 consistunt.
950 3347 1287 3423 productus
1314 3348 1393 3407 ad
1424 3349 1718 3423 populum
1746 3362 1785 3405 a
1814 3342 2171 3420 magistrati·

213 3429 330 3490 bns
371 3431 724 3505 praefectus
772 3432 1084 3493 Romanus
1126 3446 1263 3491 cum
1309 3430 1582 3497 consutis
1624 3431 1703 3491 de
1738 3444 1819 3489 ca
1855 3443 1923 3492 re
1961 3428 2061 3488 ius
2101 3438 2177 3486 ac

213 3520 580 3590 potestatem
620 3530 796 3590 csse,
842 3530 963 3577 non
993 3531 1168 3577 suam
1197 3524 1260 3577 et
1286 3516 1583 3591 pleraque
1608 3513 1833 3574 cadem
1864 3526 2025 3587 quae
2051 3508 2176 3587 pri-
